3514 5391
916 526 1024 586 510
1564 518 1724 582 resta
1759 524 1967 585 mobilia
2003 535 2123 601 post
2156 524 2516 588 Pentecosten.

917 728 1319 797 nihilominus
1376 734 1739 794 remanente
1802 728 2084 812 ejusdem
2128 727 2274 794 festi
2330 729 2938 806 commemoratione,
2992 746 3128 813 quae

916 825 988 890 fit
1030 827 1127 890 in
1142 826 1297 891 feria
1341 822 1451 892 VL
1500 832 1645 910 post
1688 825 2088 891 Dominicam
2138 825 2475 891 Passionis.
2543 825 2668 890 Die
2720 826 2824 891 18.
2873 824 3115 909 Septem·

918 924 1047 988 bris
1106 924 1337 990 1814.“

1095 1056 1426 1144 ἆιῃιιηίιιηι
1473 1068 1745 1142 quatuor
1795 1069 2138 1143 temporum
2183 1058 2490 1124 autumni.

1095 1163 1265 1244 Quae
1325 1164 1403 1229 de
1455 1164 1692 1248 jejunio
1766 1169 2031 1249 quatuor
2088 1170 2444 1249 temporum
2507 1185 2622 1230 nos
2682 1185 2823 1230 esse
2884 1165 3119 1229 dicturos

916 1261 1170 1345 polliciti
1219 1280 1433 1327 sumus
1483 1283 1537 1346 p.
1575 1263 1719 1341 121,
1769 1265 2079 1347 praesenti
2108 1263 2245 1328 loco
2277 1270 2593 1329 reservata
2621 1262 2942 1341 voluimus,
2984 1260 3117 1345 quod

917 1361 1312 1443 conceptivae
1359 1358 1545 1442 hujus
1592 1362 1913 1427 semestris
1960 1362 2382 1428 solemnitates
2430 1380 2796 1428 numerosae
2843 1381 2956 1427 non
3000 1359 3116 1433 sini,

917 1476 1031 1521 nec
1091 1474 1249 1541 quae
1302 1457 1370 1525 ,in
1425 1458 1793 1527 Kalendario
1842 1460 2166 1545 signantur
2181 1508 2199 1542 ‚
2265 1458 2518 1546 longam
2576 1460 3124 1545 commentationem*

917 1558 1252 1640 requirant.
1348 1556 1454 1621 De
1502 1561 1871 1642 argumento
1919 1558 2099 1642 plura
2138 1559 2268 1642 jam
2318 1559 2683 1643 scripsimus
2731 1558 2898 1635 alias,
2957 1574 3116 1641 quum

917 1656 1275 1738 computum
1340 1655 1837 1720 ecclesiasticum
1897 1656 2438 1722 exercitationibus
2495 1657 2865 1733 academicis
2912 1672 3120 1720 accom-

918 1753 1423 1837 modaremus¹);
1472 1754 1637 1817 unde
1685 1754 1924 1837 potiora
1971 1753 2074 1818 hic
2122 1754 2446 1839 repetiisse
2494 1752 2821 1820 suffecerit.

1648 1885 2005 1969 Quatuor
2049 1893 2432 1972 tempora.

1102 1994 1413 2081 Tempora
1461 1997 1619 2058 anni
1663 2006 1938 2083 quatuor
1984 2005 2151 2077 sunt,
2197 1995 2398 2079 inquit
2443 2016 2494 2067 8.
2543 1994 2831 2061 Isidor.
2881 1987 3117 2079 Etymol.

917 2091 954 2156 l.
1002 2096 1067 2173 5,
1117 2117 1167 2160 c.
1216 2095 1341 2158 35.-
1413 2093 1553 2173 Ver,
1603 2104 1837 2171 aestas,
1887 2106 2224 2159 autumnus
2272 2099 2334 2158 et
2379 2095 2591 2161 hiems.
2688 2093 2865 2158 Haec
2909 2103 2964 2155 et
3005 2112 3120 2154 cur·

915 2189 1120 2254 ricula
1168 2189 1483 2270 dicuntur,
1529 2193 1681 2277 quia
1726 2213 1856 2256 non
1903 2202 2076 2256 stant
2121 2191 2234 2256 sed
2278 2203 2540 2257 currunt
2561 2192 2631 2277 ²).

1094 2294 1286 2363 Totus
1333 2297 1477 2363 olim
1529 2318 1726 2363 annus
1773 2299 1836 2363 in
1888 2309 2188 2363 aestatem
2235 2304 2476 2364 tantum
2525 2305 2587 2365 et
2632 2300 2887 2363 hiemem
2907 2295 3119 2363 divide-

918 2396 1117 2467 batur.
1166 2402 1325 2461 teste
1374 2395 1727 2479 Ulpiano
1776 2397 1837 2461 in
1886 2394 1927 2463 l.
1978 2393 2100 2461 Ait
2140 2397 2423 2462 Pr.aetor
2473 2401 2532 2463 1.
2559 2395 2635 2483 ff.
2686 2397 2788 2463 de
2808 2420 2969 2484 aqua
2998 2415 3122 2480 quo·

918 2494 1173 2558 tidiana
1221 2505 1279 2558 et
1325 2496 1570 2559 aestiva
1616 2495 1891 2580 (XLIII,
1939 2496 2079 2579 20).
2161 2494 2388 2560 Postea
2434 2514 2578 2561 vero
2609 2516 2768 2562 anno
2798 2497 2858 2561 in
2892 2499 3125 2579 quatuor

918 2595 1125 2675 partes
1173 2593 1387 2670 divis0‚
1438 2594 1521 2657 ita
1569 2593 1897 2659 distinctae
1945 2593 2222 2679 singulae
2270 2599 2432 2673 sunt,
2481 2601 2551 2659 ut
2597 2594 2750 2663 8018
2776 2592 3123 2680 ingrediente

916 2691 1195 2757 Arietem
1229 2692 1484 2776 incipiat
1514 2714 1654 2772 vcr‚·
1700 2693 1762 2757 in
1792 2690 2029 2758 Cancro
2063 2714 2205 2759 vero
2233 2704 2462 2772 aestas,
2496 2694 2558 2759 in
2585 2692 2778 2762 Libra
2804 2704 3123 2766 autumnus,

919 2790 979 2853 in
1029 2787 1406 2874 Capricorno
1454 2791 1645 2854 hiems
1693 2792 2067 2875 principium
2117 2797 2340 2857 sumat.

1093 2893 1179 2952 Et
1197 2894 1468 2967 quoniam
1488 2897 1804 2956 versibus
1777 2911 2029 2969 ¹juvenes
2051 2897 2346 2971 impendio
2364 2898 2658 2957 delectari
2684 2899 2892 2970 solent,
2919 2888 3124 2954 etiamsi

916 2991 1028 3032 non
1067 2975 1323 3048 optimiS,
1362 2976 1513 3050 quod
1550 2975 1793 3036 facilius
1834 2978 2154 3037 memoriae
2192 2978 2582 3045 mandentur,
2633 2995 2742 3037 nos
2777 2979 2872 3036 hic
2907 2979 3127 3064 quatuor

918 3055 1056 3112 anni
1090 3060 1363 3129 tempora
1402 3057 1691 3115 versibus.
1710 3058 1848 3115 olim
1890 3058 2316 3131 comprehensa
2354 3059 2608 3118 subdere
2647 3077 2760 3118 non
2800 3057 2994 3134 piguit
3040 3049 3125 3110 8ῑο

918 3151 1058 3206 ergo
1096 3141 1335 3194 veteres
1376 3154 1448 3196 ea
1487 3138 1962 3212 descripserunt:
2116 3162 2120 3167 ·

1168 3215 1307 3271 Sunt
1344 3218 1531 3284 Ari,es
1575 3219 1809 3286 Taurica,
1850 3220 2066 3276 Gemini
2097 3220 2198 3275 tibi
2231 3221 2422 3275 sidera
2462 3221 2688 3288 Veris;

1169 3299 1214 3351 A
1229 3315 1256 3352 8
1270 3303 1375 3353 sta
1395 3304 1460 3353 te
1475 3316 1525 3353 m
1567 3300 1796 3368 Cancer,
1833 3301 1948 3355 Leo
1984 3304 2120 3355 trax
2155 3318 2273 3356 cum
2329 3302 2546 3372 Viryine
2581 3303 2860 3373 complent,

1166 3377 1427 3449 Scorpius
1463 3381 1509 3434 A
1524 3398 1555 3434 u
1574 3386 1598 3434 t
1612 3397 1643 3435 u
1658 3398 1754 3435 mn
1769 3398 1894 3450 um,
1934 3382 2137 3453 duplici
2171 3399 2288 3437 cum
2324 3384 2482 3456 lance
2517 3383 2758 3453 Saqitta,

1164 3457 1310 3513 Hinc
1344 3461 1377 3514 h
1392 3461 1407 3514 i
1425 3477 1453 3515 e
1468 3477 1518 3514 m
1533 3477 1623 3515 em
1662 3462 1875 3528 PssceS,
1916 3463 2304 3533 Capricornus,
2342 3464 2626 3533 Aquarius
2662 3464 2885 3522 addunt.

1094 3546 1516 3607 Ecclesiastici
1565 3550 1889 3624 scriptores
1944 3558 2142 3611 autem
2179 3551 2478 3625 principia
2535 3560 2789 3626 quatuor
2834 3557 3126 3622 temporum

922 3626 1064 3683 anni
1102 3626 1191 3684 ita
1230 3627 1649 3689 declararunt·

1166 3708 1387 3763 Festum
1429 3711 1720 3766 Clementis
1733 3710 1780 3782 ⁸)
1819 3712 1897 3766 Hi
1916 3715 2078 3768 emis
2115 3718 2275 3784 caput
2311 3718 2396 3768 est
2430 3715 2701 3772 orientis:

1166 3789 1321 3843 Cedit
1356 3790 1430 3846 Hi
1447 3807 1475 3845 e
1492 3809 1540 3845 m
1555 3809 1580 3846 s
1617 3796 1772 3848 retro
1809 3794 2128 3849 cathedrato
2166 3795 2386 3849 Simone
2423 3796 2596 3849 Petro
2611 3795 2688 3866 ⁴);

1167 3868 1214 3922 V
1229 3886 1257 3924 e
1272 3886 1299 3923 r
1326 3873 1499 3941 [τιμαί
1544 3873 1798 3928 Urbanus
1813 3873 1878 3945 ι5),
1917 3876 1963 3928 A
1978 3891 2006 3928 e
2022 3891 2047 3928 8
2062 3881 2086 3929 t
2099 3892 2131 3929 a
2146 3880 2208 3930 te
2221 3892 2269 3929 m
2307 3875 2745 3946 Symphorianas
2762 3875 2840 3947 ⁰);

1164 3949 1234 4003 Id
1268 3951 1369 4005 tibi
1403 3953 1547 4021 qaod
1581 3957 1777 4020 restat,
1815 3955 1860 4014 Α
1876 3970 1907 4008 u
1923 3957 2126 4010 tumui
2165 3960 2412 4027 tempora
2441 3960 2717 4026 praestat.

1104 4078 1142 4140 ¹)
1182 4076 1270 4130 De
1310 4078 1564 4147 Computa
1600 4079 1723 4134 eccl.
1763 4087 1807 4134 c.
1846 4081 1898 4135 3.

1094 4154 1139 4223 ⁹)
1179 4158 1325 4226 Apud
1367 4159 1554 4228 Migne,
1594 4160 1738 4215 Patr.
1775 4162 1811 4215 l.
1850 4165 1890 4216 t.
1929 4163 2014 4226 82,
2057 4179 2105 4233 p.
2143 4163 2266 4218 220.

994 4277 1001 4284 .
1094 4234 1137 4303 ⁸)
1177 4237 1400 4294 Festum
1444 4239 1736 4295 Clementis
1773 4241 1821 4295 I.
1859 4242 1998 4313 Pap.
2037 4247 2092 4298 et
2125 4244 2296 4298 Mart.
2335 4245 2423 4300 23.
2461 4243 2790 4300 Novembris.

1082 4317 1140 4384 -⁴)
1184 4317 1460 4373 Gathedra
1497 4338 1542 4374 8.
1581 4321 1747 4376 Petri
1781 4323 2104 4378 Antiochiae
2141 4325 2226 4379 22.
2265 4324 2552 4381 Februarii.

1093 4395 1137 4461 ⁸)
1188 4396 1443 4454 Urbanus
1481 4400 1525 4454 I.
1568 4402 1704 4472 Pap.
1744 4406 1800 4456 et
1835 4404 2003 4458 Mart.
2041 4405 2127 4459 25.
2166 4404 2306 4474 Maji.

1095 4475 1141 4544 ⁶)
1184 4479 1621 4548 symphorianus
1662 4483 1832 4549 Mart,
1870 4485 1955 4539 22.
1995 4485 2233 4554 Augusti.
