3514 5391
791 496 896 551 236
1438 495 1596 549 Festa
1633 495 1838 550 mobilia
1876 496 1928 550 in
1965 494 2389 564 Quadragesima.

2933 607 3036 614 -———

966 779 1362 847 Ἀκολουῧία
1425 788 1553 847 τῶν
1605 778 1801 865 ἁγίων
1864 781 1969 846 καὶ
2023 781 2446 869 σωτηριωὸῶν
2514 782 2619 867 (al.
2682 779 3033 867 ἀχραντών)

793 885 1034 963 παθῶν
1078 887 1194 946 τοῦ
1244 877 1485 967 Κυρίου
1536 879 1706 967 ἡμῶν
1754 880 1957 968 Ἰησοῖ
2010 886 2316 966 Χριστοῦ.

969 1009 1170 1076 Slav.
1224 1008 1705 1098 Poaledovamje
1754 1010 2033 1098 svjatych
2079 1010 2105 1070 i
2136 1007 2556 1094 spaaitelnych
2586 1011 2847 1096 strastej
2878 1004 3027 1070 Goa-

788 1106 965 1194 poda
1023 1119 1253 1194 naseqo
1304 1107 1483 1172 Ιειιεα
1541 1105 1826 1188 Cha-istm
1872 1106 2182 1172 ‘rumen
2262 1105 2643 1171 Orenduel'a
2702 1103 3024 1189 sfinteloru

789 1207 849 1269 εἲ
895 1207 1416 1270 maninitoreloru
1452 1206 1692 1292 patimi
1738 1230 1779 1270 α
1829 1205 2178 1270 Domnului
2221 1216 2440 1270 nostru
2477 1207 2655 1284 [mesu
2693 1203 3029 1271 Chri-stoan.

972 1330 1763 1415 Complectitur·praescns
1821 1331 1938 1396 hoc
1988 1332 2264 1396 officium
2315 1333 2468 1396 duas
2516 1331 2839 1396 distinctas
2887 1328 3030 1394 ἀκο-

790 1425 1084 1508 λουθίας,
1151 1429 1405 1495 alteram
1452 1418 1563 1514 τῆς
1609 1423 1960 1512 ἀγρυπνίας
2018 1433 2147 1492 τῶν
2193 1423 2389 1512 ἁγίων
2432 1432 2710 1508 παθῶν,
2778 1431 3027 1496 alteram

790 1532 917 1591 τῶν
961 1526 1140 1612 (ὁρῶν
1193 1532 1304 1615 τῆς
1350 1522 1532 1609 ἁγίας
1577 1524 1685 1590 καὶ
1730 1525 2004 1614 μεγάλης
2046 1533 2471 1615 παρασκευῆς,
2536 1549 2694 1613 quae
2741 1529 2805 1593 in
2854 1529 3032 1594 variis

790 1627 1162 1691 editionibus
1210 1630 1376 1693 varie
1423 1628 1799 1706 inscribitur,
1860 1622 2096 1692 scilicet
2142 1628 2205 1692 in
2255 1627 2492 1693 Veneta
2539 1627 2816 1714 vulgata:
2884 1625 3031 1690 οἷκο-

790 1719 1031 1788 λουθία
1075 1728 1204 1787 τῶν
1249 1722 1428 1810 ιῦριῦν
1472 1730 1583 1812 τῆς
1630 1721 1813 1808 ἁγίας
1860 1724 1964 1788 καὶ
2011 1723 2283 1813 μεγάλης
2327 1731 2751 1812 παρασκευῆς,
2800 1726 2862 1790 in
2913 1728 3031 1791 Bo-

791 1819 1105 1889 noniensi:
1171 1818 1419 1912 εἴδησις
1477 1829 1606 1887 τῶν
1651 1822 1832 1912 ιῦριῦν
1889 1828 2000 1910 τῆς
2047 1823 2144 1905 ἀγ.
2194 1822 2363 1900 κτλ.,
2432 1825 2492 1890 in
2551 1846 2712 1890 nova
2759 1825 3034 1890 Romana

790 1923 1076 1988 tandem:
1123 1921 1309 2004 ’τάξις
1340 1920 1477 1987 ’καῖ
1510 1917 1873 1987 ἀκολουθία
1918 1926 2047 1986 τῶν
2092 1920 2273 2007 ιῦριῦν
2319 1926 2428 2009 τῆς
2475 1920 2571 2005 dy.
2622 1922 2753 1986 κτλ.

965 2078 1318 2169 Ἀγρυπνία
1363 2088 1491 2150 τῶν
1538 2078 1732 2165 ἁγίων
1779 2087 2040 2147 παθῶν.

982 2207 1222 2296 Viyilia
1267 2200 1595 2275 sacrarum
1632 2213 2029 2297 passionum,
2093 2230 2251 2294 quae
2299 2209 2568 2274 occurrit
2613 2213 2798 2274 nocte
2843 2209 3032 2275 inter-

793 2308 1050 2372 cedente
1112 2310 1273 2374 inter
1329 2309 1549 2374 feriam
1598 2308 1674 2373 V.
1737 2309 1801 2373 in
1851 2306 2059 2373 Coena
2107 2308 2354 2373 Domini
2424 2311 2487 2372 et
2533 2306 2754 2372 feriam
2805 2307 2909 2375 VI.
2972 2309 3032 2372 in

792 2404 1154 2484 parasceve,
1218 2407 1494 2474 solemne
1541 2407 1768 2472 festum
1818 2413 1915 2471 est
1963 2407 2238 2484 GraeciS‚
2302 2406 2446 2481 ταῖς
2492 2399 2747 2489 ἑορταῖς
2792 2403 3032 2470 δεσπο-

758 2507 1001 2580 τικαῖς
1063 2511 1560 2572 annumeratum.
1672 2503 1863 2568 Κατὰ
1926 2502 2040 2567 τὸν
2102 2501 2485 2586 τεταγμένον
2547 2501 2803 2588 καιρόν,
2872 2506 3034 2570 circa

792 2605 1132 2668 secundam
1184 2604 1475 2669 nimirum
1526 2603 1622 2668 vel
1671 2604 1914 2668 tertiam
1966 2623 2002 2667 a
2031 2604 2300 2667 serotino
2332 2602 2695 2686 crepusculo
2725 2602 2939 2668 horam
2973 2604 3031 2669 in

795 2701 1124 2766 ecclesiam
1164 2704 1537 2768 conveniunt
1573 2702 2030 2767 sanctissimam
2067 2701 2297 2767 Christi
2330 2703 2678 2786 passionem
2716 2723 2788 2767 ex
2815 2702 3032 2767 Officio

794 2797 1225 2865 hebdomadae
1287 2802 1553 2866 Sanctae
1611 2800 2104 2866 concelebraturi
2137 2801 2208 2881 ¹).
2322 2800 2583 2865 Omnem
2649 2820 2724 2865 ex
2776 2807 3035 2884 quatuor

791 2897 1127 2984 evangeliis
1176 2899 1479 2982 passionis
1526 2894 1847 2964 historiam
1880 2899 2095 2963 ordine
2125 2898 2482 2981 decerptam
2524 2899 3031 2983 concorditerque

791 3014 1133 3062 connexam
1192 2997 1518 3061 duodecim
1583 2997 1864 3080 partibus
1928 2995 2483 3080 comprehendunt,
2552 3002 2621 3060 ut
2665 2995 2914 3079 planum
2963 2995 3033 3061 fit

791 3112 865 3157 ex
911 3092 1177 3170 Triodio‚
1229 3095 1331 3159 ubi
1379 3092 1459 3156 τὰ
1508 3092 1757 3157 δώδεκα
1801 3090 2151 3175 εὐαγγέλια,
2202 3095 2290 3159 sic
2322 3094 2488 3159 enim
2520 3094 2848 3159 duodecim
2880 3094 3030 3159 haec

788 3188 1086 3274 τμήματα
1132 3200 1373 3267 vocant,
1425 3197 1886 3265 enumerantur,
1951 3194 2241 3276 adjuncto
2291 3192 2726 3277 evangelistae,
2790 3212 2866 3259 ex
2912 3213 3029 3277 quo

791 3290 1108 3373 quodlibet
1166 3290 1565 3375 desumptum
1616 3298 1729 3369 est,
1801 3291 2049 3356 nomine
2097 3291 2489 3375 indicataque
2549 3291 3031 3375 uniuscujusque

791 3383 1507 3475 εροῒίοῃίεάρχιτελείᾳ,
1556 3389 1620 3457 h.
1670 3410 1747 3463 e.‚
1800 3390 2100 3474 principio
2161 3395 2223 3455 et
2268 3390 2392 3455 fine
2416 3389 2490 3473 ²).
2583 3390 2818 3455 Multas
2873 3391 3030 3456 inter

978 3568 1014 3633 ¹)
1055 3566 1490 3633 Quemadmodum
1525 3566 1699 3621 Latini
1737 3566 1973 3621 Officium
2012 3567 2418 3622 ecclesiasticum
2443 3568 2793 3623 hebdomadae
2822 3574 3030 3623 sanctae

790 3666 853 3703 ex
890 3649 1159 3703 Breviario
1210 3654 1265 3703 et
1302 3648 1497 3702 Missali
1536 3648 1817 3718 separatim
1855 3649 2169 3719 exscriptum
2218 3649 2424 3719 proprio
2461 3648 2714 3703 volumine
2753 3650 3030 3719 possident,

789 3722 865 3783 ita
903 3734 957 3782 et
995 3728 1180 3783 Graeci
1218 3728 1475 3797 integram
1511 3726 1854 3781 ἀκολουθίαν
1891 3731 1981 3792 τῆς
2016 3725 2179 3796 ιῖγίας
2226 3730 2316 3779 καὶ
2351 3727 2591 3797 μεγάλης
2627 3728 2933 3799 ἑβδομάδος
2969 3745 3030 3783 ex

790 3810 994 3864 Triodio
1033 3816 1347 3879 excerptam,
1398 3809 1603 3879 proprio
1643 3814 1782 3863 tomo
1820 3825 2064 3864 excusam
2100 3808 2308 3877 habent,
2359 3810 2445 3881 qui
2483 3809 2714 3865 Slavis
2753 3810 3030 3875 Strasnik,

790 3890 1106 3944 Rumenis
1144 3888 1462 3944 Patimariu
1501 3889 1661 3943 audit.

971 3971 1014 4039 ²)
1054 3972 1132 4025 En
1170 3972 1262 4026 tibi
1300 3972 1351 4025 in
1391 3971 1677 4041 exemplum
1714 3971 2071 4041 Evangelium,
2110 3972 2243 4042 quod
2281 3972 2445 4042 primo
2481 3971 2592 4025 loco
2631 3970 2865 4040 ponitur:

1446 4051 1787 4120 Εὐαγγέλιον
1825 4050 1891 4107 ιε’.
1930 4052 2064 4103 :eard
2104 4051 2378 4117 Ἰωάννην.

976 4130 1144 4185 Εἶπεν
1182 4130 1212 4183 ὁ
1255 4130 1460 4201 Κύριος
1510 4136 1623 4191 τοῖς
1659 4131 1858 4185 ἑαυτοῦ
1893 4136 2187 4201 μαθηταῖς·
2243 4136 2347 4185 νῦν
2384 4129 2657 4197 ἐδοξάσθη
2707 4128 2740 4183 ὁ
2779 4132 2899 4190 vids·
2937 4133 3031 4183 τοῦ

790 4210 1107 4282 ἀνθρώπου·

976 4293 1196 4350 Τέλος·
1236 4283 1331 4349 Εἰς
1367 4290 1435 4344 δν
1473 4293 1729 4357 εἰσῆλθεν
1768 4291 1930 4351 αὐτὸς
1965 4294 2054 4343 καὶ
2093 4295 2145 4344 οἱ
2182 4294 2430 4362 μαθηταὶ
2470 4291 2659 4346 αὐτοῦ.

790 4371 1005 4438 Quinam
1042 4389 1167 4427 vero
1204 4388 1263 4426 ac
1302 4389 1400 4442 quo
1438 4373 1612 4428 ordine
1650 4374 1827 4442 legere
1867 4372 2154 4441 Evangelia
2186 4374 2339 4429 cpoli
2377 4374 2626 4440 debeant,
2674 4372 2920 4443 Typicum
2958 4374 3030 4426 ita

789 4453 1143 4515 determinat<
1167 4450 1597 4521 ἀναγινώσκεται
1638 4452 1744 4506 ὑπὸ
1784 4457 1884 4506 τοῦ
1922 4453 2271 4523 πατριάρχου
2311 4453 2370 4506 τό
2408 4453 2535 4525 (a'.)
2575 4458 2733 4507 θεῖον
2769 4457 2859 4505 καὶ
2884 4454 3031 4522 ἱερὸν
