3514 5391
844 491 1089 561 Κυριακή
1126 494 1219 558 τῆς
1254 496 1485 561 τυρινῆς,
1542 492 1813 548 Dominica
1849 493 2329 564 Quinquagesimae.
2638 495 2707 549 55

622 784 1005 845 Dominica
1057 785 1126 845 7.
1176 790 1352 845 ante
1400 786 1683 845 Pascha
1731 788 1808 845 in
1856 788 2034 845 eccl.
2082 741 2548 848 occidentali.

653 918 883 985 Variae
931 925 1067 1009 ejus
1109 919 1597 1012 appellationes,

642 1046 845 1131 Supra
880 1046 1013 1131 jam
1062 1067 1096 1112 e
1136 1048 1277 1131 jure
1324 1067 1500 1113 sacro
1549 1049 1936 1114 enotavimus
1982 1070 2041 1132 p.
2079 1050 2182 1127 14,
2233 1050 2704 1134 appellationem

476 1143 1040 1229 Quinquayeeimae
1085 1144 1237 1209 inde
1282 1147 1553 1224 venisse,
1617 1148 1783 1231 quod
1832 1146 2145 1213 canonicis
2190 1146 2312 1213 illis
2358 1170 2473 1212 sex
2520 1154 2706 1238 septi-

470 1244 687 1326 mania,
738 1265 896 1329 quae
950 1241 1457 1332 Quadrayeelma
1500 1244 1703 1326 habet,
1754 1245 2026 1331 septima
2055 1244 2450 1312 hebdomada
2479 1250 2563 1333 eit
2589 1251 2707 1314 ad-

469 1340 640 1405 dita.-
704 1341 957 1407 nomine
1004 1342 1244 1407 scilicet
1293 1342 1491 1426 juxta·
1518 1344 1783 1409 eandem
1829 1344 2075 1409 dicendi
2139 1344 2470 1419 formulam
2518 1348 2706 1425 facte,

467 1459 584 1523 qua
630 1446 691 1504 et
741 1439 1070 1506 Dominica
1115 1441 1502 1525 subsequens
1549 1462 1800 1526 semper
1836 1442 2004 1507 dicta
2035 1442 2152 1507 fuit
2205 1440 2711 1532 Quadraqesima

468 1544 525 1602 et
568 1537 937 1604 Dominicae
984 1539 1449 1622 praecedenteS,
1499 1540 1715 1608 ordine
1763 1542 2158 1626 retrograde,
2221 1548 2475 1627 propter
2519 1534 2710 1615 no‘vas

466 1637 841 1721 adjectiones
888 1641 1141 1702 vocatae
1189 1643 1333 1702 sunt
1381 1636 1792 1724 Seaeaqesima
1848 1642 1909 1703 et
1957 1636 2451 1725 Septuaqesima.
2545 1642 2710 1709 Hinc

465 1740 650 1820 patet,
701 1735 1015 1819 quomodo
1065 1734 1213 1801 illud
1255 1736 1335 1801 sit
1383 1737 1832 1821 accipiendum,
1883 1737 2049 1821 quod
2076 1731 2147 1803 in'
2174 1737 2404 1805 Ordine
2429 1740 2709 1809 Romano

464 1832 689 1919 legitur
751 1834 831 1898 de
894 1834 1132 1920 origine
1193 1833 1756 1921 Quinquagesimae
1823 1858 1866 1899 a
1927 1858 2184 1899 numero
2245 1839 2711 1924 quinquaqinta

464 1930 708 1997 dierum
750 1931 1118 2019 repetenda,
1180 1933 1290 2018 qui
1335 1932 1675 1998 dacum-unt
1732 1956 1925 2019 usque
1974 1934 2061 1997 ad
2108 1945 2393 2000 sanctam
2440 1937 2705 2002 Paech-a.

639 2056 828 2139 Apud
876 2055 1133 2121 Latinos
1179 2056 1406 2123 dicitur
1451 2061 1667 2122 carnia
1702 2058 2007 2143 privium,
2043 2059 2532 2144 privicamium,
2582 2062 2710 2125 Do-

462 2155 691 2218 minica
739 2165 889 2217 ante
936 2177 1156 2219 carnes
1205 2154 1540 2238 tollendae,
1590 2156 1775 2242 vulgo
1822 2155 2153 2220 carnevale
2182 2156 2248 2242 ¹),
2299 2177 2372 2223 ea
2420 2164 2602 2237 certe,
2634 2161 2711 2226 de

462 2272 666 2331 causa,
716 2254 881 2337 quod
934 2254 1067 2319 dies
1114 2257 1298 2332 esset,
1349 2274 1472 2339 quo
1520 2255 1729 2321 clerici
1777 2255 1926 2321 olim
1973 2253 2271 2319 carnibus
2305 2257 2569 2342 privari
2603 2258 2710 2324 iis-

460 2372 582 2435 que
627 2351 770 2416 vale
817 2352 1027 2418 dicere
1072 2351 1438 2437 inciperent,
1489 2354 1707 2418 eadem
1755 2353 1990 2419 scilicet
2038 2354 2277 2419 ratione
2324 2352 2710 2439 quavDomi-

458 2450 599 2516 nica
643 2452 1032 2535 praecedens
1079 2451 1337 2518 Graecis
1384 2457 1480 2517 est
1526 2450 1791 2538 κυριακὴ
1835 2453 1949 2538 τῆς
1994 2448 2293 2539 ἀπόκρεω
2342 2477 2383 2517 a
2413 2453 2713 2519 tollendis

463 2549 787 2616 carnibus.
883 2549 1247 2633 Antiquitus
1308 2551 1474 2616 enim
1536 2550 1893 2615 sacerdotes
1958 2560 2018 2613 et
2063 2550 2321 2615 diaconi
2378 2561 2438 2615 et
2481 2551 2714 2638 reliqui

459 2671 689 2732 omnee,
738 2670 896 2736 quoe
922 2647 1208 2736 diqnitas
1253 2648 1661 2714 ecclesiastici
1702 2648 1946 2735 gradus
1977 2658 2263 2729 emornat,
2312 2672 2354 2714 a
2393 2645 2711 2737 Quinqua-

454 2749 699 2833 9e3ima
730 2747 1158 2838 jejunabant,
1218 2771 1337 2835 quo
1387 2758 1447 2812 et
1492 2748 1745 2835 aliquid
1792 2748 1880 2813 ad
1922 2770 2186 2835 peneum
2233 2758 2489 2813 sanctae
2536 2750 2713 2838 iaeti-

459 2847 724 2912 tutionis
774 2845 1129 2936 adjicerent
1175 2856 1236 2911 et
1284 2869 1515 2926 eorum,
1563 2848 1673 2934 qui
1716 2848 1789 2911 in
1822 2845 2048 2912 laicali
2092 2846 2315 2912 ordine
2343 2849 2712 2928 consistant,

462 2945 935 3010 observantiam
981 2946 1143 3009 sicut
1189 2945 1343 3024 loco,
1392 2946 1490 3009 ita
1535 2943 1839 3030 reli9ione
1874 2942 2341 3031 praecellerent
2360 2943 2440 3027 ²).

461 3158 720 3230 φάντοριι
759 3160 878 3226 dici,
918 3159 1376 3213 animadvertimus
1411 3166 1551 3213 tomo
1592 3162 1639 3213 1.
1680 3175 1728 3229 p.
1757 3160 1845 3226 48,
1884 3159 2016 3230 quod
2041 3159 2277 3232 nimirum
2315 3158 2438 3227 ejus
2460 3157 2716 3228 splendor

460 3240 534 3295 ad
573 3241 776 3296 coelum
815 3240 1302 3310 usquepertinyat.
1367 3240 1739 3310 Cognationem
1766 3255 1880 3293 cum
1906 3238 1993 3294 illo
2023 3238 2176 3293 titulo
2201 3238 2359 3293 habet
2383 3235 2715 3306 ἐπωνύμιον,

459 3321 593 3392 quod
626 3322 715 3376 hic
753 3321 996 3376 occurrit.
1058 3319 1264 3389 Duplici
1302 3336 1454 3374 sensu
1492 3320 1678 3391 quippe
1717 3338 1760 3374 s·
1787 3319 2011 3374 Basilius
2042 3317 2382 3387 Θεοφάντωρ
2408 3317 2715 3387 appellatur,

460 3402 634 3456 activo
684 3416 749 3455 ac
786 3401 1026 3470 passivo3
1080 3400 1167 3454 illo
1204 3400 1424 3470 quidem,
1483 3401 1604 3471 quia
1641 3416 1734 3454 ceu
1772 3416 1926 3453 verus
1963 3399 2268 3468 theologuS,
2319 3398 2381 3452 de
2419 3399 2606 3452 divinis
2643 3399 2716 3453 lo-

460 3482 647 3553 quendi
686 3482 906 3551 perituS,
961 3480 1126 3534 Deum
1164 3497 1226 3535 ac
1262 3497 1348 3535 res
1386 3481 1585 3535 divinas
1620 3480 1946 3551 manifestat
1991 3478 2086 3549 (τιὶ
2129 3483 2256 3531 θεῖα
2292 3478 2571 3547 φαίνων),·
2623 3480 2717 3533 hoc

459 3578 603 3628 vero,
642 3561 767 3631 quia
804 3562 944 3615 inter
978 3561 1093 3615 illos
1130 3559 1368 3616 doctores
1406 3562 1613 3628 eminet,
1652 3561 1737 3631 qui
1776 3561 1840 3615 ab
1880 3561 1990 3629 ipso
2015 3558 2126 3613 Deo
2162 3558 2512 3630 manifieetati
2544 3575 2606 3614 ac
2632 3559 2716 3613 de-

463 3643 650 3698 clarati
692 3646 816 3696 sunt
853 3641 1083 3711 theologi
1121 3639 1259 3711 (ὑπὸ
1297 3644 1435 3694 θεοῦ
1473 3643 1887 3711 πεφημισμένοι
1929 3636 2231 3708 θεολόγοι).

646 3722 690 3790 ¹)
730 3721 998 3792 Plerisque
1049 3722 1358 3791 etymologis
1414 3722 1529 3776 inde
1581 3726 1752 3776 ortum
1801 3721 2007 3775 videtur
2055 3719 2359 3774 vocabulum
2412 3721 2718 3786 carnevale,

462 3804 594 3874 quod
633 3802 905 3857 christiani
943 3806 1065 3856 tunc
1102 3803 1263 3857 carni
1296 3803 1414 3858 vale
1451 3802 1699 3857 dicerent.
1754 3801 1871 3856 Non
1908 3802 2094 3855 desunt
2130 3807 2304 3854 tamen
2341 3801 2426 3870 qui
2463 3800 2598 3854 idem
2622 3801 2721 3856 hoc

465 3890 669 3953 tempus
706 3880 858 3953 quasi
895 3883 1202 3938 carn-ava}
1237 3884 1551 3953 appellatum
1592 3884 1904 3948 existiment,
1953 3881 2086 3952 quod
2123 3896 2253 3935 caro
2292 3880 2458 3934 eadat
2500 3896 2590 3934 seu
2629 3881 2718 3934 ab·

464 3963 665 4018 eredat.
743 3961 876 4016 Aliis
911 3963 1214 4030 nominibu8‚
1254 3980 1286 4017 a
1309 3963 1551 4018 tollendis
1590 3962 1986 4032 deserendis-ique
2014 3961 2252 4015 carnibus
2280 3960 2493 4026 effectiS,
2532 3960 2720 4014 dicitiu-

465 4045 899 4108 carnelevamen,
936 4043 1388 4110 carnelevarium,
1435 4044 1915 4109 carnelaxarium,
1966 4040 2387 4113 quemadmodum
2423 4039 2598 4093 videre
2637 4044 2720 4093 est

467 4124 599 4194 apud
638 4123 735 4178 Du
773 4122 1034 4192 Gange,
1088 4113 1335 4179 Glossar.
1372 4125 1503 4190 lat„
1559 4125 1643 4178 ubi
1691 4124 1849 4177 etiam
1900 4138 2072 4176 rerum
2111 4119 2449 4188 singularium
2487 4119 2718 4173 curiosus

467 4205 632 4259 lector
668 4206 845 4274 plures
893 4219 993 4257 non
1033 4203 1329 4274 injucundas
1367 4203 1716 4258 caeremonias
1754 4209 1987 4271 tempore
2024 4200 2409 4256 bacchanalium
2461 4199 2511 4251 in
2551 4199 2718 4251 dimit-

470 4286 625 4340 tenda
662 4300 821 4339 came
857 4285 1093 4353 usurpari
1133 4285 1315 4338 solitas
1351 4284 1595 4353 reperiet.

647 4364 691 4432 ²)
730 4365 818 4419 Ita
856 4379 903 4417 c.
923 4363 1170 4433 Denique
1205 4365 1256 4420 6.
1295 4363 1431 4418 Dist.
1450 4365 1502 4430 4,
1542 4363 1796 4433 Gregorio
1818 4363 1882 4416 Μ.
1922 4362 2175 4432 quondam
2196 4361 2493 4428 imputatne.
2549 4357 2720 4426 (Apud

472 4444 659 4514 mgna,
696 4445 846 4499 Patr.
886 4444 980 4498 lat.
1015 4448 1054 4497 t.
1093 4446 1177 4511 77,
1215 4460 1264 4515 p.
1305 4445 1487 4512 1351).
