3514 5391
852 526 953 578 406
1267 559 1274 570 .
1560 524 1718 578 Festa
1755 520 1963 578 mobilia
2002 528 2120 593 post
2158 523 2373 578 Pascha.

1039 722 1437 805 vespertinas
1485 720 1605 786 has
1653 741 1872 805 preces
1935 721 2011 785 ad
2059 721 2295 787 luctum
2343 721 2903 805 contritionemque
2959 740 3099 804 spe-

852 827 1021 887 ctare
1058 821 1192 904 jam
1239 820 1541 898 diximus3
1592 817 1667 883 iis
1697 819 1925 903 quippe
1956 824 2241 885 sanctum
2287 821 2365 885 de
2400 819 2589 886 coelis
2622 819 2925 906 Spiritum
2956 839 3096 885 cum

849 919 1122 984 lacrimis
1169 918 1490 996 advocant,
1542 937 1618 983 ex
1663 918 2065 1002 profundiore
2112 918 2463 984 humilitate
2491 920 2803 984 orationes
2832 918 3095 1004 ingemi-

852 1023 1017 1096 nant,
1070 1038 1144 1082 ex
1192 1023 1589 1101 peccatorum
1637 1017 2084 1095 recordatione,
2132 1022 2203 1082 ut
2234 1018 2480 1103 pugnis·
2494 1022 2733 1102 pectuS,
2783 1018 2869 1082 ita
2898 1017 3099 1101 suspi-

852 1118 958 1182 riis
1006 1116 1248 1181 coelum
1307 1116 1496 1181 veluti
1543 1117 1813 1181 tundunt
1874 1137 1946 1182 ac
2005 1137 2281 1203 genuum
2342 1117 2812 1196 inflexionibus,
2875 1115 3100 1202 quibus

849 1217 981 1300 jam
1029 1215 1271 1280 desueti
1319 1221 1513 1292 erant,
1562 1216 1767 1280 denuo
1816 1216 2127 1282 insudant.

1027 1314 1388 1399 Lugubrem
1457 1314 1837 1379 functionem
1891 1315 2056 1380 notis
2104 1305 2372 1379 illustrat
2419 1311 2648 1380 Goarss
2711 1314 2774 1378 in
2821 1312 3098 1389 Euchol„

851 1412 1127 1478 exhibita
1175 1433 1248 1477 ex
1296 1412 1760 1477 Pentecostario
1807 1432 2033 1499 graece
2082 1421 2144 1478 et
2189 1413 2378 1484 latine
2425 1415 2555 1478 tota
2597 1403 3098 1498 genuflexionum

853 1530 1233 1595 precumque
1281 1510 1438 1574 serie
1488 1530 1590 1594 pp.
1639 1509 1769 1575 597
1819 1530 1992 1594 seqq.
2063 1511 2219 1578 Eam
2254 1510 2627 1576 Maltzew
2678 1527 2925 1594 quoque
2954 1529 3095 1594 ger-

854 1611 1092 1674 manice
1119 1615 1181 1673 et
1204 1607 1450 1686 slaviae,
1484 1604 1957 1695 ἅνερμηνεύτως
1979 1614 2208 1687 tamen,
2237 1610 2399 1674 sistit
2425 1610 2540 1674 sub
2562 1608 2769 1673 titulo:
2810 1607 3099 1684 „Abend-

849 1709 1265 1794 gottesdienst
1311 1728 1412 1772 am
1445 1707 2024 1792 Pfingstsonntag“,
2075 1708 2134 1788 in
2163 1707 2597 1785 Nachtwaclze‚
2632 1727 2735 1791 pp.
2771 1706 2902 1772 657
2927 1725 3097 1789 seqq.

851 1807 1008 1872 Illuc
1053 1807 1245 1893 igitur
1291 1805 1468 1890 plura
1517 1807 1676 1872 scire
1719 1811 2011 1871 aventem
2058 1806 2455 1884 remittimus,
2507 1806 2655 1870 dum
2702 1806 2824 1890 ipsi
2873 1805 2949 1870 ad
2986 1803 3102 1868 alia

855 1908 1212 1986 transimus.
1247 1927 1252 1934 ·

915 2064 1196 2150 Λευτὲρα
1240 2062 1371 2152 τῆς
1397 2068 1861 2152 Πεντηκοστῇς·

849 2162 1084 2229 Αὐτοῦ
1114 2168 1232 2227 τοῖ·
1260 2159 1441 2247 ἁγίου
1471 2161 1579 2228 καὶ
1598 2162 1928 2243 ζωοποιοῢ

1192 2261 1589 2345 Πνεύματος.

2132 2065 2346 2129 'Faria
2394 2065 2482 2129 ΙΙ.
2558 2065 2985 2129 Pentecosten

2073 2164 2280 2251 ipsius
2326 2164 2534 2230 sancti
2577 2172 2637 2226 et
2680 2162 3091 2246 vivificantis·

2234 2272 2243 2278 '
2416 2259 2718 2348 Spiritus.

1033 2389 1252 2454 Slav.
1343 2388 1728 2454 Ponedebzilc
1791 2391 2079 2475 svjataqo
2147 2388 2176 2450 ι’
2240 2389 2770 2477 fiivotvorjasdaqo
2841 2385 3101 2462 Dudum

858 2507 1154 2553 rumen.
1202 2488 1372 2551 Luni
1417 2484 1858 2567 Roealialom,
1910 2485 2224 2550 Serbarea
2271 2485 2617 2572 Spiritului
2659 2497 2872 2551 sautu.

974 2594 1161 2660 Festo
1215 2597 1278 2659 in
1329 2599 1592 2678 utraque
1642 2594 1930 2672 editione,

861 2702 1080 2760 veneta
1129 2702 1191 2760 et
1237 2715 1395 2759 nova
1426 2715 1702 2772 romana,
1753 2715 1930 2777 prae-

857 2794 1018 2858 fixus
1037 2797 1132 2857 est
1144 2793 1358 2858 titulus
1378 2816 1391 2857 :
1423 2796 1515 2879 Τῇ
1534 2789 1691 2879 αὐτῇ
1710 2788 1928 2876 ἡμέρᾳ,

857 2887 1121 2976 δευτέρᾳ
1143 2894 1262 2976 τῆς
1286 2890 1751 2977 Πεντηκοστῆς,
1776 2886 1931 2952 αὐτὸ

855 2986 932 3051 τὸ
1009 2986 1332 3071 πανάγιον
1422 2986 1530 3052 καὶ
1605 2986 1932 3067 ζωοποιόν

857 3083 965 3150 καὶ
1011 3083 1510 3169 παντοδύναμον
1550 3080 1931 3172 ἑορτάζομεν

860 3187 1142 3267 Πνεῦμα,
1189 3183 1304 3248 τὸν
1348 3182 1460 3248 ἕνα
1504 3188 1615 3272 τῆς
1655 3181 1931 3269 Τριάδος

864 3281 1064 3362 Θεόν,
1125 3281 1202 3347 τὸ
1250 3280 1562 3366 ὁμότιμον
1618 3281 1727 3346 καὶ
1774 3280 1930 3366 ὁμο-

859 3380 1080 3446 οὗσιον
1124 3380 1233 3446 καὶ
1263 3379 1580 3465 ὁμόδοξον
1605 3385 1698 3466 τῷ
1717 3379 1931 3464 Πατρὶ

859 3479 967 3544 καὶ
1011 3485 1104 3565 τῷ
1160 3474 1315 3564 Ῡῖῷ.

2148 2594 2389 2659 Eodem
2435 2595 2537 2658 die
2565 2591 2755 2680 feria
2800 2593 2886 2658 II.
2954 2592 3102 2655 Pen-

2044 2704 2299 2758 tecostes
2326 2690 2713 2758 ,celebramus
2734 2693 2944 2785 ipsum
2964 2689 3100 2778 Spi-

2039 2792 2234 2857 ritum
2294 2803 2580 2856 sanctum
2597 2842 2613 2875 ‚
2694 2791 3102 2877 vivificantem

2041 2902 2101 2955 et
2125 2893 2624 2977 omnipotentem,
2654 2910 2847 2985 ungam
2864 2891 2934 2953 in
2968 2888 3099 2953 Tri·

2037 2991 2241 3053 nitate
2265 2989 2492 3072 Deum,
2523 2990 2633 3074 qui
2656 2988 2841 3052 Patri
2863 2998 2923 3051 et
2938 2985 3097 3050 Elio

2039 3097 2131 3150 est
2207 3086 2769 3153 consubstantialis
2846 3097 2906 3149 et
2972 3108 3101 3149 cum

2038 3186 2199 3271 ipsis
2246 3185 2433 3250 simul
2477 3186 2823 3249 honoratur
2869 3193 2939 3247 et·
2966 3204 3096 3247 con-

2036 3281 2443 3369 ylorifioatur.

1039 3607 1316 3690 Antiqua
1360 3626 1619 3670 romana
1664 3626 1808 3670 vero
1858 3606 2127 3671 eundem
2174 3606 2342 3671 hune
2389 3606 2554 3671 diem
2590 3605 2931 3672 honoribus
2964 3606 3093 3690 Spi-

862 3707 1016 3770 ritus
1064 3705 1257 3769 saneti
1316 3705 1582 3790 proprie
1631 3725 1769 3769 esse
1835 3704 2109 3769 dicatum
2173 3705 2526 3789 expressius
2584 3706 2938 3771 annuntiat:
3012 3706 3097 3789 Τῇ

863 3800 1020 3889 αὐτῇ
1067 3799 1264 3890 ἡμέρᾳ
1312 3800 1574 3888 δευτέρᾳ
1619 3806 1730 3888 τῆς
1778 3804 2241 3889 ΙΙεντηκοστῆς·
2310 3797 2531 3867 Μνεία
2574 3795 2949 3880 ἶδιαιτότως
2990 3804 3097 3866 τοῦ

863 3894 1183 3982 παναγιόυ
1228 3898 1337 3964 καὶ
1383 3898 1881 3993 παντοᾷυνάμου
1926 3898 2325 3983 Πνεύματος,
2371 3905 2486 3965 τοῦ
2517 3895 2659 3979 ἑνὸς
2688 3906 2798 3988 τῆς
2835 3898 3096 3988 Τριάδος

868 4000 1054 4077 Θεοῦ,
1102 4000 1219 4060 τοῦ
1268 3993 1616 4080 ὁμοουσίου
1662 3997 1770 4063 καὶ
1819 3996 2140 4080 ὁμοδόξου
2184 4004 2279 4084 τῷ
2320 3997 2531 4085 Πατρὶ
2574 3997 2682 4064 καὶ
2729 4004 2823 4086 τῷ
2863 3994 3011 4085 Υἱῷ.

1871 4135 1986 4206 >lvi
2029 4164 2111 4211 οι.

1184 4251 1383 4312 Πᾶσα
1428 4247 1597 4334 πνοὴ
1645 4246 1875 4331 δόξαζε
1920 4164 2185 4333 Πέεῢμα
2235 4244 2496 4336 Κυρίου,

1187 4344 1294 4411 Δι’
1341 4337 1416 4410 οὗ
1460 4351 1761 4435 πονηρῶν
1804 4346 2186 4431 πνευμάτων
2233 4347 2487 4437 φροῦδα
2532 4346 2768 4436 θράση.

1049 4459 1140 4543 Ίξῆ
1186 4451 1598 4542 ἐπιφοιτήσει
1653 4458 1769 4519 τοῦ
1812 4450 2032 4538 Ἁγίου
2080 4458 2478 4541 Πνεῦματος,
2542 4450 2921 4541 πρεσβείαις
2973 4456 3090 4518 τῶν

865 4550 1248 4620 ἀποστόλων
1294 4572 1430 4635 σου,
1479 4551 1725 4639 Χριστὲ
1773 4550 1809 4617 ὁ
1856 4550 2015 4633 θεὸς
2061 4551 2325 4644 ἐλέησον
2369 4553 2547 4643 ἡμᾶς.
2638 4552 2859 4644 Ἀμήν.
