3514 5391
681 552 766 612 A'.
804 557 896 618 τῆς
929 556 1449 623 μεσοπεντηκοστῆς.
1511 553 1631 608 Fer.
1669 554 1757 608 IV.
1796 555 1993 609 mediae
2032 554 2386 610 Pentecoste&

417 752 627 836 Σῶτερ
672 773 801 834 μου
822 802 837 832 ,
899 749 1009 815 καὶ
1057 750 1136 816 σύ
1198 749 1267 816 ἐν
1313 747 1485 836 ‹zi-uf

409 845 636 930 μένεις,
685 846 798 914 καὶ
846 846 1225 936 ἀναστήσεις
1271 846 1486 928 αὐτόν,

409 943 478 1010 ἐν
519 950 598 1034 τῇ
644 945 887 1035 ἐσχάτῃ
930 950 1120 1035 ῥοπῇ.

496 1043 1052 1129 Ἔθαυμάστωσας
1069 1097 1083 1126 ,
1152 1044 1487 1125 Δέσποτα,

406 1142 518 1232 τὴν
551 1142 672 1233 σὴν
701 1138 997 1227 οἶκονομί
1002 1169 1098 1224 αν,
1144 1142 1489 1209 πιστωσά-

406 1249 595 1326 μενος
645 1240 950 1325 θαύμασι
993 1241 1108 1331 τὴν
1156 1238 1350 1308 θείαν
1394 1238 1487 1324 ἐξ·

408 1336 548 1405 ουσί
551 1365 651 1409 αν.
762 1340 895 1418 Τὰς
950 1339 1178 1418 νόσους
1234 1339 1487 1429 ἀπήλα-

407 1460 543 1517 σας·
615 1438 883 1526 νεκροὺς
944 1437 1315 1528 ἀνέστησας
1377 1463 1486 1503 τυ-

406 1536 605 1625 φλοὺς
652 1535 989 1625 ἐφώτισας
1032 1536 1121 1615 ιῦς
1170 1538 1353 1616 Θεός.

516 1634 689 1714 Τοὺς
736 1636 1014 1724 λεπροὺς
1058 1632 1482 1722 ἓκαθάρισας,

402 1734 550 1812 τούς
595 1733 850 1815 χωλοῦς
895 1733 1167 1822 ἀνωρθιί
1173 1755 1288 1800 σω·
1351 1756 1484 1800 πα-

402 1833 718 1919 ραλύτους
764 1832 1211 1923 συνέσφιγξας·
1260 1829 1483 1921 αἳμόῤ-

402 1936 551 2018 ῥουν
598 1931 1026 2019 θεραπεύσας
1043 1984 1059 2012 ,
1134 1930 1487 2013 ἐπέζευσας

404 2030 723 2116 πέλαγος,
804 2029 1051 2107 δεικνὺς
1111 2029 1227 2116 τὴν
1290 2028 1487 2111 δόξαν

404 2150 521 2195 σου
565 2132 714 2208 τοῖς
757 2124 958 2216 ἱεροῖς
1000 2130 1350 2217 μαθηταῖς

867 2270 1032 2337 Δόξα

510 2374 1017 2458 Προσκυνοῢμεν
1061 2391 1199 2452 σου,
1265 2369 1484 2457 Κύριε,

408 2470 521 2535 τὸν
551 2468 897 2556 ἄχραντον
906 2468 1188 2554 Πατέρα,
1236 2466 1344 2534 καὶ
1374 2492 1489 2556 την

407 2565 589 2653 χάριν
634 2572 759 2632 τοῦ
805 2564 1199 2653 Πνεύματος,
1247 2562 1321 2655 ἣν
1349 2570 1489 2644 τοῖς

410 2669 552 2745 σοῖς
588 2664 997 2744 ἀποστόλοις
1030 2664 1193 2743 Θεὸς
1237 2660 1325 2731 ὢν
1356 2664 1489 2733 διέ-

411 2789 653 2850 νειμας,
724 2763 1215 2847 ἓξαποστέλλων
1257 2762 1492 2856 ,αὐτοὺς

422 2861 536 2929 ἐπὶ
582 2863 664 2929 τὸ
714 2862 1014 2950 κήρυγμα.

804 3008 1113 3060 Θεοτοκίον.

517 3104 622 3170 Ἐν
687 3098 914 3188 γαστρί
986 3124 1105 3168 σου
1168 3098 1492 3193 ἐχώρησας

412 3202 525 3267 τὸν
570 3201 904 3290 α’χώρητον
948 3199 1195 3284 Λόγον
1251 3200 1323 3267 ἐκ
1364 3226 1490 3287 μα-

416 3300 540 3381 ζῶν
587 3321 711 3366 σου
742 3295 1076 3389 ἐθήλασας
1104 3304 1221 3365 τοῦ
1247 3299 1491 3385 κόσμου

415 3397 527 3463 τὸν
553 3397 825 3486 τροφέα·
875 3396 1182 3481 ἀγκάλαις
1211 3396 1490 3482 ἐβάστα-

418 3517 537 3574 σας
595 3494 715 3563 τὸν
761 3494 1052 3583 παροχέα
1108 3494 1280 3583 ἡμῶν
1330 3498 1490 3562 Θεο-

418 3594 716 3683 γέννητορ
764 3589 937 3683 ἁγνή.

781 3770 861 3836 Ὠ
877 3795 900 3836 ι
918 3770 1005 3836 ὃ
973 3799 1009 3860 η
1054 3772 1111 3860 η’

629 3888 887 3957 ’Ἀγγελοι
921 3889 1009 3938 καὶ
1035 3886 1282 3957 οὐρανοί.

531 4001 753 4077 Δειτε,
787 3991 977 4077 ι’δετε,
1017 3991 1186 4077 λαοί,
1233 3994 1348 4060 τὸν
1379 3992 1493 4060 ἐπὶ

430 4095 667 4223 θρόνον
752 4093 943 4181 δόξης
1008 4092 1492 4178 ἅνυμνούμενον,

1598 757 1789 836 tuque
1835 753 1897 817 in
1938 773 2032 830 e0,
2081 754 2144 817 in
2192 773 2438 838 suprem

1601 835 1809 916 mento
1857 852 2366 938 resuseitaturusz
2425 873 2438 915 1

1705 1046 2079 1126 Mirabilem‚
2127 1049 2412 1127 Domine,

1598 1146 1741 1210 disti
1790 1151 2146 1230 assumptae
2180 1148 2381 1212 earnis
2414 1148 2438 1212 ὁ

1597 1246 1931 1322 sationem,
2000 1249 2285 1309 astruens
2349 1245 2438 1309 mi:

1596 1343 1865 1408 divinam
1935 1338 2312 1427 potentiam(
2409 1343 2438 1407 ll

1596 1431 1896 1526 abegisti3
1975 1441 2286 1505 suscitasti
2349 1461 2438 1505 mc

1598 1535 1815 1604 caecos
1861 1542 1931 1604 ut
1977 1539 2148 1604 Deus
2194 1538 2438 1604 illumin¹

1633 1633 1637 1637 ’
1704 1637 2362 1721 Mundastileprosos;
2414 1657 2438 1702 e

1598 1736 1851 1801 claudos
1867 1758 1880 1812 3
1906 1736 2174 1820 paralysi
2190 1735 2423 1800 solutos

1596 1834 1770 1899 xisti:
1847 1836 2076 1899 eurasti
2153 1834 2438 1899 fluentem

1592 1933 1820 2015 guine;
1868 1938 2035 1998 tuam
2086 1934 2280 1999 saeris
2309 1934 2431 1998 tuis

1595 2030 1755 2113 pulis
1803 2031 2064 2115 gloriam
2116 2032 2434 2108 exhibens,

1597 2131 1788 2214 pedes
1836 2130 2186 2196 ambulasti.

2032 2272 2226 2327 Gloria.

1704 2371 1926 2449 Tuum,
1985 2371 2271 2445 Domine,
2336 2371 2438 2436 ad<

1598 2472 2035 2535 intemeratum
2092 2470 2379 2535 Patrem:

1598 2589 1738 2652 que,
1787 2569 1957 2633 velut
1997 2569 2167 2633 Deus
2217 2569 2438 2633 exsiste

1599 2687 1754 2751 quos
1784 2668 2118 2733 emitteres
2179 2667 2251 2759 ad
2301 2687 2438 2752 prae

1597 2767 1766 2841 dum,
1830 2767 2097 2850 Spiritus
2143 2766 2408 2850 gratiam

1598 2864 1807 2929 buisti.

1940 3005 1997 3058 In
2034 3005 2329 3074 Deiparam.

1707 3105 1839 3171 Tuo
1897 3110 2072 3169 utero
2120 3104 2432 3181 Verbum,

1602 3204 1736 3286 capi
1786 3203 2019 3286 nequit,
2081 3223 2300 3286 capere
2351 3224 2438 3268 me

1600 3300 1841 3366 lactasti
1890 3301 2012 3364 tuis
2037 3300 2333 3365 uberibus
2359 3322 2432 3365 eu

1601 3400 1903 3463 mundum
1953 3398 2077 3463 alit.
2155 3398 2438 3464 Nostrun

1601 3496 1866 3561 bitorem
1896 3497 1964 3580 ¹),
2017 3501 2187 3561 easta
2217 3497 2329 3561 Dei
2368 3498 2438 3562 (3⁴

1600 3596 1857 3680 gestasti
1908 3594 2086 3657 ulnis,
2393 3584 2397 3588 ”

2006 3772 2161 3837 Ode
2212 3773 2272 3836 8.

1857 3886 2043 3955 Angeli
2082 3890 2236 3958 atque
2275 3887 2420 3942 coeli.

1715 3994 1955 4071 Venite,
2005 3993 2234 4078 populi,
2287 4015 2428 4059 eum

1605 4093 1866 4158 scelesto
1927 4091 2311 4157 Judaeorum
2372 4113 2438 4155 or

613 4264 653 4333 ²)
696 4266 975 4333 Παροχέιι,
1029 4264 1096 4318 al.
1136 4263 1406 4333 πιίροχον,
1460 4264 1521 4317 de
1560 4278 1662 4332 qua
1697 4277 1842 4328 voce,
1894 4264 2003 4313 tum
2042 4276 2142 4330 qua
2179 4260 2242 4313 ab
2279 4258 2306 4310 ἔ
2304 4277 2408 4326 χω

429 4344 555 4413 1000,
610 4351 719 4399 tum
757 4359 859 4414 qua
896 4343 959 4397 ab
997 4343 1133 4411 ὄχος
1169 4343 1463 4406 derivatur,
1517 4343 1628 4396 fuse
1666 4341 2040 4410 disputavimus
2093 4339 2143 4392 in
2182 4339 2386 4408 proprio
2424 4355 2438 4390 ‹

430 4424 618 4491 tario,
621 4425 708 4492 ,de
745 4422 1018 4478 vocatione
1042 4421 1337 4492 pat-ocle1“‘,
1373 4423 1540 4476 relato
1579 4422 1630 4475 in
1668 4436 1750 4491 op.
1780 4420 1877 4491 „de
1904 4411 2175 4473 vocatione
2200 4419 2264 4473 ad
2291 4423 2434 4472 statu

434 4503 726 4560 siasticum“
732 4544 745 4572 ,
785 4519 871 4575 pp.
909 4504 979 4558 79
1016 4518 1158 4574 seqq.

2559 556 2664 609 357
