3514 5391
786 470 859 523 40
1369 469 1529 522 Festa
1566 468 1774 522 mobilia
1810 472 1932 521 ante
1970 466 2444 537 Quadragesimam.

787 674 915 732 τῶν
962 666 1451 751 στρατευμάτων
1515 665 2100 752 παραταξαμένων,
2161 662 2268 728 καὶ
2331 663 2446 752 ἤδη
2507 665 2670 728 κατὰ
2729 664 3035 748 μέτωπον

790 761 1178 849 ἱσταμένων,
1243 763 1458 847 λόγοις
1520 762 1628 828 καὶ
1689 757 2204 851 παραδείγμασι,
2278 760 2387 828 καὶ
2449 762 2694 851 ἀνδρῶν
2754 758 3036 847 ι’ρχαίων

787 862 1062 954 μνήμαις
1095 856 1367 949 ἅρίστως
1395 860 2005 949 στρατηγησαμένων
2035 858 2158 933 καὶ,
2176 859 2528 948 άνδρισαμέ
2534 885 2671 946 νων,
2719 862 2833 927 τόν
2859 855 3035 927 ἴδιον

791 960 1067 1049 στρατὸν
1126 957 1512 1048 ἐρεθίζουσι,
1580 959 1933 1025 κάντεῦθεν
1997 958 2228 1025 ἐκεῖνοι
2293 957 2727 1046 νει-ροῦμενοι,
2793 966 2871 1049 τῇ
2923 965 3035 1047 τῆς

792 1057 965 1149 νίκης
1010 1056 1229 1125 ἐλπίδι
1275 1058 1617 1149 ὁλοψύχως
1663 1057 2177 1125 έπαποδύονται·
2228 1057 2393 1123 οὕτω
2439 1058 2546 1123 καὶ
2608 1065 2715 1123 νῦν
2764 1054 2824 1124 οἱ
2875 1063 3033 1124 θεο-

792 1158 985 1250 φόροι
1031 1157 1305 1245 πατέρες
1351 1162 1572 1247 σοφῶς
1619 1156 2151 1242 διαπράττονται·
2199 1156 2274 1222 τὸ
2321 1156 2437 1242 γάρ
2486 1156 2820 1244 ἄρρενκαὶ
2867 1158 3035 1245 θῆλυ

792 1258 903 1323 διά
948 1262 1076 1323 τῶν
1122 1253 1316 1335 ὁσίως
1359 1257 1770 1341 βιωσάντων,
1837 1256 2004 1344 πρὸς
2061 1256 2212 1334 τοὺς
2257 1256 2731 1342 πνευματικοῖς
2789 1256 3036 1340 ἀγῶνας

793 1355 1234 1445 νευρώσαντες,
1301 1354 1467 1421 οὕτω
1525 1351 1618 1432 εἷς
1677 1354 1753 1421 τὸ
1807 1360 1919 1443 τῆς
1978 1351 2269 1443 νηστείας
2324 1354 2684 1443 προάγουσι
2747 1354 3033 1435 στάδιον,

790 1456 899 1521 ἵνα
943 1453 1031 1533 (ὃς
1074 1454 1241 1543 πρὸς
1285 1453 1663 1542 ἀρχέτυπον,
1732 1452 1806 1520 οὗ
1866 1453 2114 1541 φαῦλον
2170 1453 2284 1518 τὸν
2339 1449 2595 1518 ἐκείνων
2640 1452 2817 1538 ’ἡμεῖς
2876 1453 3034 1541 ἀφο-

793 1559 1023 1640 ρῶντες
1067 1549 1234 1636 βίον,
1299 1552 1416 1630 τὰς
1459 1552 1827 1630 πολυειδεῖς
1871 1551 1981 1617 καὶ
2028 1550 2379 1640 διαφόρους
2425 1550 2844 1638 ἐργαζώμεθα
2891 1551 3035 1639 άρε-

793 1652 929 1731 τάς,
979 1649 1203 1728 καθώς
1249 1646 1497 1736 ἑκάστῳ
1544 1650 1811 1734 δύναμις
1849 1649 2184 1738 πρόσεστι·
2235 1649 2724 1738 προηγουμένως
2766 1649 2882 1735 μὲν
2923 1651 3036 1739 τὴν

796 1749 1082 1838 ἀγάπην,
1149 1748 1258 1813 καὶ
1315 1748 1428 1837 τὴν
1472 1749 1636 1834 μετὰ
1696 1750 1843 1828 νοὸς
1885 1747 2218 1836 γινομένην
2265 1747 2518 1837 ἅποχὴν
2574 1754 2702 1814 τῶν
2749 1748 3036 1833 α’σέμνων

796 1844 991 1933 ἔργων
1035 1846 1143 1913 καὶ
1190 1846 1502 1934 πράξεων,
1566 1847 1674 1913 καὶ
1720 1846 1835 1936 τὴν
1880 1843 2176 1937 νηστείαν
2223 1845 2434 1934 αὐτήν,
2483 1845 2558 1913 οὐ
2602 1853 2730 1913 τῶν
2774 1848 3036 1936 βρωμά-

795 1970 922 2012 των
969 1944 1208 2035 δηλαδὴ
1249 1945 1482 2030 μόνον,
1545 1945 1707 2011 ἀλλὰ
1767 1945 1874 2012 καὶ
1932 1952 2044 2035 τῆς
2088 1946 2407 2035 γλιίσσης,
2473 1946 2582 2013 καὶ
2640 1953 2757 2012 τοῦ
2801 1952 3035 2032 θυμοῦ,

796 2046 903 2111 καὶ
964 2050 1092 2111 τῶν
1152 2043 1515 2133 ὀφθαλμῶν
1533 2098 1548 2127 ,
1611 2044 1721 2110 καὶ
1783 2043 2006 2123 ἁπλῶς
2062 2041 2272 2111 εἰπεῖν
2289 2098 2305 2128 ,
2369 2045 2484 2134 τὴν
2538 2046 2784 2124 παντὸς
2842 2050 3040 2112 κακοῦ

797 2139 1023 2230 ἀργίαν
1083 2142 1191 2208 καὶ
1252 2138 1692 2228 ἀλλοτρίωσιν.
1801 2144 1931 2209 Διά
1974 2144 2210 2233 ταύτην
2269 2142 2383 2232 τὴν
2429 2140 2676 2227 αἰτίαν,
2743 2140 2805 2211 οἳ
2866 2143 3039 2227 ἅγιοι

798 2240 1072 2329 πατέρες
1117 2240 1230 2329 τὴν
1274 2245 1611 2329 παροῦσαν
1655 2246 1785 2306 τῶν
1830 2238 2029 2308 ὁσίων
2071 2241 2317 2332 μνήμην
2347 2241 2635 2308 ἐνταῦθα
2662 2241 3036 2323 κατέταξαν,

795 2340 947 2418 τοὺς
993 2339 1103 2406 διὰ
1149 2335 1442 2428 νηστείας
1496 2339 1603 2405 καὶ
1652 2339 1862 2406 ἆλλων
1905 2342 2117 2406 καλῶν
2162 2337 2359 2429 ἔργων
2403 2340 2511 2407 καὶ
2555 2347 2845 2429 χρηστῶν
2895 2344 3039 2427 Θεῷ

795 2435 1288 2527 εὗηρεστηκότας
1336 2437 1789 2526 προσάγοντες·
1853 2443 2315 2525 παρωθοῦντες
2361 2439 2523 2528 ἡμᾶς
2582 2439 2692 2504 διὰ
2736 2444 2847 2527 τῆς
2890 2438 3040 2505 τού-

796 2561 924 2603 των
968 2530 1232 2618 εἰκόνος,
1277 2536 1445 2623 πρὸς
1487 2536 1564 2602 τὸ
1609 2543 1739 2603 τῶν
1787 2536 2027 2625 ἀρετῶν
2073 2537 2358 2621 στάδιον,
2408 2538 2515 2605 καὶ
2546 2534 2846 2623 γενναίως
2875 2539 3040 2604 κατὰ

799 2641 927 2702 τῶν
972 2638 1217 2701 παθῶν
1262 2634 1367 2701 καὶ
1419 2634 1742 2722 δαιμόνων
1789 2631 2209 2720 ὁπλίζεσθαι,
2257 2633 2365 2704 καί
2396 2662 2544 2704 τινα
2588 2639 2835 2726 τρόπον
2881 2636 3047 2704 ὓπο-

799 2733 1154 2818 τιθέμενοι,
1202 2732 1320 2814 aig,
1382 2730 1438 2800 εἶ
1488 2735 1592 2799 καὶ
1641 2733 1821 2825 ἡμεῖς
1879 2735 1994 2824 τὴν
2053 2732 2200 2825 ἰ’σην
2264 2735 2472 2802 αὐτῶν
2533 2736 3054 2825 προβαλλόμεθα

800 2832 1194 2914 σπουδάσαι,
1244 2831 1427 2899 οῦδὲν
1457 2833 1766 2918 ἐμποδῶν
1812 2830 1996 2900 ἔσται
2043 2838 2310 2922 πρᾶξαι,
2360 2833 2483 2901 ὅσα
2529 2834 2638 2900 καὶ
2687 2833 2870 2900 αὐτοὶ
2919 2834 3049 2902 διε-

803 2931 1132 3018 πράξαντο
1148 2984 1165 3016 ,
1233 2930 1341 2997 καὶ
1402 2938 1531 2997 τῶν
1578 2932 1787 2998 αὐτῶν
1834 2930 2197 3021 ἀξιωθῆναι
2259 2939 2469 3022 γερῶν·
2531 2938 2643 3023 τῆς
2691 2931 2880 3023 αὐτῆς
2934 2931 3051 3020 γάρ

802 3029 909 3095 καὶ
957 3021 1136 3094 οὗτοι
1184 3027 1332 3117 ἡμῖν
1380 3029 1805 3120 ἐκοινώνησαν
1851 3031 2120 3119 φύσεως.

1230 3297 1315 3363 ‘0
1375 3297 1637 3363 κανῶν
1695 3304 1853 3364 τῶν
1913 3295 2160 3383 ἁγίων
2220 3297 2611 3386 πατέριον.

1344 3435 1609 3529 Ποίημα
1645 3440 1986 3528 Θεοδώρου
2030 3447 2146 3506 τοῦ
2184 3438 2513 3510 Στυδίτου.

984 3589 1186 3666 Quum
1237 3587 1299 3650 in
1347 3586 1601 3670 prolixo,
1667 3607 1856 3670 quem
1903 3587 1967 3652 in
2017 3607 2251 3652 canone
2299 3588 2422 3652 texi
2472 3588 2844 3664 monuimus,
2895 3588 3052 3653 San-

808 3688 1050 3750 ctorum
1101 3684 1378 3770 catalogo
1428 3705 1555 3750 non
1601 3685 1884 3764 Photius‚
1933 3706 2057 3750 non
2106 3684 2516 3764 Caerularins,
2566 3705 2688 3750 non
2725 3685 2881 3751 alius
2914 3687 3048 3770 qui-

807 3783 898 3847 vis
961 3803 1036 3847 ex
1100 3783 1175 3847 iis
1234 3789 1711 3868 percenseatur,
1794 3803 1950 3868 quos
2013 3784 2393 3850 schismatici
2460 3804 2571 3849 ceu
2635 3788 2916 3867 pastores
2978 3805 3052 3849 ae

805 3881 1138 3967 magistros
1187 3901 1331 3947 suos
1372 3881 1599 3958 colunt,
1650 3881 1882 3965 liquido
1931 3886 2098 3946 certe
2145 3882 2241 3947 vel
2290 3902 2364 3946 ex
2402 3882 2520 3947 hoe
2556 3881 2798 3947 silentio
2832 3881 3049 3966 hymni

806 3979 1140 4062 antiquitas
1188 3999 1259 4044 ao
1307 3980 1628 4045 sinceritas
1676 3979 2024 4044 innotescit.
2100 3980 2399 4045 Veterum
2443 4001 2628 4045 manu
2661 3985 3050 4045 exaratorum

808 4078 1095 4142 codicum
1150 4078 1271 4143 fide
1333 4078 1572 4156 innixa,
1644 4098 1789 4142 eum
1847 4078 2184 4143 novissima
2250 4079 2435 4144 editio
2491 4078 2771 4143 Romana
2818 4078 3052 4143 Triodii

807 4179 1022 4240 saneto
1072 4175 1401 4242 Theodoro
1449 4176 1729 4242 Studitae
1778 4176 2075 4242 adscribit
2121 4199 2180 4261 p.
2233 4177 2314 4242 87
2345 4177 2416 4262 ¹),
2469 4177 2615 4255 vir0,
2668 4180 2733 4242 ut
2761 4177 3051 4242 omnibus

992 4407 1032 4476 ¹)
1074 4406 1326 4462 Caeterae
1365 4406 1614 4462 editiones
1653 4423 1780 4478 opus
1805 4404 2105 4477 ἀνώνυμον
2129 4410 2217 4460 καὶ
2244 4407 2550 4460 ἀδέσποτον
2587 4409 2827 4463 exhibere
2866 4408 3053 4464 solent.
