3514 5391
803 512 874 564 64
1389 508 1549 563 Festa
1585 509 1792 563 mobilia
1829 514 1950 562 ante
1988 508 2463 577 Quadragesiniam.

807 710 998 774 cede
1047 717 1566 793 quaesumus“
1641 708 1819 794 apud
1880 717 2165 771 sanctam
2213 707 2634 771 Anasta-siam
2693 728 2887 792 super
2928 707 3049 770 col-

808 806 1029 870 lectam
1074 805 1310 892 populi
1373 806 1610 870 dicitur
1670 805 1750 869 ab
1800 827 1902 883 30,
1970 810 2080 891 qui
2140 806 2473 869 stationem
2532 804 2711 890 apud
2769 816 3053 868 sanctam

808 905 1117 970 Sabinam
1164 904 1588 969 celebraturus
1637 914 1744 970 est.
1841 906 2051 989 Atque
2100 904 2246 969 hinc
2294 904 2525 993 factum
2576 908 2689 981 est,
2739 906 2807 966 ut
2839 903 3051 967 statio-

807 1025 918 1070 nes
976 1005 1163 1069 etiam
1212 1004 1650 1090 processiones
1711 1002 1799 1066 ad
1859 1012 2066 1067 certas
2128 1002 2699 1089 determinatasque
2759 999 3053 1066 ecclesias

808 1107 1194 1180 vocarentur,
1263 1103 1788 1265 quemgdmodum
1854 1122 1985 1167 rem
2052 1102 2262 1166 multis
2318 1101 2584 1185 explicat
2628 1101 3053 1166 Durandus

812 1202 854 1267 l.
906 1202 966 1279 7,
1017 1221 1070 1267 c.
1126 1203 1182 1279 1,
1232 1221 1334 1266 nn.
1386 1201 1425 1264 2
1483 1201 1671 1264 -24,

985 1318 1218 1383 Nostra
1263 1322 1463 1382 aetate
1510 1318 1805 1382 stationes
1853 1321 1997 1382 sunt
2036 1317 2296 1382 devotae
2345 1317 2722 1382 visitationes
2760 1316 3052 1382 determi-

809 1421 1094 1482 natarum
1142 1414 1563 1491 ecclesiarum,
1616 1416 1801 1481 certis
1834 1416 2054 1480 diebus
2081 1416 2519 1493 instituendae,
2569 1434 2724 1500 quas
2758 1416 2867 1499 qui
2893 1414 3052 1479 fece-

808 1518 952 1593 rint,
1013 1534 1273 1601 magnas
1319 1513 1736 1599 indulgentias
1786 1519 2268 1598 consequuntur.
2367 1512 2759 1592 Consulatur‚
2823 1515 2929 1598 qui
2975 1514 3053 1578 de

809 1613 1207 1700 indulgentiis
1232 1613 1566 1679 stationum
1593 1613 1840 1696 copiose
1867 1614 1996 1698 agit
2019 1613 2073 1677 F
2092 1633 2124 1677 e
2142 1634 2174 1677 r
2190 1614 2248 1679 d.
2278 1613 2327 1678 Τ
2346 1633 2378 1677 e
2395 1618 2420 1677 t
2436 1634 2472 1677 a
2486 1634 2567 1678 m.
2597 1614 2767 1678 Diar.
2792 1617 2972 1677 tract.
2990 1614 3051 1687 2,

813 1714 849 1781 l.
898 1715 959 1791 4,
1010 1716 1164 1797 part.
1223 1714 1275 1789 1,
1327 1732 1378 1777 c.
1429 1711 1490 1788 2,
1540 1712 1577 1793 ξ
1627 1712 1684 1788 1,
1735 1731 1841 1776 nn.
1897 1710 2015 1775 101
2071 1731 2244 1795 seqq.

990 1827 1264 1905 Caetera,
1315 1847 1473 1912 quae
1522 1828 1598 1892 ad
1646 1828 1944 1893 stationes
1994 1828 2186 1892 Urbis
2235 1828 2469 1893 Romae
2518 1832 2822 1913 spectant,
2870 1829 3055 1892 doce-

811 1928 978 1993 beris
1027 1946 1138 2011 per
1168 1926 1451 2013 egregios
1499 1927 1977 1991 commentarios
2024 1926 2503 1993 Hartmanni
2551 1928 2866 2003 Grisar,
2918 1925 3051 1991 vul-

809 2030 988 2112 gatos
1013 2025 1105 2099 ,in
1134 2024 1312 2089 Actis
1358 2023 1516 2091 liter.
1549 2024 1980 2107 oenipontanis
2019 2023 2414 2102 „Zeitschrift
2446 2025 2546 2089 sur
2576 2023 2808 2089 kathol.
2853 2023 3055 2088 Thec-

811 2124 1038 2210 logie“,
1095 2122 1284 2200 1885,
1332 2122 1484 2188 locis
1532 2123 1600 2186 in.
1641 2123 1847 2188 indice
1893 2143 2100 2188 rerum
2150 2123 2454 2221 indicatis

993 2357 1092 2420 De
1140 2355 1533 2441 conpositione
1582 2353 1785 2420 SSmi.
1839 2354 2253 2420 Sam-amenti.
2320 2356 2419 2419 De
2448 2355 2750 2442 reliyio‘ne
2795 2379 3049 2443 repara-

816 2456 1010 2520 tionis
1054 2454 1440 2542 injuriarum
1493 2449 1741 2517 Christo
1790 2454 1929 2517 Deo
1978 2451 2325 2521 illatarum.

995 2606 1253 2670 Devotio
1302 2605 1458 2670 haec
1505 2606 1832 2690 piacularis
1880 2610 1993 2679 est,
2053 2606 2370 2690 pertinens
2418 2607 2493 2670 ad
2544 2607 2918 2690 reparandas
2964 2605 3058 2669 in-

810 2708 1026 2790 juriaS‚
1078 2725 1236 2790 quae
1286 2705 1417 2769 Deo
1468 2704 1536 2768 Ο.
1589 2704 1676 2783 Μ.
1728 2709 2007 2790 tempore
2053 2704 2527 2770 bacchanalium
2577 2704 2792 2770 inferri
2839 2704 3057 2780 solent,

816 2809 1120 2889 quatenus
1185 2802 1478 2867 nimirum
1539 2802 1747 2886 9loria
1796 2802 2090 2884 Domini,
2155 2825 2314 2888 quae
2349 2804 2681 2889 perpetuis
2725 2803 3063 2888 impiorum

814 2900 1211 2966 contumeliis
1258 2901 1603 2986 impetitur,
1641 2911 1954 2986 perpetuo
1987 2923 2222 2986 quoque
2255 2899 2380 2963 sibi
2402 2899 2861 2984 famulant-ium
2891 2899 3063 2964 cultu

816 3009 1149 3088 reparetur
1172 2999 1242 3082 ¹).
1338 2998 1432 3063 De
1481 3019 1554 3062 ea
1600 2998 1748 3063 olim
1798 2998 1981 3063 exilia
2027 3000 2336 3083 quaedam
2384 2998 2765 3083 populariter
2812 2999 3062 3082 scripsi-

820 3119 975 3176 muS‚
1023 3098 1141 3181 piis
1189 3096 1692 3161 meditationibus
1740 3098 2210 3162 accommodata
2234 3096 2306 3180 2).
2384 3096 2621 3161 Verum
2650 3096 2709 3161 i'n
2744 3116 3060 3161 commen-

816 3198 969 3262 tario
1018 3194 1559 3260 exercitationibus
1608 3195 1981 3260 academicis
2013 3195 2320 3260 destinato
2355 3195 2473 3258 alia
2502 3195 2721 3260 merito
2754 3191 3059 3278 postulas3

818 3299 1195 3379 quapropter
1242 3292 1351 3358 tibi
1399 3291 1646 3356 illorum
1691 3292 1827 3357 loco
1877 3291 2073 3358 multa
2121 3314 2191 3358 ac
2234 3293 2553 3376 praeclara
2583 3313 2746 3357 nunc
2775 3292 3063 3358 dabimus

819 3413 892 3456 ex
941 3392 1209 3457 Doctore
1255 3390 1634 3468 authentic0‚
1686 3392 2025 3456 Benedicto
2077 3391 2200 3457 ΡΡ.
2233 3392 2424 3469 XIV„
2476 3392 2751 3457 exhibita
2788 3392 2889 3457 hic
2921 3412 3059 3468 una,

818 3511 1004 3575 quam
1052 3491 1129 3554 de
1177 3490 1397 3554 eodem
1446 3495 1816 3574 argumento
1864 3491 2054 3568 dedit,
2104 3491 2366 3575 epistola
2404 3491 2685 3556 circulari
2717 3491 2898 3576 plena
2923 3512 3060 3555 eru-

818 3590 1086 3664 ditionis,
1133 3589 1475 3673 gravitati8‚
1525 3588 1639 3653 zeli
1680 3608 1749 3653 ac
1786 3590 2165 3673 prudentiae,
2218 3595 2403 3674 atque
2432 3590 2576 3655 inde
2606 3589 3061 3654 academiarum

823 3687 1167 3751 commodis
1214 3686 1380 3752 haud
1431 3707 1648 3771 parum
1699 3688 2020 3755 servitura.

1001 3973 1042 4040 ¹)
1083 3973 1160 4027 Ex
1179 3975 1411 4028 oratione
1439 3975 1585 4045 festi
1606 3974 1981 4045 reparationis
2004 3976 2343 4045 &jur-iarum
2382 3977 2493 4046 ipsa
2521 3976 2650 4031 feria
2676 3974 2739 4030 V.
2777 3981 2896 4045 post
2914 3973 3063 4030 Dom.

821 4054 1069 4124 sexages,
1109 4055 1414 4109 celebrandi.
1490 4055 1653 4123 Hujus
1692 4056 2035 4109 solemnitatis
2073 4055 2307 4110 Officium
2345 4061 2400 4110 et
2424 4057 2633 4111 Missam
2672 4056 3027 4111 exhibuimus
3013 4073 3066 4110 m

820 4152 974 4205 opere
1012 4135 1080 4188 de
1117 4135 1423 4189 rationibus
1447 4137 1726 4206 festorum
1764 4136 2049 4205 utriusque
2087 4137 2188 4192 SS.
2232 4138 2445 4205 Cot-dis,
2482 4143 2622 4192 tomo
2656 4137 2710 4205 2,
2750 4153 2833 4207 pp.
2854 4137 3063 4192 28-31

824 4220 878 4268 et
915 4231 998 4284 pp.
1038 4216 1173 4271 73—
1181 4216 1251 4269 85
1289 4215 1410 4270 edit.
1449 4217 1498 4269 5.

1000 4294 1043 4361 ²)
1083 4295 1250 4349 Jesus
1285 4298 1395 4367 auf
1422 4295 1541 4349 dem
1586 4295 1800 4351 Thr-one
1849 4313 1919 4351 un
1922 4314 2084 4352 seret·
2134 4299 2344 4352 Altare.
2435 4298 2922 4370 Gemeinfasslcche
2959 4298 3067 4352 Be-

820 4375 1176 4444 traclztunyen
1216 4374 1351 4428 ubet·
1386 4376 1476 4430 die
1510 4377 1857 4448 Ausseteuny
1893 4378 1991 4432 des
2015 4378 2482 4448 hochwttrdeysten
2514 4381 2681 4433 autes
2706 4377 2808 4432 mit
2824 4379 3066 4433 Beruck-

822 4455 1129 4524 sichtifflmq
1167 4472 1404 4511 uns-eret*
1442 4457 1577 4511 Zeit.
1651 4456 1998 4526 Luxemburg.
2056 4457 2191 4512 Vict.
2231 4459 2389 4514 Biick.
2450 4461 2604 4514 1857.
