3514 5391
980 665 2646 675 ———.——————-——--————.————-—

615 756 750 820 Hoc
799 756 898 820 dic
945 752 1103 819 solet
1151 754 1482 838 episcopus
1529 773 1749 818 canere
1799 752 2184 837 evangelium
2236 753 2314 816 In
2348 751 2646 838 principi

425 864 570 917 erat
635 851 917 930 Verbum,
967 852 1305 918 intonando
1352 872 1578 937 nempe
1626 852 1893 936 primam
1944 852 2286 937 periodum,
2337 869 2525 934 quam
2573 849 2646 914 de

422 952 572 1016 inde
624 950 814 1016 variis
860 950 1087 1037 linguis
1135 950 1454 1035 replicant,
1522 970 1680 1015 unus
1731 953 1873 1033 post
1922 949 2202 1026 alterum,
2272 970 2347 1015 ex
2392 949 2646 1014 sacerdo

424 1050 598 1114 tibus
651 1054 714 1115 ct
761 1050 1054 1127 diaconis,
1104 1050 1212 1133 qui
1259 1069 1477 1114 omnes
1525 1051 1843 1114 adstantes
1888 1068 2050 1113 unus
2099 1053 2239 1133 post
2267 1048 2529 1114 alterum
2576 1067 2646 1112 us

423 1168 547 1233 que
601 1149 683 1213 ad
733 1146 1032 1217 ecclesiae
1069 1147 1328 1231 januam
1377 1147 1852 1231 protenduntur.
1924 1147 2005 1212 Et
2051 1151 2377 1231 postquam
2428 1144 2646 1210 ultimu

424 1267 652 1311 eorum
700 1246 865 1312 hanc
911 1246 1377 1332 replicationem
1427 1247 1643 1323 finivit,
1703 1246 2037 1311 reassumit
2083 1246 2412 1331 episcopus
2459 1264 2646 1309 secun

422 1347 570 1410 dam
627 1346 935 1431 evangelii
991 1346 1346 1429 periodum,
1415 1365 1573 1429 quae
1621 1346 1843 1411 eodem
1891 1345 2138 1423 ordine,
2207 1363 2329 1427 quo
2378 1363 2585 1427 supra,

422 1444 865 1509 sacerdotibus
912 1448 973 1509 et
1017 1444 1295 1509 diaconis
1342 1444 1632 1509 omnibus
1679 1445 2030 1509 successive
2077 1442 2436 1526 replicatum
2487 1445 2548 1506 et
2593 1441 2645 1505 si

420 1544 501 1608 de
553 1541 820 1626 periodo
868 1543 944 1607 ad
993 1544 1318 1628 periodum
1364 1563 1561 1628 usque
1610 1544 1687 1608 ad
1736 1542 2038 1628 evangelii
2086 1543 2296 1607 finem.
2391 1539 2566 1621 Quod
2612 1540 2646 1606 fi

421 1641 501 1706 ad
573 1639 1063 1726 significandum
1133 1641 1606 1725 praedicationis
1677 1641 2070 1727 evangelicae
2136 1659 2508 1706 consensum
2572 1658 2646 1723 pe

421 1744 631 1805 toturn
685 1738 905 1804 orbem
954 1740 1031 1805 ab
1081 1740 1399 1825 Apostolis
1458 1740 1850 1806 uniformiter
1895 1740 2164 1815 facturn,
2227 1737 2367 1803 licet
2424 1736 2646 1802 diversi

423 1836 663 1924 linguis
713 1842 779 1903 et
824 1838 886 1903 in
935 1838 1189 1903 remotis
1235 1843 1438 1904 terrae
1486 1838 1783 1923 partibus
1865 1837 2072 1903 Finito
2121 1841 2305 1903 cantu
2344 1835 2646 1920 percutitu

424 1933 888 2025 σημαντήριον,
938 1936 1003 2004 h.
1034 1958 1110 2015 e.‚
1162 1937 1375 2003 tabula
1419 1936 1627 2023 lignea
1672 1957 1782 2002 seu
1815 1938 2295 2003 instrumentum
2343 1934 2511 2013 illud,
2562 1954 2644 2018 qu

422 2040 697 2101 utuntur
745 2034 823 2099 ad
855 2035 1157 2119 populum
1189 2036 1654 2101 convocandum
1679 2035 1752 2120 ¹),
1801 2036 2106 2120 daturque
2134 2036 2319 2101 unica
2347 2053 2646 2118 campana

424 2133 706 2218 pulsatio
756 2133 834 2197 ad
882 2133 1304 2200 denotandum
1353 2133 1830 2218 praedicationis
1878 2132 2249 2220 apostolicae
2297 2153 2520 2199 sonum
2577 2151 2646 2216 pe

425 2232 800 2298 universum
853 2232 1066 2297 orbem
1119 2237 1543 2317 pervagatum.

603 2436 916 2524 Ἅρχεται
961 2435 1037 2501 τὸ
1087 2434 1252 2501 κατὰ
1298 2434 1590 2525 Ἰωάννην
1635 2436 2014 2521 εὐαγγέλιον.

613 2580 1104 2665 Evangeliorum
1153 2575 1550 2662 ἀκολουθία,
1619 2602 1804 2666 quam
1855 2583 2148 2648 Patribus
2210 2588 2531 2666 acceptam
2588 2602 2646 2646 re

430 2680 653 2746 serunt
702 2679 946 2758 Graeci,
1016 2684 1265 2766 tempus
1324 2681 1774 2748 Pentecostarii
1835 2686 2050 2748 sancto
2099 2680 2325 2748 Joanni
2389 2679 2646 2746 attribuiw

427 2779 592 2844 Eam
662 2782 873 2844 autem
931 2777 1119 2863 hujus
1180 2781 1527 2845 tradit-ionis
1577 2800 1828 2846 causam
1891 2782 2210 2867 assignant
2257 2780 2591 2863 scriptores
2615 2778 2646 2863 ²j

428 2882 498 2943 ut
546 2876 794 2953 fideleS‚
843 2877 991 2941 dum
1041 2877 1121 2941 ab
1168 2879 1308 2965 ipso
1355 2880 1782 2944 reviviscentis
1838 2877 2077 2944 Christi
2122 2880 2296 2944 claro
2345 2878 2450 2942 die
2495 2899 2646 2963 usqu

431 2975 522 3038 ad
570 2999 735 3058 eum,
786 2998 903 3060 quo
951 2974 1283 3040 descensus
1331 2976 1616 3063 Spiritus
1663 2975 1890 3041 Sancti
1934 2976 2318 3059 celebratur,
2381 2974 2646 3063 evanqelz

429 3073 725 3138 Joannis
786 3072 863 3136 de
927 3072 1262 3139 divinitate
1323 3074 1633 3161 loquentis
1692 3075 1885 3139 verba
1943 3073 2087 3160 (τὰς
2134 3073 2517 3157 θεολογικάς
2574 3096 2646 3137 το

431 3194 598 3234 κατιο
667 3167 971 3258 Ἰωάννην
1033 3167 1396 3254 εὐαγγελίου
1460 3170 1703 3260 φωνάς)
1773 3174 2058 3253 audiunt,
2127 3175 2188 3238 in
2236 3175 2543 3239 immensa
2587 3171 2646 3237 ill

431 3267 936 3334 suaveolentium
981 3271 1222 3355 florum
1279 3272 1752 3358 pulchritudine
1824 3274 2008 3358 quasi
2069 3270 2444 3360 spirituales
2504 3292 2646 3335 roso

435 3367 843 3454 decerpentes
908 3357 1050 3452 (οἷά
1092 3392 1240 3433 τινα
1285 3369 1688 3453 πνευματικὰ
1746 3368 1908 3456 ῥόδα
1952 3369 2397 3459 τρυγήσαντες)
2456 3370 2519 3434 in
2565 3369 2646 3434 fid

438 3470 730 3532 crescant
778 3470 841 3531 et
887 3470 1221 3535 crescendo
1269 3470 1591 3535 fortissimi
1642 3472 1921 3535 evadant.

622 3662 724 3726 De
769 3665 1066 3750 mysterio
1097 3664 1267 3750 festi
1303 3665 1649 3751 paschalis.

621 3806 1052 3872 Celsissimum
1108 3807 1228 3873 hoc
1277 3807 1511 3874 Christi
1569 3810 1955 3894 resurgentis
2016 3809 2383 3893 trophaeum
2448 3809 2646 3873 duabu

446 3902 633 3969 veluti
682 3905 965 3988 partibus
1013 3911 1271 3981 constat,
1324 3906 1512 3972 altera
1560 3908 1809 3991 quidem
1859 3908 2001 3993 ipso
2036 3906 2538 3972 Restm-rectionis
2567 3929 2646 3991 mg

447 4048 874 4057 —--—-—

443 4134 524 4208 pp.
564 4120 671 4174 329
712 4134 887 4210 seqq&
945 4119 1030 4172 alii
1079 4136 1109 4173 a
1147 4120 1417 4186 Daniel,
1480 4120 1662 4174 Codex
1697 4121 2019 4190 liturqt‘cus,
2072 4128 2109 4174 t.
2150 4121 2200 4186 4,
2252 4136 2335 4189 pp.
2375 4120 2480 4173 226
2517 4135 2642 4189 seqq

445 4197 532 4251 ahi
572 4199 1103 4347 ab¹)al}2:uarniqcov
1154 4296 1217 4333 ex
1255 4285 1369 4334 arte
1409 4279 1719 4334 delineatum
1760 4298 1822 4335 ae
1871 4282 2047 4335 multis
2098 4279 2410 4348 descriptum
2458 4279 2646 4332 inveni<

444 4359 577 4427 apud
613 4360 943 4431 Ryaeum,
980 4359 1382 4428 Bollandianum,
1422 4361 1559 4415 Junii
1599 4366 1736 4414 tomo
1776 4363 1825 4424 2.
1864 4361 2145 4416 dissertat.
2173 4374 2387 4428 praec„
2424 4374 2473 4427 p.
2501 4358 2646 4411 XXD

621 4439 665 4506 ⁵¹)
708 4438 792 4492 Ex
818 4437 898 4490 his
923 4439 1593 4511 legatur'l'heophanes
1624 4442 2018 4509 Cerameus,
2058 4439 2229 4495 homil.
2250 4439 2300 4492 5.
2328 4441 2384 4492 et
2403 4438 2575 4492 homil.
2598 4439 2646 4492 4:

448 4519 598 4588 (apud
634 4521 837 4588 Migne,
876 4517 1017 4573 Patr.
1054 4537 1132 4589 gr.
1171 4526 1209 4576 t.
1250 4523 1371 4589 132,
1410 4538 1493 4591 pp.
1533 4521 1639 4576 205
1679 4526 1732 4575 ct
1773 4522 1918 4586 785).
