3514 5391
850 458 958 549 434
1501 483 1662 548 Festa
1697 487 1905 550 mobilia
1940 499 2060 566 post
2094 487 2454 552 Pentecosten.

856 696 1147 774 eontinet,
1215 718 1373 781 quae
1425 719 1460 763 a
1506 697 1722 783 primis
1772 695 2069 780 Vesperis
2118 695 2481 761 Dominieae
2543 698 2620 762 ad
2667 696 2856 762 finem
2902 717 3088 781 usque

853 792 1087 860 Missae
1154 801 1496 874 canuntur,
1579 794 1964 861 Paracletiee
2028 799 2277 878 praeter
2339 794 2443 860 illa
2523 800 2586 860 et
2647 795 3089 879 subsequentes

852 890 1168 976 Vesperas
1217 899 1278 958 et
1327 894 1582 959 aliorum
1633 913 1746 978 per
1792 892 2252 957 hebdomadam
2303 893 2546 958 dierum
2594 892 2817 958 Officia
2861 894 3091 979 integra

855 991 1140 1058 exhibet:
1192 1014 1313 1058 uno
1363 1013 1588 1077 nempe
1635 990 1790 1079 ἤχου
1832 1011 2015 1056 unam
2051 990 2513 1057 hebdomadem
2540 991 2858 1076 implente,
2909 992 3089 1057 altero

854 1089 1360 1175 subsequentem,
1411 1091 1593 1156 tertio
1641 1091 1910 1167 tertiam,
1971 1094 2034 1154 et
2080 1089 2169 1155 sie
2217 1090 2295 1155 de
2342 1090 2623 1176 siugulis,
2688 1091 2905 1167 donee,
2967 1110 3088 1156 om-

856 1187 1035 1252 nibus
1083 1192 1221 1253 oeto
1270 1209 1344 1253 ex
1392 1190 1607 1254 ordine
1655 1187 1866 1265 finit-ie,
1917 1188 2121 1252 denuo
2168 1188 2246 1253 ad
2295 1188 2536 1253 initium
2583 1189 2840 1253 reditur.

1030 1295 1238 1361 Editio
1287 1296 1565 1361 Romana
1623 1297 1764 1360 anni
1821 1295 1991 1360 1738
2058 1316 2191 1361 rem
2251 1296 2312 1361 in
2375 1295 2510 1380 ipso
2572 1295 2710 1360 libri
2773 1294 2952 1361 titulo
3011 1296 3092 1360 ita

853 1392 1064 1478 effert:
1115 1393 1570 1481 Παρακλητικι)
1615 1391 1730 1457 σῦν
1761 1394 1905 1477 Θεῷ
1953 1386 2112 1477 ἁγίῳ
2159 1390 2549 1478 περιέχουσα
2575 1390 2691 1480 τὴν
2718 1391 3091 1478 πρέπουσαν

852 1488 1010 1578 αὐτῇ
1054 1490 1219 1555 κατὰ
1263 1489 1415 1567 τοὺς
1462 1488 1820 1578 ὄκτωήχους
1867 1485 2270 1556 ἀκολουθίαν
2297 1491 2369 1576 ¹).
2416 1493 2419 1498 ’

1027 1598 1120 1663 Ex
1169 1598 1542 1663 editionibus
1590 1599 1829 1664 venetis
1852 1597 1903 1681 ²)
1953 1599 2213 1664 caeteris
2262 1604 2539 1683 praestat
2586 1617 2677 1676 ea,
2727 1617 2887 1682 quae
2934 1598 3089 1663 faeta

853 1701 948 1760 est
995 1716 1156 1760 anno
1193 1695 1384 1774 1857,
1433 1695 1600 1761 hune
1632 1696 1842 1761 ferens
1875 1696 2152 1761 titulum:
2205 1692 2659 1783 Παρακλητικὴ
2688 1693 2828 1783 ἤτοι
2863 1692 3086 1761 Ὀκτώ-

856 1816 1001 1880 ηχος
1051 1790 1081 1879 i‘,
1126 1791 1383 1880 μεγάλη,
1445 1791 1836 1879 περιέχουσα
1881 1797 2105 1857 πᾶσαν
2166 1792 2279 1881 τὴν
2323 1791 2683 1882 ἀνήκουσαν
2743 1790 2901 1880 αἰτῇ
2944 1790 3088 1858 ἀκο-

849 1885 1147 1972 λουθίαν,
1196 1888 1691 1977 ἐπιμελέστερον
1737 1896 1859 1955 νῦν
1891 1888 1999 1956 καὶ
2034 1888 2551 1977 ..οὗσιωδέστερον
2582 1889 3091 1977 ἓξακριβωθεῖσα
3184 1935 3187 1938 ι

851 1987 980 2054 ὑπὸ
1047 1993 1176 2053 τῶν
1240 1986 1658 2077 αὖταδέλφων
1727 1988 2014 2054 Ἰωάννου
2083 1989 2191 2054 καὶ
2263 1984 2679 2076 Σπυρίδωνος
2741 1987 3087 2056 Βελούδων.

849 2085 1134 2163 Ἐκδοσις
1178 2086 1460 2173 δευτέρα.
1549 2083 1896 2175 Ἐνετίῃσιν
1942 2085 2010 2152 ἐκ
2055 2092 2173 2152 τοῦ
2217 2085 2578 2175 Ἑλληνικοῦ
2620 2082 3089 2175 ππογραφείου

848 2189 964 2250 τοῦ
1011 2181 1193 2268 ἁγίου
1243 2190 1299 2250 Γ
1295 2180 1581 2271 εωργίου.
2547 2243 2553 2250 .

1027 2294 1385 2360 Novissima
1414 2295 1599 2360 editio
1629 2315 1885 2359 romana
1918 2294 2164 2360 stellata
2206 2294 2597 2361 inscribitur:
2646 2287 3091 2379 Παρακλητικὴ

851 2390 994 2478 ἤτοι
1041 2390 1411 2478 Ὀκτώηχος
1456 2389 1491 2479 ἡ
1535 2390 1807 2479 μεγάλη,
1868 2390 2261 2477 περιέχουσα
2304 2396 2528 2456 πᾶσαν
2585 2389 2700 2479 τὴν
2744 2388 3089 2479 ἀνήκουσαν

849 2488 1009 2578 αὐτῇ
1053 2485 1474 2569 ἀκολουθίαν,
1522 2488 1685 2572 μετὰ
1728 2492 1860 2553 τῶν
1905 2483 1975 2553 ἐν
2018 2493 2111 2573 τῷ
2156 2488 2326 2554 τέλει
2356 2491 2660 2577 συνηθῶν
2685 2491 3084 2577 προςθηκιῦν.

850 2586 948 2652 Ἐν
994 2585 1215 2676 Ῥώμῃ.
1272 2588 1460 2655 1885.
1518 2587 1659 2656 Σελ.
1709 2603 1820 2654 seu
1870 2589 2022 2674 Peg.
2076 2588 2206 2654 750
2251 2589 2313 2655 in
2361 2589 2425 2654 4.

1027 2693 1480 2783 Παρακλητικὴ
1526 2697 1661 2782 ipsa
1706 2698 1766 2761 in
1816 2703 1956 2762 octo
2004 2694 2120 2762 has
2152 2703 2361 2782 partes
2409 2717 2519 2762 seu
2540 2695 2844 2784 periodos
2873 2694 3084 2759 hebdo-

847 2796 1186 2861 madariae
1231 2797 1557 2861 dividitur:

1170 2914 1488 3002 Περιόδος
1532 2924 1648 2984 τοῦ
1680 2919 1764 2985 α’.
1814 2918 1968 3008 ἤχου
2019 2970 2031 2984 .
2085 2971 2097 2982 .
2153 2970 2166 2983 .
2218 2919 2346 2986 σελ.
2490 2923 2613 2984 1-
2664 2921 2770 2987 98.
2818 2908 2823 2913 ’

1275 3059 1359 3066 —-
1525 3023 1642 3082 τοῦ
1686 3016 1773 3100 β’.
1849 3058 1932 3065 -
2014 3071 2023 3080 .
2080 3073 2091 3086 .
2145 3072 2155 3083 .
2208 3017 2338 3085 σελ.
2434 3020 2746 3085 99-184
2769 3017 2838 3101 ³).

1523 3120 1641 3180 τοῦ
1686 3114 1764 3198 γ’.
1850 3157 1932 3163 —
2016 3171 2028 3183 .
2082 3167 2094 3179 .
2152 3171 2164 3184 .
2216 3115 2345 3182 σελ.
2401 3116 2769 3184 185—270.

1525 3218 1642 3278 τοῦ
1689 3212 1770 3277 δ’.
1849 3254 1934 3261 —--
2017 3270 2026 3279 .
2087 3269 2095 3277 .
2153 3266 2164 3278 .
2216 3213 2346 3280 σελ.
2398 3213 2770 3281 271-360,

1518 3316 1635 3377 τοῦ
1681 3311 1792 3379 πλ.
1845 3311 1927 3377 α’.
2016 3366 2029 3378 .
2090 3372 2097 3377 .
2153 3366 2163 3377 .
2216 3312 2344 3379 σελ.
2396 3313 2769 3378 361-448,

1524 3414 1640 3474 τοῦ
1687 3409 1831 3477 πλ.·
1848 3409 1935 3493 β’.
2016 3461 2030 3475 .
2083 3461 2093 3474 .
2153 3465 2163 3476 .
2215 3409 2344 3477 σελ.
2394 3410 2770 3477 449—532.

1409 3518 1414 3523 “
1523 3513 1640 3572 τοῦ
1684 3507 1920 3595 βαρέος
1966 3507 2119 3595 ἤχου
2212 3508 2341 3574 σελ.
2391 3509 2767 3574 532-614.

1523 3611 1639 3670 τοῦ
1683 3606 1795 3675 πλ.
1849 3605 1924 3673 δ’.
1996 3646 2082 3655 -—
2216 3606 2344 3673 σελ.
2396 3606 2768 3673 615-705.

1274 3156 1358 3653 ΙΙΙΙΙΙ

1030 3793 1073 3859 ¹)
1117 3796 1324 3844 Νεωσιὶ
1377 3796 1719 3859 ιυπωθεΐσα,
1777 3795 1866 3845 καὶ
1914 3792 2055 3863 ,ueni
2109 3794 2306 3859 πολλῆς
2355 3792 2663 3863 ἐπιμελείας
2711 3793 3079 3863 διορθωθεῗσα

844 3871 978 3924 teau?
1018 3872 1147 3930 τούς
1182 3873 1446 3930 παλαιούς
1468 3875 1728 3937 βιβλίους.
1782 3873 1878 3927 Ἐν
1901 3874 2007 3927 ἔτει
2033 3877 2125 3938 τῆς
2146 3874 2257 3926 ἀπὸ
2282 3878 2384 3927 τοῦ
2406 3873 2623 3943 κόσμου
2644 3878 2865 3933 κτίσεως
2886 3870 3077 3944 ,ζσμςζ

844 3954 932 4003 καὶ
971 3951 1081 4003 ἀπὸ
1121 3955 1211 4018 τῆς
1247 3951 1513 4021 ἐνσάρκου
1552 3956 1890 4025 οἰκονομίας,
1930 3953 2113 4021 αψλη’,
2151 3954 2285 4005 κατὰ
2323 3957 2475 4023 μῆνα
2509 3952 2836 4024 Ἀπρίλλιον.

1026 4031 1071 4099 ²)
1112 4033 1433 4087 Contulimus
1484 4033 1738 4089 editiones
1789 4050 1872 4088 an.
1912 4036 2052 4090 1783
2102 4033 2316 4105 (Νικολ,
2372 4033 2604 4105 How),
2665 4036 2802 4090 1837
2855 4035 3077 4103 (Γεωργ.

847 4111 1272 4183 Λιαμαντίδου),
1315 4114 1452 4170 1857
1491 4113 1626 4184 (τῶν
1659 4113 1991 4185 Βελούδων),
2030 4119 2084 4168 et
2121 4132 2203 4170 an.
2225 4116 2367 4171 1872
2402 4114 2486 4186 (ἐκ
2510 4118 2609 4167 τοῦ
2634 4112 3075 4181 Ἐλληνηυκογρ.

845 4197 943 4245 τοῦ
985 4192 1289 4263 Φοίνικος).

1026 4272 1070 4341 ⁸)
1111 4273 1253 4328 Duos
1290 4276 1383 4329 hos
1421 4276 1621 4345 priores
1659 4279 1836 4343 tonos,
1893 4276 1945 4330 in
1982 4276 2194 4330 latinum
2243 4293 2274 4331 a
2311 4276 2468 4330 Petro
2506 4276 2741 4331 Motellio
2788 4272 3075 4337 nausiam,

849 4354 1057 4409 exhibet
1083 4354 1260 4409 Jacob.
1282 4354 1463 4409 Billius
1491 4356 1628 4411 inter
1651 4371 1809 4426 opera
1847 4372 1888 4410 s,
1909 4357 2122 4411 Jonnnis
2141 4356 2467 4423 Damasceni,
2505 4356 2628 4411 edit.
2647 4356 2813 4412 Paris.
2831 4370 2905 4410 an.
2922 4354 3074 4415 1603,
