3514 5391
848 550 1021 612 Mense
1057 550 1320 628 Septemb.
1371 551 1586 613 Festum
1622 551 1733 615 vn.
1774 551 1933 612 dolor.
1971 550 2031 611 B.
2069 549 2130 611 V.
2167 553 2235 611 Μ.
2559 551 2666 611 509

428 754 518 819 sio
559 755 747 840 pueri
791 752 1289 841 Hierosolymis5
1350 754 1412 820 4.
1486 753 1816 833 Occursus,
1852 754 1925 819 in
1984 753 2187 818 erucis
2235 751 2626 842 bajulatione
2645 778 2670 825 ,-

426 850 486 919 5.
534 851 714 916 Mors
748 849 991 916 Christi
1033 853 1104 914 in
1149 874 1364 929 eruce3
1412 851 1474 916 6.
1523 850 1859 937 Depositio
1886 848 2051 914 Filii
2084 848 2160 913 de
2190 873 2406 925 eruce,·
2452 851 2511 916 7.
2556 847 2667 913 Se·

417 944 684 1033 pultum
738 946 977 1012 Christi
1005 948 1085 1034 ¹):
1148 969 1336 1033 quem
1383 969 1716 1015 numerum
1764 949 2036 1032 pictores
2083 968 2256 1015 more
2305 969 2417 1014 suo
2465 949 2668 1033 expri-

426 1052 689 1125 menteS,
752 1048 1089 1132 Deiparam
1157 1056 1398 1134 septem
1445 1048 1670 1135 gladiis
1730 1048 2096 1114 transfixam
2143 1047 2399 1132 pingere
2447 1045 2665 1112 solent.

600 1144 930 1221 Caeterum
1000 1174 1158 1239 quae
1218 1156 1296 1245 de
1359 1155 1660 1242 religione
1725 1176 1799 1221 ac
1862 1155 2029 1220 cultu
2093 1159 2332 1238 septem
2386 1151 2665 1218 dolorum

422 1249 868 1321 Sanctissimae
933 1252 1369 1339 Deigenitricis
1436 1254 1815 1320 disserentes
1887 1251 2322 1317 annotavimus
2382 1271 2485 1335 pp.
2541 1248 2669 1313 190

422 1355 483 1413 et
526 1349 687 1428 489,
735 1351 1015 1416 instituto
1065 1356 1277 1416 nostro
1325 1351 1522 1418 ferme
1571 1352 1912 1417 sufficiunt.
1979 1350 2051 1415 Id
2099 1370 2293 1414 unum
2340 1351 2551 1426 restat,
2601 1353 2672 1411 ut

420 1446 782 1513 authentico
832 1448 1099 1515 Decreto
1148 1450 1463 1535 proposito
1511 1451 1894 1527 ostendatur,
1946 1468 2210 1533 quanam
2260 1447 2498 1511 ratione
2544 1450 2669 1510 ter-

418 1545 540 1608 tius
587 1543 697 1609 hic
747 1546 1094 1613 dominicus
1141 1548 1275 1613 dies
1326 1549 1559 1614 mensis
1589 1548 1977 1633 Septembris
2009 1547 2210 1612 eidem
2241 1544 2454 1630 pietati
2484 1544 2672 1608 fuerit

419 1644 729 1709 addictus,
824 1645 939 1711 Est
986 1651 1197 1711 autem
1248 1647 1585 1713 Decretum
1632 1646 2029 1730 hujusmodi:

609 1750 851 1833 „Quum
901 1754 961 1819 in
996 1754 1259 1839 publicis
1289 1754 1610 1821 Ecclesiae
1628 1753 2096 1819 ‘calamitatibus
2126 1755 2308 1816 aucta
2334 1749 2667 1834 plurimum

418 1849 609 1914 fuerit
658 1850 905 1917 devotio
952 1873 1101 1939 erga
1132 1852 1582 1917 Beatissimam
1614 1853 1934 1936 Viryinem
1950 1855 2152 1940 juoeta
2181 1847 2493 1914 Simeonis
2511 1870 2674 1935 pro-

408 1948 706 2034 phetiam
748 1949 819 2013 in
867 1952 1087 2015 anima
1134 1951 1530 2035 transfixam,
1595 1950 1771 2034 cujus
1820 1948 2328 2016 commemoratio
2374 1947 2446 2012 fit
2492 1948 2672 2011 dum-

416 2050 590 2110 taxat
638 2045 798 2111 feria
844 2047 952 2113 VI.
1018 2053 1161 2132 post
1206 2049 1597 2114 Dominicam
1650 2048 2002 2127 PassioniS,
2066 2049 2217 2112 dum
2266 2045 2548 2112 Ecclesia
2593 2044 2672 2109 ob

416 2144 721 2210 sublimia
751 2145 1185 2232 Redemptoris
1232 2148 1551 2232 mysteria,
1603 2167 1762 2232 quae
1811 2167 1883 2212 eo
1931 2152 2212 2230 tempore
2261 2143 2672 2219 celebrantur,

416 2242 481 2306 in
528 2242 791 2308 tristitia
834 2250 1114 2311 versatur
1175 2251 1237 2312 et
1282 2245 1487 2323 luctu;
1552 2252 1869 2330 quumque
1932 2249 2260 2329 propterea
2315 2241 2678 2327 Apostolica

416 2339 619 2405 Sedes
660 2340 797 2423 jam
844 2344 1083 2426 pridem
1132 2344 1488 2421 indulserit,
1552 2348 1621 2408 ut
1668 2344 1730 2408 in
1780 2342 2009 2408 Ordine
2056 2342 2398 2408 Servorum
2445 2341 2675 2405 Beatae

423 2437 708 2524 Virginis
755 2439 973 2505 iterato
1021 2442 1189 2507 idem
1234 2442 1467 2507 festum
1516 2441 1877 2507 solemniter
1924 2444 2329 2527 perageretur
2372 2439 2437 2504 in
2464 2437 2676 2502 Domi-

419 2538 563 2603 nica
612 2538 803 2603 tertia
849 2537 1255 2624 SeptembriS,
1306 2542 1472 2625 quod
1522 2541 1918 2625 postmodum
1949 2538 2224 2605 extendit
2272 2538 2349 2602 ad
2379 2536 2676 2622 plurimas

418 2637 784 2721 provincias
844 2642 905 2704 et
950 2638 1300 2705 dioeceses:
1368 2637 1514 2705 hinc
1562 2637 1669 2706 SS.
1722 2638 1800 2705 D.
1849 2638 1931 2704 N.
1982 2637 2132 2703 Pius
2179 2634 2320 2700 VII.
2383 2633 2678 2700 Pontifex

420 2735 750 2800 Maximus
816 2736 919 2820 pia
976 2737 1301 2803 devotione
1372 2742 1579 2803 motus
1641 2758 1791 2824 erga
1852 2736 2291 2802 Beatissimam
2351 2732 2672 2819 Virginem

419 2834 702 2900 Mariam
753 2834 963 2900 dolore
1012 2836 1394 2916 transfixam,
1446 2837 1886 2902 accedentibus
1936 2836 2123 2900 etiam
2169 2833 2460 2917 precibus
2495 2830 2676 2896 Sere·

420 2933 677 2999 nissimi
727 2931 930 2998 Caroli
975 2933 1402 3000 Emmanuelis
1450 2933 1771 3000 Sardiniae
1822 2933 2030 3018 Regis,
2091 2950 2165 2997 ac
2213 2935 2356 2997 voto
2404 2929 2564 2994 Emi.
2617 2934 2679 2994 et

420 3030 592 3099 Rmi.
648 3029 735 3095 D.
787 3029 1130 3097 Cardinalis
1175 3031 1327 3097 Julii
1374 3032 1610 3097 Mariae
1674 3033 1751 3098 de
1800 3030 2104 3109 Somalia,
2166 3030 2255 3094 uti
2304 3027 2529 3095 Sacrae
2578 3027 2677 3093 Ri-

422 3134 606 3194 tuum
663 3127 1178 3215 Congregationis
1213 3130 1541 3208 Praefecti,
1593 3151 1742 3196 suae
1790 3129 1958 3195 vocis
2005 3127 2253 3194 oraculo
2301 3178 2317 3196 .
2370 3181 2382 3195 .
2437 3180 2450 3194 .
2500 3148 2676 3211 prae-

425 3228 631 3312 cepit,
699 3230 769 3292 ut
813 3227 876 3293 in
925 3223 1245 3312 posterum
1305 3231 1370 3294 in
1415 3230 1704 3294 universa
1748 3227 2032 3293 Ecclesia
2089 3227 2319 3309 ubique
2375 3231 2675 3291 terrarum

424 3325 769 3409 quotannis
793 3332 1148 3393 recurrente
1171 3328 1507 3393 Dominica
1532 3326 1645 3392 III.
1671 3327 2059 3411 Septembris
2082 3325 2429 3391 celebretur
2448 3323 2682 3407 festum

426 3421 751 3487 Dolorum
794 3423 1035 3490 Beatae
1083 3426 1339 3490 Mariae
1399 3425 1700 3513 Viryinis,
1751 3425 2141 3491 extendendo
2190 3425 2268 3489 ad
2317 3442 2534 3488 omnes
2566 3475 2579 3490 .
2616 3476 2627 3489 .
2665 3478 2676 3489 .

429 3520 733 3587 Officium
795 3528 857 3587 et
904 3523 1163 3590 Missam
1217 3525 1351 3610 jam
1398 3545 1696 3591 concessa
1744 3525 1958 3589 Ordini
2008 3522 2343 3588 Servorum
2401 3522 2680 3606 ejusdem

428 3619 671 3685 Beatae
729 3620 965 3686 Mariae
1013 3622 1290 3708 Virginis
1356 3623 1469 3688 sub
1536 3624 1656 3688 ritu
1719 3622 1949 3706 duplici
2016 3620 2235 3705 majori
2284 3668 2299 3684 .
2354 3673 2366 3686 .
2422 3671 2433 3683 .
2500 3620 2683 3685 firma

430 3782 645 3790 -ῌ-φψ
662 3784 867 3792 a-—n--q

622 3868 667 3938 ¹)
708 3869 842 3924 Olim
877 3871 1080 3926 dolores
1118 3871 1261 3925 varie
1297 3871 1700 3926 recensebantur
1736 3870 1800 3925 ab
1839 3870 1920 3936 iia,
1968 3869 2054 3938 qui
2093 3869 2206 3938 piae
2247 3885 2421 3924 eorum
2460 3874 2683 3923 contem-

432 3951 657 4021 plationi
705 3952 987 4018 vacabant3
1041 3950 1129 4005 alii
1180 3952 1313 4005 enim
1364 3951 1529 4021 primo
1566 3951 1730 4005 dolori
1781 3949 2167 4004 substituebant
2208 3949 2680 4004 Circumcisionem

422 4030 602 4101 paeri
612 4046 639 4102 ,·
678 4031 767 4086 alii
804 4035 988 4104 quarto
1024 4031 1136 4087 loco
1171 4034 1430 4102 ponebant
1464 4032 1838 4102 Captivitatem
1868 4030 2094 4097 Christi,
2131 4046 2221 4084 seu
2261 4030 2487 4085 dolorem
2523 4030 2683 4094 illum,

434 4129 590 4184 quem
629 4129 789 4183 passa
825 4117 908 4168 est
942 4118 1110 4168 mater
1146 4118 1358 4183 propter
1392 4114 1551 4167 filium
1589 4130 1619 4167 a
1656 4112 1869 4168 Judaeis
1907 4117 2131 4181 captum,
2171 4112 2362 4165 omissa
2389 4112 2682 4180 sepultura;

437 4196 527 4250 alii
578 4199 823 4266 quartum
873 4194 1098 4249 dolorem
1146 4194 1407 4249 habebant
1442 4193 1583 4248 Filii
1615 4210 1649 4247 a
1688 4194 1875 4247 Matre
1911 4192 2212 4247 discessum
2251 4191 2326 4246 ad
2347 4191 2686 4262 passionem,

315 4309 324 4318 ·
438 4274 712 4345 sepultura
749 4274 988 4329 similiter
1021 4274 1227 4328 omissa.
1301 4274 1658 4343 Septenarium
1706 4289 1973 4327 numerum
2011 4277 2182 4326 autem
2235 4272 2299 4326 ad
2338 4276 2536 4341 septem
2577 4271 2686 4325 fun-

440 4356 655 4409 datores
693 4353 899 4409 Ordinis
935 4370 1199 4409 servorum
1237 4354 1297 4408 B.
1336 4354 1403 4409 M.
1430 4353 1492 4409 V.
1528 4355 1780 4420 referunt,
1817 4354 1949 4424 quod
1977 4353 2180 4406 dolores
2204 4352 2569 4421 Deigenitricis
2593 4367 2688 4421 per

441 4452 532 4490 eos
570 4435 680 4489 sint
716 4434 771 4488 in
809 4439 1008 4503 septem
1060 4434 1237 4489 divisi:
1288 4435 1710 4504 quemadmodum
1756 4433 1987 4503 pluribus
2038 4437 2357 4502 exequuntur
2406 4432 2686 4501 scriptores

440 4515 643 4570 laudati
683 4513 822 4584 apud
859 4513 1138 4580 Moroni,
1177 4514 1527 4580 Dieionario,
1564 4519 1603 4568 t.
1642 4514 1728 4579 64,
1769 4529 1851 4583 pp.
1890 4513 2204 4567 296—299-
