3514 5391
848 524 954 578 444
1491 524 1650 578 Festa
1688 525 1895 579 mobilia
1928 531 2047 595 post
2084 525 2446 581 Pentecosten.

1029 723 1403 811 Κυριακὴ
1451 723 1731 812 πρώτη
1777 729 1913 788 τοῦ
1962 719 2445 791 Ματθαιόυ.
2541 725 2761 791 Dom.
2810 724 2860 792 I.
2912 730 3087 812 post

847 823 1436 890 Pentecosten.

1025 951 1082 1014 A
1115 949 1448 1015 Dominiea
1494 951 1773 1014 omnium
1813 949 2184 1015 Sanctorum
2233 951 2310 1015 ad
2346 970 2628 1015 mensem
2654 949 3087 1036 Septembrem

847 1047 1203 1113 inchoatum
1252 1048 1545 1113 dominici
1595 1049 1727 1114 dies
1776 1050 1992 1114 ordine
2021 1050 2385 1133 procedunt,
2436 1069 2613 1133 quoS,
2664 1048 2740 1113 ab
2772 1047 3086 1133 evangelio

847 1147 1013 1230 quod
1072 1145 1330 1232 legitur,
1396 1144 1514 1222 τὰς
1556 1151 1672 1210 τοῦ
1718 1142 2089 1211 Ματθαιόυ
2135 1145 2437 1232 κυριακάς
2497 1153 2877 1232 nuncupant.
2980 1147 3086 1212 Se-

847 1249 1120 1329 quuntur
1166 1245 1288 1309 duo
1337 1246 1469 1310 dies
1500 1246 1814 1325 dominici,
1864 1248 1969 1331 qui
2004 1249 2082 1312 ad
2118 1249 2345 1312 festum
2372 1247 2778 1312 Exultationis
2802 1268 2852 1313 S.
2878 1244 3088 1313 Crucis

846 1344 1174 1427 pertinent.
1283 1345 1445 1409 Hine
1513 1346 1588 1409 ad
1650 1344 1892 1410 initium
1958 1346 2190 1411 Triodii
2255 1346 2330 1411 ab
2395 1344 2715 1431 evangelio
2776 1365 2826 1410 s.
2885 1345 3088 1410 Luc-ae

848 1462 1073 1508 nomen
1120 1442 1371 1509 habent.
1465 1444 1655 1527 Apud
1703 1444 1978 1510 Graecos
2044 1445 2283 1510 seilicet
2341 1445 2581 1510 dierum
2638 1444 3087 1510 dominicorum

846 1541 1098 1605 nomina
1144 1541 1218 1605 ab
1269 1541 1692 1628 evangelistiS‚
1762 1563 1837 1608 ex
1899 1564 2165 1628 quorum
2228 1543 2546 1629 evangelio
2595 1545 2671 1609 ad
2718 1543 2983 1608 Missam
3031 1546 3091 1607 et

845 1643 1004 1704 inter
1053 1640 1272 1704 Officia
1318 1641 1564 1726 legitur,
1614 1643 1856 1708 desumi
1904 1648 2389 1721 consueverunt,
2452 1642 2570 1708 nisi
2620 1644 2816 1726 major
2863 1641 3088 1707 solem-

845 1739 1005 1804 nitas
1065 1739 1232 1804 diem
1279 1740 1397 1804 sibi
1447 1740 1863 1807 vindicaverit.
1957 1741 2191 1823 Quare,
2263 1762 2456 1826 quum
2517 1747 2797 1825 tempore
2858 1738 3089 1804 Triodii

846 1839 907 1901 et
951 1836 1417 1912 Pentecostarii,
1469 1837 1530 1903 h.
1583 1860 1658 1916 e.,
1710 1861 1747 1905 a·
1793 1841 2135 1905 Dominica
2170 1839 2514 1927 publicani
2557 1838 2968 1926 aphar-isaei
3013 1837 3089 1901 ad

844 1936 1052 2021 ipsam
1098 1936 1505 2001 Pentecosten
1571 1958 1822 2023 semper
1885 1939 2132 2023 aliquod
2197 1939 2561 2023 mysterium
2621 1958 2733 2003 sua
2789 1937 3089 2022 dignitate

845 2035 1251 2118 eonspiouum
1298 2035 1558 2120 singulis
1606 2036 1828 2102 diebus
1874 2033 2202 2102 dominiois
2251 2035 2626 2114 celebretur,
2688 2036 2927 2100 factum
2975 2038 3087 2110 est,

843 2137 913 2196 ut
961 2132 1478 2218 evangelistarum
1539 2135 1793 2200 nomina
1854 2136 2156 2200 cessarint
2222 2139 2284 2200 et
2331 2135 2630 2219 mysteria
2689 2134 2853 2199 diem
2907 2153 3089 2198 oecu-

847 2231 1049 2314 pando
1095 2230 1256 2295 festo
1303 2252 1532 2296 nomen
1579 2232 1945 2312 indiderint,
2010 2236 2176 2318 quod
2238 2237 2380 2319 post
2437 2233 2853 2299 Pentecosten
2918 2231 3094 2297 aliter

847 2329 1080 2407 evenit;
1150 2333 1296 2394 tune
1345 2332 1543 2408 enim,
1608 2350 1803 2415 quum
1850 2331 2087 2398 nullum
2138 2333 2499 2416 mysterium
2551 2330 2937 2416 splendidius
2993 2330 3091 2394 die

846 2425 1157 2492 dominico
1205 2429 1571 2507 celebretur,
1622 2430 1972 2495 dominicus
2002 2431 2145 2516 ,ipse
2177 2432 2310 2496 dies
2343 2431 2419 2496 ab
2452 2429 2830 2515 evangelista
2862 2448 3089 2494 nomen

847 2524 1039 2591 habet
1065 2526 1132 2610 ¹).

1023 2703 1186 2792 Περὶ
1245 2710 1356 2793 τῆς
1412 2711 1540 2770 τῶν
1600 2704 2057 2790 εὖαγγελιστῶν
2118 2707 2452 2797 διαδοχῆς,
2522 2708 2739 2773 πόθεν
2785 2705 3091 2793 ἄρχονται

845 2801 952 2866 καὶ
999 2808 1131 2868 ποῦ
1177 2803 1657 2889 καταλήγουσιν.
1711 2845 1795 2853 -
1845 2807 1943 2870 De
1982 2807 2511 2892 evanyelistarum
2543 2806 2784 2886 ordine,
2832 2806 3091 2893 quando

843 2904 1163 2989 incipiant
1209 2914 1268 2968 et
1314 2903 1424 2968 ubi
1459 2903 1716 2988 finiant.

1023 3030 1117 3095 Ea
1162 3031 1238 3095 de
1285 3051 1353 3095 re
1402 3030 1711 3097 Praefatio
1776 3033 1853 3097 ad
1902 3029 2475 3118 Εὖαγγελιστάριον
2535 3054 2608 3098 ex
2666 3031 2824 3097 libro
2882 3035 3091 3094 Ῥιπι-

845 3124 957 3190 κὸν
1013 3132 1125 3214 τῆς
1170 3125 1694 3213 ἐκκλησιαστικῆς
1740 3124 2139 3206 ἀκολουθίας
2202 3137 2449 3215 praeter
2495 3131 2613 3196 alia
2659 3129 2815 3195 haee
2861 3130 3091 3195 refert:

1025 3232 1260 3300 Ἰστέον
1329 3233 1431 3301 ὅτι
1499 3235 1576 3300 τὸ
1641 3233 1805 3323 ὕφος
1827 3237 1879 3320 2)
1960 3241 2075 3301 τοῦ
2142 3235 2308 3301 κατὰ
2373 3236 2663 3324 Ἰωάννην
2728 3232 3095 3320 εὐαγγελίοι·

846 3330 1341 3415 ἀναγινώσκεται
1391 3331 1459 3399 ἐν
1506 3332 1690 3411 ὅλαις
1736 3329 2090 3418 ἑβδομάσιν
2136 3329 2340 3417 ἑπτά,
2403 3334 2752 3422 ἀρχόμενον
2797 3331 2938 3399 αἰτὸ
2985 3338 3096 3422 τῆς

1028 3512 1069 3579 ¹)
1110 3513 1265 3567 Plura
1302 3515 1364 3568 de
1401 3514 1497 3567 hoc
1536 3519 1843 3583 argumento
1882 3513 2112 3583 disputat
2164 3514 2245 3567 vir
2281 3514 2637 3568 diffusissimae
2683 3514 2923 3568 lectionis
2962 3513 3094 3568 Leo

845 3592 1156 3646 Allatius
1200 3597 1312 3647 tum
1361 3595 1411 3648 in
1464 3595 1707 3664 opusculo
1759 3594 1827 3648 de
1863 3594 2150 3649 dominicis
2186 3599 2241 3648 et
2273 3595 2697 3649 hebdomadibus
2734 3596 3095 3653 Graecorum.

845 3674 876 3741 ξ
913 3674 978 3727 31
995 3714 1008 3740 ,
1060 3676 1169 3727 tum
1208 3673 1259 3726 in
1295 3673 1685 3729 dissertatione
1723 3675 1774 3728 1.
1825 3674 1893 3729 de
1929 3675 2090 3729 libris
2127 3674 2509 3730 ecclesiasticis
2547 3677 2900 3741 Graecorum,
2953 3692 3006 3729 n.
3043 3679 3094 3730 3.

845 3752 1035 3807 Exstat
1071 3754 1122 3807 in
1158 3754 1381 3809 Fabricii
1419 3755 1743 3810 Bibliotheca
1780 3771 1989 3825 graeca,
2029 3755 2062 3809 l.
2088 3755 2139 3823 ὅ,
2178 3756 2396 3825 append.
2422 3772 2507 3825 pp.
2527 3756 2740 3811 25—26
2767 3755 2917 3821 (edit.
2937 3756 3093 3810 Ham-

846 3834 993 3903 burg·
1026 3836 1522 3985 ῧῃὲἵέρῖοὲςῗξπορνίο
1559 3916 1770 3982 textile,
1820 3917 1868 3969 h.
1909 3932 1971 3983 e.,
2024 3916 2074 3969 id
2114 3917 2278 3986 ipsum
2324 3916 2456 3986 quod
2499 3921 2695 3970 textum
2733 3922 2816 3969 est
2869 3918 3093 3986 (germ.

846 3994 1109 4062 Gewebe),
1138 3997 1341 4050 averbo
1367 3994 1605 4066 ὑφαίνω,
1631 3995 1814 4066 ὐφάω,
1841 4000 1985 4063 tex0,
2005 3997 2196 4051 ordior
2217 3998 2437 4066 (germ.
2461 3997 2677 4060 weben).
2716 3994 2995 4051 Translate
3023 3997 3093 4051 di·

846 4076 979 4131 citur
1003 4082 1112 4130 tum
1142 4077 1204 4131 de
1243 4079 1474 4131 oratione
1512 4076 1600 4147 (τό
1640 4076 1782 4147 ὕφος
1807 4079 1907 4129 τοῦ
1931 4075 2144 4147 λόγου),
2183 4081 2292 4131 tum
2319 4078 2381 4132 de
2408 4094 2563 4147 opere
2588 4077 2781 4147 scripto
2819 4075 2910 4146 (td
2951 4076 3095 4147 ὕφος

847 4160 946 4209 τοῦ
978 4156 1235 4228 βιβλίου),
1275 4158 1430 4227 vulgo
1467 4160 1651 4211 textus
1686 4158 1821 4223 libri,
1872 4160 2154 4212 contextus
2190 4158 2456 4211 orationis
2532 4156 2677 4211 Unde
2716 4162 2857 4211 reete
2898 4157 2984 4211 hic
3021 4157 3093 4211 di-

846 4238 979 4291 citur
1014 4237 1119 4307 legi
1157 4237 1219 4288 τὸ
1257 4237 1400 4307 ὕφος
1436 4240 1537 4289 τοῦ
1571 4237 1704 4288 κατά
1737 4236 1995 4302 Ἰωάννην
2021 4237 2363 4317 εὐαγγελίου,
2402 4241 2588 4292 textus
2612 4236 2881 4307 eeanyelii
2903 4254 3091 4292 secun·

845 4317 970 4371 dum
1008 4318 1274 4372 Joannem
1291 4359 1308 4385 ,
1357 4319 1477 4389 quia
1524 4320 1730 4388 integer
1780 4320 1889 4389 ejus
1926 4324 2103 4373 textus
2153 4320 2450 4373 continuata
2486 4316 2818 4388 τμημάτων,
2870 4318 2922 4372 in
2961 4334 3093 4389 quae

845 4397 1038 4451 divisus
1076 4403 1173 4467 est,
1211 4400 1344 4453 serie
1382 4401 1704 4453 continenter
1740 4398 2009 4467 recitatur,
2049 4400 2209 4454 donee
2244 4400 2405 4454 finiat.
2487 4399 2562 4452 Eo
2589 4399 2824 4454 absoluto
2849 4398 3094 4453 similiter

845 4475 907 4531 τό
955 4476 1098 4553 ῧφος
1142 4481 1242 4530 τοῦ
1289 4478 1423 4535 nato?
1476 4482 1782 4537 Ματθαῑον
1834 4477 2189 4555 εὐαγγελίου,
2244 4484 2431 4536 textus
2480 4480 2750 4551 evanqelii
2793 4478 3089 4543 secandum
