3514 5391
1101 530 1330 596 Πέμπτη
1369 530 1466 579 τοῦ
1499 525 1753 596 μεγάλου
1790 525 2038 585 κανόνος.
2586 527 2689 581 153

1311 638 1554 645 ——--—-———-—
1585 639 1690 645 -—--.--
1723 639 1853 645 *—-
1968 639 2009 643 -.

450 723 726 803 νάζουσι,
775 727 867 809 τῷ
910 729 1022 812 τῆς
1066 721 1134 789 ἐν
1164 729 1514 789 Κωνστᾰν-

444 846 502 886 τι
512 822 810 887 revadiet
880 816 1162 910 Ἐκκλησί
1167 845 1242 899 ας
1305 818 1513 909 κλήρῳ

445 917 880 1004 καταλέγεται·
911 912 1057 986 εἶτα
1081 918 1378 998 διάκονος
1403 920 1512 985 καὶ

445 1017 936 1108 ὀρφανοτρόφος
978 1017 1048 1084 ἐν
1085 1018 1284 1108 ταύτῃ
1313 1014 1512 1084 καθί-

446 1140 699 1183 σταται·
746 1116 855 1182 ucri
886 1117 1050 1202 μετὰ
1075 1116 1303 1203 μικρὸν
1333 1116 1512 1204 ἀρχι-

443 1212 808 1293 επίσκοπος
855 1215 1108 1304 Κρήτης
1160 1215 1511 1300 γενόμενος,

445 1315 510 1393 ἐς
553 1314 819 1402 ἵστερον
863 1312 1132 1400 ἅγχιστά
1177 1337 1310 1380 που
1348 1315 1514 1398 πρὸς

443 1419 518 1503 τῇ
562 1414 866 1503 λεγομένῃ
910 1413 1152 1501 Ἱερισῳ
1199 1411 1512 1501 καταντή-

446 1535 562 1591 σας
592 1512 661 1579 ἓν
685 1512 1044 1601 ΙΙΙιτυλήνῃ,
1074 1512 1240 1601 πρὸς
1269 1511 1515 1599 Κύριον

446 1610 721 1701 ἓκδημεῖ,
771 1610 1131 1698 ἄρκοίντως
1181 1616 1298 1677 τοῦ
1343 1606 1513 1677 ἰδίου

447 1710 686 1796 θρόνου
734 1708 805 1776 ἐν
848 1708 1109 1794 μεθέξει
1158 1709 1510 1794 γενόμενος,

1621 725 1682 790 in
1731 746 1806 791 ea
1851 726 2163 790 diaconus.
2207 730 2269 790 et
2317 725 2687 810 pupillorum

1626 829 1872 889 curator
1932 827 1995 888 et
2049 823 2205 890 altor
2261 823 2685 890 constituitur:

1623 943 1736 988 nec
1762 922 1946 1008 longo
1972 926 2111 1007 post
2135 928 2435 1007 tempore,
2485 922 2686 988 archi-

1620 1022 1951 1105 episcopus
1976 1020 2201 1087 Gretae
2228 1021 2548 1086 ordinatus
2572 1026 2686 1088 est.

1622 1120 1852 1184 Postea
1879 1121 2158 1204 proxime
2201 1121 2276 1184 ad
2307 1118 2532 1196 locum,
2583 1120 2688 1203 qui
2736 1128 2749 1138 ‘

1623 1218 1904 1283 Hierisus
1950 1218 2193 1296 dicitur,
2256 1239 2447 1302 quum
2496 1218 2687 1303 Mity-

1620 1316 1829 1381 lenum
1859 1317 2259 1400 pervenisset,
2294 1317 2582 1402 migravit
2610 1318 2687 1381 ad

1622 1415 1979 1493 Dominum,
2045 1435 2234 1499 quum
2284 1415 2434 1481 satis
2494 1415 2688 1480 multo

1621 1519 1903 1598 tempore
1925 1534 2099 1579 suam
2127 1514 2343 1579 sedem
2368 1514 2684 1579 tenuisset.

1621 1614 1776 1695 Ejus
1814 1614 2362 1679 intercessionibus
2392 1613 2686 1678 miserere

1621 1713 1836 1790 nostri,
1889 1712 2078 1791 Deus.

453 1813 611 1887 Ταῖς
656 1807 858 1874 αὐτοῦ
885 1805 1265 1895 πρεσβείαις
1284 1807 1319 1873 ὀ
1351 1807 1515 1887 Θεὸς

445 1905 705 1995 ἐλέησον
750 1905 931 1996 ἡμᾶς.

620 2035 817 2100 Porro
867 2054 1130 2119 magnus
1179 2034 1294 2099 iste
1343 2054 1539 2099 canon
1589 2043 1886 2100 consueto
1936 2037 2192 2101 Graecis
2239 2056 2410 2100 more
2459 2036 2549 2100 sic
2596 2037 2688 2098 di-

447 2132 669 2198 viditur
713 2134 778 2198 in
827 2134 980 2198 odas
1026 2153 1269 2211 novem,
1318 2137 1388 2197 ut
1431 2134 1594 2198 inter
1623 2134 1923 2218 cujusque
1956 2136 2112 2201 odae
2145 2133 2499 2200 conclusiva
2541 2156 2687 2218 τρο-

445 2229 667 2316 πάρια,
716 2229 1020 2317 τριαδικά
1065 2231 1301 2297 scilicet
1357 2236 1418 2297 et
1469 2229 1801 2312 θεοτόκια,
1863 2234 2192 2318 ipsumque
2242 2233 2495 2299 canonis
2543 2253 2689 2298 cou-

448 2336 678 2395 textum
730 2331 1204 2414 interponantur
1250 2331 1521 2416 troparia
1565 2331 1688 2396 duo
1736 2333 1815 2396 de
1863 2352 1911 2399 s,
1964 2332 2166 2397 Maria
2192 2332 2581 2417 Aegyptiaca
2630 2335 2691 2395 et

446 2429 694 2494 tertium
744 2429 823 2493 de
868 2429 1005 2514 ipso
1053 2448 1102 2495 s,
1154 2430 1440 2495 Andrea:
1492 2434 1560 2494 ut
1606 2431 1760 2495 adeo
1791 2431 2148 2508 universim,
2198 2430 2396 2496 donec
2425 2428 2689 2514 illiquo-

449 2548 561 2611 que
611 2547 726 2611 per
774 2531 982 2611 partes
1028 2528 1273 2593 decursi
1321 2528 1445 2593 sint
1492 2549 1780 2605 canoneS,
1830 2533 2234 2595 numerentur
2262 2529 2537 2615 troparia
2557 2528 2690 2593 320

451 2646 584 2691 cum
635 2625 903 2691 millenis
951 2626 1195 2692 circiter
1242 2628 1519 2712 corporis
1565 2627 2102 2713 prostrationibus

622 2724 923 2812 Singulae
984 2725 1368 2810 singulorum
1435 2727 1847 2809 tropariorum
1910 2728 1988 2792 de
2049 2747 2098 2793 S.
2158 2727 2360 2792 Maria
2426 2727 2691 2793 initiales

448 2824 677 2901 literae,
731 2823 947 2890 ordine
995 2825 1287 2890 continno
1334 2825 1648 2904 collectae,
1697 2826 1761 2891 in
1808 2827 1943 2909 ipso
1976 2826 2224 2892 Triodio
2254 2826 2560 2891 conficere
2598 2826 2690 2890 di-

449 2927 670 2988 cuntur
731 2915 1190 3007 ἅκροστιχίδατ
1257 2921 1347 2987 Σὺ
1408 2920 1445 3011 ἡ
1490 2917 1642 2987 ὁσία
1689 2917 1921 3007 Μαρία
1979 2923 2236 3012 βοήθει.
2347 2923 2692 2989 Censentur

449 3027 649 3086 autem
700 3021 975 3106 troparia
1021 3043 1058 3087 a
1104 3042 1153 3089 s,
1204 3021 1550 3107 Sophronio
1599 3027 1865 3102 exarata,
1916 3025 2165 3108 quando
2211 3042 2421 3088 sacros
2454 3021 2691 3087 divino-

449 3139 584 3184 rum
631 3119 984 3185 officiorum
1029 3120 1241 3199 libros
1293 3141 1329 3185 a
1374 3141 1422 3185 s.
1476 3120 1642 3186 Saba
1687 3121 1831 3186 olim
1884 3122 2219 3200 ordinatOS‚
2269 3121 2379 3187 sed
2429 3142 2541 3206 per
2579 3120 2690 3187 Sa-

447 3238 811 3283 racenorum
848 3218 1229 3302 direptiones
1259 3219 1387 3284 fere
1418 3219 1795 3302 deperditos,
1845 3220 1906 3284 in
1943 3219 2295 3285 Palaestina
2324 3221 2695 3286 restauravit

450 3321 510 3382 et
554 3317 891 3401 ampliavit.
986 3318 1282 3401 Troparia
1328 3318 1405 3382 de
1453 3337 1503 3382 s.
1557 3319 1811 3383 Andrea
1857 3319 2106 3383 tandem
2154 3322 2333 3405 grata
2361 3320 2692 3403 posteritas

451 3434 745 3499 usurpare
794 3416 1028 3500 coepit,
1090 3416 1292 3480 vicem
1338 3413 1593 3481 honoris
1640 3416 1903 3482 reddere
1967 3417 2178 3482 volens
2235 3418 2500 3496 auctori,
2560 3418 2691 3500 jam

452 3512 606 3578 inter
651 3513 829 3578 divos
876 3513 1103 3590 relato,
1171 3534 1282 3599 pro
1330 3515 1780 3599 compositione
1841 3519 1965 3580 tam
2031 3515 2197 3581 utilis
2244 3516 2468 3600 operis
2563 3514 2688 3582 cfr.

454 3608 945 3696 Papebroch.
994 3612 1032 3677 l.
1084 3631 1136 3678 c.
1188 3632 1248 3679 n.
1302 3613 1583 3678 12—13.

623 3719 728 3783 Ad
774 3717 962 3802 hujus
1010 3719 1386 3786 celebritatis
1431 3741 1727 3804 pompam
1777 3720 1920 3785 olim
1951 3719 2137 3785 GPoli
2185 3722 2575 3806 pertinuisse,
2627 3724 2695 3785 ut

455 3816 580 3899 ejus
627 3816 875 3903 vigiliae
905 3817 1265 3883 solemniter
1292 3823 1739 3904 peragerentur
1777 3818 1838 3883 in
1873 3818 2013 3883 aula
2041 3819 2455 3903 imperatoris,
2507 3839 2695 3902 supra

447 3913 572 3997 jam
618 3915 1174 3982 animadvertimus
1220 3921 1370 3984 tom.
1424 3918 1481 3995 1,
1531 3937 1590 4000 p.
1639 3916 1744 3982 56.

623 4051 749 4117 Sed
797 4051 942 4117 finis
989 4051 1135 4117 siti.
1195 4052 1372 4133 Quod
1419 4052 1727 4137 reliquum
1777 4058 1873 4119 est
1902 4053 2171 4138 spatium
2200 4053 2270 4138 ¹),
2321 4053 2695 4117 concedatur

457 4146 617 4214 brevi
678 4149 944 4215 orationi
1009 4148 1179 4238 ψυχὴ
1220 4172 1378 4232 μου,
1451 4152 1734 4236 superius
1799 4151 2140 4249 promissae
2202 4172 2262 4236 p.
2313 4151 2432 4216 89:
2506 4170 2693 4234 quam

751 4278 876 4285 ‘—

489 4381 496 4386 .
627 4328 670 4396 ι)
709 4328 875 4382 Festo
913 4327 1277 4382 Pretiosissimi
1315 4328 1616 4398 Sanguinis,
1674 4329 1809 4399 quod
1846 4329 2006 4384 feriae
2044 4329 2129 4383 VI.
2168 4329 2414 4383 tributum
2455 4331 2560 4394 est,
2613 4327 2695 4381 hic

456 4404 611 4463 locum
643 4423 750 4463 non
790 4407 991 4473 damuS,
1028 4423 1179 4477 quum
1219 4410 1350 4463 idem
1387 4410 1692 4480 mysterium
1727 4409 1896 4463 altera
1931 4410 2045 4463 vice
2083 4410 2239 4463 simus
2260 4408 2573 4464 celebraturi
2593 4408 2693 4464 Do·

451 4488 629 4558 minica
666 4489 706 4543 1.
747 4487 894 4554 Julii‚
933 4486 1017 4542 ubi
1054 4492 1110 4544 ct
1144 4490 1206 4544 de
1244 4490 1528 4546 rationibus
1565 4491 1676 4563 ejus
1713 4506 1883 4548 sermo
1922 4490 2040 4546 erit.
