3514 5391
886 557 992 613 382

886 770 1006 818 σου,
1045 758 1261 824 Σῶτερ,
1310 751 1655 817 ἀνάπαυσον,
1706 753 1958 822 φύλαξον

887 834 1056 901 αὐτην
1106 838 1181 894 εἰς
1228 833 1332 899 τήν
1366 838 1645 905 μακαρίαν
1680 834 1824 899 ζωὴν
1858 834 1959 899 τὴν

886 915 1032 987 παρά
1060 931 1183 977 σου,
1210 914 1572 985 φιλάνθρωπε
1602 955 1611 964 .
1643 958 1654 969 .
1686 958 1698 971 .
1737 912 1793 968 Ὁ
1823 913 1958 972 Θεὸς

886 1000 995 1050 τῶν
1032 996 1365 1066 πνευμάτων
1402 998 1489 1047 καὶ
1528 994 1703 1061 πάσης
1741 992 1955 1065 σαρκός,

887 1075 916 1129 ὁ
955 1076 1056 1130 τόν
1093 1075 1344 1129 θάνατον
1397 1073 1802 1141 καταπατήσας,
1858 1073 1958 1127 τὸν

887 1157 945 1210 δὲ
983 1156 1245 1222 διάβολον
1294 1154 1634 1227 καταργήσας
1680 1158 1769 1207 καὶ
1815 1153 1958 1219 ζωήν

888 1241 962 1305 τῷ
996 1229 1188 1306 κόσμῳ
1223 1250 1325 1289 σον
1351 1234 1756 1306 δωρησάμενος,
1797 1232 1959 1292 αὐτὸς

889 1316 1058 1389 Κύριε
1106 1316 1435 1371 ἀνάπαυσον
1482 1315 1581 1382 τήν
1618 1313 1813 1384 ψυχὴν
1857 1318 1958 1367 τοῦ

885 1400 1284 1468 κεκοιμημένον
1333 1395 1539 1449 δούλου
1585 1410 1716 1456 σου,
1774 1395 1959 1461 τοῦδε,

885 1479 944 1533 ἐν
980 1477 1129 1545 τόπῳ
1155 1479 1422 1548 φωτεινῷ,
1460 1476 1519 1529 ἐν
1553 1475 1702 1542 τόπῳ
1727 1477 1956 1546 χλοερῷ,

884 1559 944 1612 ἐν
980 1558 1129 1625 τόπῳ
1166 1556 1511 1625 ἀναψύξεως,
1563 1556 1703 1609 ἔνθα
1749 1554 1960 1626 ἀπέδρα

886 1637 1086 1705 ὀδύνη,
1136 1636 1280 1704 λύπη
1329 1640 1420 1689 καὶ
1467 1635 1795 1705 στεναγμός·
1843 1642 1959 1689 πᾶν

884 1718 1187 1791 ἁμάρτημα
1223 1717 1287 1770 ui
1325 1716 1452 1787 παρ’
1491 1716 1664 1770 αὐτοῦ
1698 1717 1958 1786 πραχθὲν

886 1801 945 1854 ἐν
979 1800 1127 1868 λόγῳ
1162 1798 1195 1866 ἢ
1226 1799 1367 1871 ἔργῳ
1402 1797 1437 1865 ἢ
1462 1797 1687 1865 διανοίᾳ
1721 1797 1794 1857 ὥς
1817 1797 1956 1867 α’γα-

887 1877 989 1939 θός
1037 1883 1127 1931 καὶ
1183 1878 1578 1952 φτλιένθρωπος
1633 1877 1772 1936 Θεὸς
1824 1892 1956 1946 συγ-

887 1960 1160 2031 χώρησον.

1598 555 1761 610 Festa
1794 555 2003 611 mobilia
2039 560 2160 626 post
2194 552 2412 609 Pascha.

2598 664 3117 673 ..——-—.--————-—-

2066 750 2317 822 tor,»fac
2355 752 2690 824 quiescere,
2748 751 3030 824 illamque
3066 750 3122 808 in

2065 833 2304 891 beatam
2326 833 2515 890 vitam
2540 848 2692 906 quae
2719 830 2878 905 apud
2902 829 2992 888 Te
3019 835 3122 896 est,

2065 912 2338 983 benigne,
2365 912 2595 971 custodi
2625 953 2638 966 .
2670 957 2683 969 .
2714 957 2727 970 .
2767 911 2936 969 Deus
2962 910 3125 984 spiri-

2065 999 2227 1051 tuum
2250 993 2551 1066 omnisque
2573 992 2789 1060 carnis,
2824 991 2921 1064 qui
2943 993 3123 1048 morte

2067 1074 2419 1132 conculcata
2445 1077 2507 1131 et
2522 1072 2757 1130 diabolo
2785 1071 3023 1130 devicto
3049 1071 3126 1130 vi·-

2067 1158 2190 1211 tam
2218 1152 2431 1211 mundo
2456 1152 2712 1225 largitus
2740 1168 2822 1222 es,
2862 1152 2991 1225 ipse
3011 1151 3127 1209 Do·

2066 1233 2242 1305 mine,
2257 1231 2359 1292 fac
2375 1233 2680 1306 quiescere
2699 1232 2961 1290 animam
2974 1233 3129 1291 servi

2010 1379 2016 1389 ,
2067 1314 2157 1372 tui
2195 1311 2462 1372 defuncti
2511 1313 2574 1371 in
2625 1313 2755 1371 loco
2799 1312 3016 1384 lucido,
3070 1312 3127 1370 in

2066 1394 2193 1452 loco
2233 1410 2492 1466 amoene,
2539 1394 2600 1452 in
2638 1394 2767 1452 loco
2804 1391 3128 1466 refrigerii,

2065 1475 2168 1533 nbi
2194 1475 2379 1546 dolor,
2419 1490 2706 1533 aerumna
2734 1480 2797 1532 et
2813 1472 3127 1547 suspirium

2068 1553 2343 1628 aufugit.-
2396 1553 2583 1614 Omne
2633 1559 2947 1629 peccatum
3006 1553 3129 1611 sive

2066 1637 2250 1694 verbo
2309 1636 2436 1695 sive
2487 1652 2666 1708 opere
2724 1635 2852 1693 sive
2908 1634 3132 1707 cogita-

2069 1716 2230 1774 tione
2282 1717 2357 1783 ab
2409 1717 2536 1790 ipso
2576 1716 2976 1788 commissum,
3026 1712 3133 1784 Tu,

2065 1797 2354 1870 benignus
2394 1813 2466 1855 ac
2504 1798 2766 1855 clemens
2802 1795 2993 1868 Deus,
3044 1812 3132 1853 re·

2064 1876 2256 1938 mitte.

1073 2074 1195 2134 Sed
1247 2075 1432 2149 ipsam
1485 2074 1825 2127 α’κολιυθίαν
1875 2079 1976 2127 τοῦ
2012 2074 2412 2139 ἔξοδιαστικοῦ,
2471 2075 2709 2146 officium
2755 2037 3137 2144 e-tequiarum,

887 2157 1160 2214 consulas
1182 2155 1243 2227 ¹),
1272 2156 1371 2213 ubi
1392 2151 1682 2228 plurimae
1704 2154 2037 2226 huiusmodi
2057 2155 2359 2213 orationes
2381 2161 2714 2227 occurrunt,
2740 2171 2890 2228 quae
2918 2154 3138 2227 dogma·

888 2235 1242 2296 catholicum
1281 2234 1354 2294 de
1394 2234 1741 2309 purgatorio
1778 2234 1894 2292 rite
1932 2235 2303 2293 intellectum
2342 2235 2705 2309 suppositum
2743 2234 2991 2293 habent.
3056 2265 3097 2282 -ι

1064 2315 1166 2375 Ad
1204 2314 1467 2387 ejusdem
1506 2315 1787 2373 veritatis
1827 2331 2091 2373 normam
2133 2316 2314 2374 etiam
2342 2314 2574 2386 μερίδας
2610 2331 2713 2374 sen
2726 2315 3050 2386 particulas
3074 2314 3133 2372 in

887 2396 1076 2455 sacris
1113 2396 1375 2469 liturgiis
1412 2396 1473 2454 in
1508 2402 1881 2455 antecessum
1908 2395 2124 2455 offerre
2163 2412 2235 2454 ac
2254 2395 2432 2467 juxta
2457 2402 2725 2454 sanctum
2756 2412 2972 2469 panem
3003 2412 3134 2454 con·

886 2477 1235 2535 secrandum
1274 2493 1494 2550 ponere
1532 2476 1728 2535 solent
1745 2475 1809 2548 ²),
1848 2483 1916 2535 ut
1942 2477 2123 2536 etiam
2154 2477 2466 2536 confirmat
2491 2475 2821 2535 Gabriel
2858 2475 3045 2535 Phil
3066 2493 3134 2533 a·

887 2557 1368 2631 delphiensis
1407 2557 1467 2614 in
1505 2557 1744 2631 proprio
1783 2558 2059 2631 opusculo
2097 2560 2221 2628 περὶ
2260 2562 2368 2610 τῶν
2406 2557 2653 2628 μερίδων
2689 2556 2782 2614 his
2820 2556 3063 2615 verbis:

960 2665 1080 2718 ’Έτι
1099 2669 1479 2738 προςφέρομεν
1500 2666 1666 2726 αὐτας
1690 2666 1827 2738 ὑπὲρ
1847 2670 1957 2721 τῶν

886 2748 944 2802 ἐν
963 2751 1211 2817 ’Χριστῷ
1247 2751 1659 2819 κεκοιμημένων
1709 2752 1957 2818 πατέρων

885 2831 973 2880 καὶ
1011 2828 1268 2900 ἀδελφῶν
1304 2827 1462 2899 ἡμῶν
1511 2831 1601 2880 καὶ
1638 2831 1821 2900 φίλων
1866 2831 1956 2880 καὶ

887 2912 1186 2978 συγγενῶν·
1243 2907 1305 2960 τό
1357 2907 1416 2961 δὲ
1466 2911 1638 2972 τέλος,
1695 2911 1788 2962 ἵνα
1825 2909 1955 2981 τάξῃ

890 2989 987 3050 τας
1024 2988 1215 3058 ψυχάς
1252 2988 1432 3042 αὐτῶν
1469 2988 1499 3041 ὁ
1529 2989 1734 3062 Κύριος
1769 2990 1828 3043 ἐν
1864 2988 1957 3040 τό·

2169 2666 2374 2726 Etiam
2400 2666 2541 2725 illas
2558 2665 2891 2725 offerrimus
2910 2682 3024 2738 pro
3041 2665 3131 2735 iis,

2065 2748 2161 2822 qui
2189 2748 2251 2807 iu
2271 2745 2512 2806 Christo
2540 2746 3007 2808 obdormierunt,
3034 2763 3134 2820 pa-

2064 2828 2261 2887 tribus
2312 2833 2376 2886 et
2423 2826 2718 2886 fratribus
2769 2827 3021 2894 nostriS,
3071 2832 3134 2884 et

2066 2909 2273 2967 amicis
2311 2913 2376 2966 et
2413 2908 2715 2981 cognatisz
2752 2907 2888 2965 finis
2928 2912 3131 2965 autem

2069 2996 2178 3059 est,
2216 2995 2283 3046 ut
2319 2987 2609 3047 Dominus
2636 2987 2869 3046 illorum
2899 2988 3141 3045 animas·

1068 3220 1110 3288 ¹)
1150 3222 1298 3291 Apud
1336 3221 1526 3275 Goar.
1567 3220 1794 3281 Eachol.
1830 3237 1914 3290 pp.
1952 3196 2320 3291 423'seqqf‘

1066 3300 1111 3369 ⁸)
1150 3301 1430 3372 Postquam
1479 3301 1721 3355 sacerdos
1777 3301 1843 3355 ad
1891 3301 2155 3371 prothesin
2207 3304 2353 3355 stans
2408 3298 2671 3354 benedixit
2725 3315 2907 3369 panem
2964 3301 3129 3370 (cnjus

886 3379 1171 3452 σφραγῖδα
1220 3381 1330 3435 siire
1368 3385 1656 3450 supremam
1695 3386 1897 3449 partem
1934 3382 2199 3450 signaculo
2250 3381 2553 3451 impressam
2590 3381 2642 3434 in
2678 3381 2858 3449 patina
2892 3380 3129 3445 collocat,

886 3466 1068 3532 postea
1104 3462 1156 3515 in
1193 3466 1375 3531 corpus
1413 3460 1607 3516 Christi
1645 3462 2087 3530 consecrandam),
2124 3462 2190 3515 ad
2221 3461 2619 3517 benedicendum
2657 3458 2834 3515 decem
2860 3459 3128 3529 particulis

885 3543 966 3597 vel
1005 3559 1068 3596 ex
1094 3541 1272 3615 eodem
1307 3556 1439 3610 pane
1475 3541 1558 3596 vel
1585 3558 1649 3595 ex
1675 3543 1809 3609 aliis»,
1847 3558 1974 3613 quos
1998 3543 2216 3612 populus
2250 3541 2498 3598 obtulerit
2536 3540 2875 3611 (προςφοράς
2898 3545 3127 3609 vocant),

885 3622 1167 3692 desumptis
1205 3637 1319 3676 sese
1357 3621 1600 3691 accingit.
1674 3622 1867 3677 Decem
1904 3623 2001 3677 hae
2038 3621 2258 3694 μερίδες
2295 3639 2385 3677 seu
2412 3622 2726 3693 particulae
2761 3638 2917 3692 penes
2944 3636 3125 3692 panem

885 3702 1281 3765 consecrandum
1318 3706 1574 3772 ponuntur
1609 3704 1662 3757 in
1696 3703 1942 3758 honorem
1980 3704 2039 3758 B.
2078 3704 2224 3775 Virg.
2264 3705 2475 3771 Mariae,
2515 3721 2557 3758 s.
2583 3704 2797 3760 Joannis
2834 3704 3126 3773 Baptistae,

884 3800 954 3836 ss.
994 3781 1371 3851 Apostolorum,
1408 3784 1721 3853 quorundam
1759 3785 2083 3838 orientalium
2120 3785 2569 3840 celeberrimorum
2604 3785 2911 3851 antistitum,
2950 3802 2994 3837 s,
3015 3783 3125 3837 Ste·

883 3863 1036 3933 phani
1085 3861 1489 3933 protomartyris
1538 3865 1854 3935 aliorumque
1903 3880 2030 3935 quos
2081 3865 2312 3921 nominat
2349 3865 2585 3919 Divinae
2620 3865 2914 3935 Litaryiae
2950 3863 3086 3918 ordo
3105 3877 3126 3919 :

885 3944 1100 4013 denique
1139 3942 1456 3998 benedicitur
1489 3948 1678 4015 μερίς,
1728 3961 1859 4016 quae
1906 3962 2008 4000 non
2057 3948 2220 4002 solum
2267 3945 2628 4016 propitiatoria
2679 3951 2733 4001 et
2770 3943 3125 4015 impetrator-ia

885 4029 968 4078 est
1006 4039 1098 4093 pro
1136 4024 1376 4077 universo
1412 4024 1588 4079 ordine
1624 4024 1961 4094 hierarchice,
1998 4042 2090 4096 pro
2128 4027 2543 4082 benefactoribus
2580 4033 2636 4081 et
2671 4026 2849 4080 amicis
2873 4025 3122 4080 omnibus·

884 4116 988 4174 que·
1017 4104 1325 4170 viventibus,
1363 4105 1454 4158 sed
1492 4105 1648 4159 etiam
1675 4105 1918 4172 ἱλαστικῆ
1945 4122 2037 4161 seu
2066 4106 2381 4176 expiatoria
2405 4123 2499 4177 pro
2522 4107 2756 4171 mortuis,
2795 4105 3121 4175 offerturque,

884 4189 943 4239 nt
979 4184 1144 4238 oratio
1180 4184 1423 4255 liturgica
1459 4186 1631 4253 habet,
1682 4186 1737 4240 ιή
1777 4187 2095 4242 memoriam
2133 4190 2188 4242 et
2209 4191 2558 4257 peccatoram
2595 4186 2971 4240 remissionem
3018 4200 3122 4237 om·

883 4265 1031 4320 niam
1070 4265 1444 4335 defunctorum
1448 4306 1466 4332 ,
1503 4267 1599 4336 qui
1631 4267 1688 4321 ln
1731 4267 1950 4322 Christo
1991 4267 2091 4322 sub
2127 4285 2222 4337 spe
2260 4269 2402 4323 vitae
2437 4271 2699 4322 aeternae
2722 4264 3124 4320 obdormierunt

882 4345 1045 4415 (ὑπὲρ
1080 4344 1300 4415 μνήμης
1347 4349 1443 4397 καί
1476 4345 1719 4417 ἀφέσεως
1763 4352 1872 4400 τῶν
1909 4347 2195 4419 αμαρτιῶν
2233 4389 2246 4402 .
2289 4393 2300 4405 .
2343 4389 2353 4400 .
2394 4347 2617 4400 πάντων
2671 4350 2779 4399 τῶν
2827 4345 2907 4397 ἐπ’
2943 4342 3117 4397 ἐλπίδι

882 4424 1229 4485 ἀναστάσεως
1261 4427 1396 4488 ζωῆς
1432 4428 1659 4480 αἰωνίου
1695 4430 1762 4499 τῇ
1798 4432 1865 4499 σῇ
1902 4427 2211 4499 (Χριστοῦ)
2247 4431 2507 4495 κοινωνίᾳ
2530 4428 2938 4497 κεκοιμημένων
2960 4427 3121 4478 πατέ-

885 4525 995 4578 ρων
1031 4510 1117 4559 καὶ
1156 4505 1418 4575 ἀδελφῶν
1453 4505 1653 4577 ἡμῶν).
