3514 5391
805 459 910 521 226

804 666 971 733 τηρίῳ
1007 662 1197 730 τούτῳ,
1239 662 1373 715 αὐτὸ
1412 662 1473 715 τὸ
1513 665 1704 732 τίμιον
1734 660 1874 734 αἷμα

804 746 909 795 τοῦ
945 747 1158 812 Κυρίου
1195 748 1283 795 καὶ
1326 747 1471 798 Θεοῦ
1505 747 1603 796 καί
1622 747 1876 815 Σωτῆρος

804 822 962 894 ἡμῶν
997 823 1188 889 Ἰησοῦ
1231 828 1499 895 Χριστοῦ.
1573 827 1644 877 Et
1680 822 1785 877 οὖν
1809 824 1873 876 τό

806 908 965 957 θεῖον
987 902 1264 976 (πνεῦμα)
1286 904 1615 973 μεταβάλλει
1640 903 1705 956 τοὶ
1736 924 1873 975 προ-

803 989 1032 1054 κείμενα
1081 983 1230 1054 δῶρα
1278 988 1354 1044 εἰς
1397 988 1558 1055 σῶμα
1605 988 1695 1036 καὶ
1733 980 1874 1055 αἷμα

813 1069 1076 1141 Χριστοῦ,
1110 1066 1375 1134 περισσὸν
1401 1066 1599 1119 λοιπόν
1625 1065 1687 1118 τό
1714 1066 1873 1135 φιλο-

805 1149 1022 1208 νεικεῖν,
1076 1148 1125 1199 εἰ
1174 1145 1227 1210 ἐξ
1275 1144 1503 1216 ἀζύμων
1552 1146 1585 1213 ἢ
1622 1145 1872 1218 ἐνζύμων

801 1225 885 1294 ἦν,
907 1226 939 1293 ἢ
957 1228 1157 1281 λευκοῦ
1180 1226 1211 1292 ἢ
1231 1226 1473 1297 ἐρυθροῦ
1496 1245 1561 1279 τυ
1564 1226 1676 1295 χόν
1694 1229 1870 1280 οἴνου·

804 1310 892 1358 καὶ
932 1307 1188 1366 τοιαύτας
1213 1308 1367 1367 τινάς
1392 1313 1735 1378 περιεργείας
1754 1327 1873 1378 μω·

802 1387 900 1457 ριές
950 1391 1074 1457 περὶ
1110 1393 1220 1441 τῶν
1269 1392 1516 1459 φρικτῶν
1550 1393 1872 1460 μυστηρίων

1454 460 1616 521 Festa
1651 462 1861 522 mobilia
1897 465 1948 521 in
1985 460 2409 537 Quadmgesima.
2518 491 2524 498 ·

1982 663 2373 735 ostendatque
2399 680 2612 737 panem
2638 664 2874 737 quidem
2898 664 3052 722 huuc

1982 743 2170 818 ipsum
2209 744 2532 817 pretiosum
2571 761 2783 819 corpus
2808 743 3052 820 Domini

1982 831 2047 882 et
2068 823 2191 882 Dei
2218 840 2291 882 ac
2315 822 2655 883 Salvatoris
2681 824 2873 883 nostri
2897 824 2944 883 J
2947 842 3052 883 esu

1981 902 2209 963 Christi
2226 924 2240 976 ;
2261 904 2414 976 quod
2431 911 2630 963 autem
2652 905 2713 963 in
2727 905 2839 963 hoc
2856 905 3048 964 calice

1982 991 2092 1056 est,
2130 985 2318 1059 ipsum
2350 985 2675 1058 pretiosum
2702 985 3049 1059 sanguinem

1979 1064 2223 1124 Domini
2261 1071 2325 1124 et
2342 1063 2461 1123 Dei
2501 1071 2566 1123 et
2584 1063 2932 1125 Salvatoris·
2951 1083 3050 1124 no·

1979 1145 2092 1204 stri
2129 1144 2174 1203 J
2178 1161 2282 1203 esu
2320 1143 2565 1203 Christi.
2617 1143 2683 1204 Si
2723 1161 2865 1218 ergo
2904 1145 3049 1205 divi-

1978 1224 2087 1284 nus
2116 1223 2377 1299 Spiritus
2416 1225 2719 1298 proposita
2747 1225 2809 1292 in
2838 1242 3048 1298 corpus

1979 1312 2043 1364 et
2104 1305 2451 1378 sanguinem
2515 1304 2742 1364 Christi
2804 1323 3050 1365 munera

1979 1385 2306 1457 convertit,
2364 1403 2870 1459 supervacaneum
2918 1387 3046 1461 jam

78 1867 83 1930 „xn-
78 1835 83 1848 ..
78 1659 85 1820 ..τ-..η--η

1978 1467 2099 1525 erit
2154 1466 2549 1538 contendere,
2614 1463 2811 1544 utrum
2869 1467 2930 1526 id
2986 1469 3048 1526 in

1979 1547 2225 1620 azymis,
2266 1564 2342 1605 an
2368 1547 2565 1621 potius
2592 1548 2653 1606 in
2680 1564 2796 1605 non
2820 1550 3047 1621 azymis

1976 1627 2252 1685 effectum
2280 1625 2485 1700 fuerit,
2514 1633 2577 1686 et
2602 1634 2801 1686 utrum
2828 1627 3047 1687 in'albo

1977 1724 2054 1765 an
2091 1709 2272 1767 rubro
2310 1706 2570 1768 fortasse
2608 1710 2776 1780 vino;
2816 1715 2880 1768 et
2903 1701 3049 1768 stul-

1974 1796 2072 1848 tas
2099 1788 2436 1861 hujusmodi
2464 1789 2845 1848 curiositates
2883 1788 3049 1847 circa

1974 1869 2287 1928 tremenda
2319 1870 2612 1943 mysteria
2649 1870 2911 1929 scrutari
2933 1870 2992 1939 ¹).

982 1979 1257 2038 Alterum
1297 1977 1563 2052 eiusdem
1600 1977 1883 2038 veritatis
1919 1982 2136 2035 testem
2175 1978 2330 2035 omni
2369 1977 2717 2051 exceptione
2756 1976 3043 2049 maJorem

805 2061 1180 2133 producimus
1232 2059 1687 2118 celeberrimum
1739 2058 2099 2117 Antistitem
2147 2073 2430 2131 graecum
2481 2057 2539 2116 N
2552 2053 2865 2117 echiten
2918 2057 3045 2129 (Ni-

799 2139 1017 2211 cetam),
1054 2139 1718 2212 archiepiscopum
1756 2139 2449 2211 Nicomediensem,
2489 2139 2677 2212 quiin
2702 2139 3042 2210 collatione,

801 2235 975 2292 quam
1014 2221 1083 2276 de
1119 2221 1304 2276 causis
1339 2219 1564 2274 dissidii
1609 2220 1759 2275 inter
1802 2224 2092 2289 utramque
2128 2220 2409 2275 ecclesiam
2459 2219 2670 2278 habuit.
2719 2219 2839 2290 (an.
2879 2219 3043 2288 1145)

798 2300 859 2357 in
898 2301 1106 2360 abside
1145 2318 1190 2359 s.
1229 2299 1489 2374 Sophiae
1529 2317 1656 2358 cum
1697 2301 2002 2371 Anselmo,
2043 2300 2322 2374 episcopo
2359 2300 2875 2373 Havelbergensi,
2929 2299 3044 2358 Lo·

800 2381 988 2438 tharii
1025 2380 1405 2455 imperatoris
1442 2381 1646 2453 legato
1693 2380 1772 2439 ad
1809 2380 1856 2439 J
1857 2397 2106 2439 oannem
2146 2379 2504 2440 Comnenum
2543 2380 2698 2454 imp„
2732 2379 3043 2450 praesenti·

798 2460 898 2514 bus
936 2462 1271 2516 Graecorum
1307 2461 1645 2531 sapientibus
1659 2459 1708 2533 ¹)
1761 2461 1913 2520 haec
1951 2461 2298 2519 solemniter
2336 2460 2678 2520 declaravit
2691 2459 2769 2531 ⁸):
2816 2461 2942 2516 Hoc
2976 2460 3045 2515 de

795 2556 916 2594 mea
942 2557 1189 2611 persona
1227 2546 1365 2612 puto
1380 2582 1398 2609 ,
1447 2546 1503 2596 et
1536 2543 1654 2598 dico
1669 2582 1687 2609 ,
1737 2559 1924 2597 omnes
1962 2541 2297 2598 Graecorum
2350 2542 2628 2612 sapientes
2674 2543 2743 2597 ab
2779 2543 2885 2597 lunc
2920 2558 3042 2596 ntea

794 2623 1065 2677 sententia
1101 2639 1206 2676 non
1245 2623 1581 2693 discrepare.
1643 2623 1712 2678 Si
1745 2638 1877 2693 erqo
1905 2626 2063 2695 forte
2098 2640 2293 2690 essem,
2329 2624 2425 2678 ubi
2456 2623 2770 2678 nullatenus
2797 2625 3043 2694 fermen-

794 2706 907 2755 tum
942 2703 1149 2758 habere
1172 2719 1414 2774 possem,
1451 2708 1505 2759 et
1540 2720 1737 2775 asyma
1764 2708 1998 2775 praesto
2034 2708 2090 2760 et
2117 2708 2376 2775 paratum
2415 2708 2578 2772 esset,
2616 2708 2672 2759 et
2694 2719 2791 2774 eqo
2814 2704 3040 2758 missam

794 2785 1053 2849 cantare,
1107 2800 1173 2837 ac
1208 2783 1441 2840 Domino
1491 2785 1823 2856 sacrificium
1872 2785 2076 2840 altaris
2123 2787 2332 2856 offerre
2381 2786 2567 2841 vellem
2581 2825 2599 2852 ,
2655 2800 2753 2854 eqo
2785 2787 3040 2856 profecto

795 2878 992 2931 asyma
1030 2878 1135 2918 non
1172 2864 1460 2919 horrerem
1476 2905 1494 2932 ,
1549 2865 1651 2920 sed
1674 2866 2015 2937 fiducialiter
2065 2866 2141 2921 ad
2175 2867 2514 2936 offerendum
2552 2865 2881 2936 sacrificium
2921 2865 3039 2918 Deo

805 1470 1111 1540 διερευνᾷν.

784 3055 1109 3120 paratam“.
1150 3082 1216 3091 —
1255 3052 1435 3124 Neque
1473 3054 1811 3108 omittendum
1847 3054 1931 3109 hic
1968 3058 2065 3121 est,
2111 3056 2401 3124 nuperrime
2439 3055 2599 3109 fuisse
2636 3054 2701 3108 ab
2737 3052 3038 3107 excellentis

794 3130 1057 3186 doctrinae
1108 3133 1219 3187 viro
1271 3134 1345 3188 de
1393 3134 1580 3189 Waal
1636 3136 1956 3204 ingeniosam
2014 3137 2363 3206 conjecturam
2419 3136 2736 3206 propositam
2790 3134 2843 3188 in
2891 3134 3036 3187 Actis

793 3210 1106 3281 Moguntinis
1145 3213 1461 3283 „Katholik“
1502 3216 1683 3281 (1896,
1721 3215 1761 3269 I.
1800 3216 1906 3270 395
1944 3220 2142 3287 seqq.)‚
2194 3217 2329 3286 apud
2366 3217 2580 3270 Latinos
2626 3215 2826 3269 scilicet
2859 3230 3033 3269 veram

792 3290 1086 3362 ἐπίκλησιν,
1134 3295 1177 3349 si
1213 3311 1317 3349 non
1353 3296 1613 3365 expressis
1652 3297 1843 3364 verbis,
1893 3313 1951 3350 re
1991 3302 2164 3350 tamen
2202 3304 2257 3351 et
2294 3297 2450 3364 facto,
2499 3297 2677 3351 haberi
2715 3295 2767 3348 in
2804 3295 2897 3349 illa
2931 3310 3032 3348 ma-

792 3372 946 3428 nuum
982 3377 1294 3445 expansione
1330 3375 1363 3446 (
1356 3380 1711 3447 χειροτονίαν
1756 3380 1968 3445 vocat),
2023 3394 2155 3448 quae
2205 3384 2327 3432 ante
2377 3378 2812 3433 consecrationem
2864 3378 2923 3431 fit
2969 3375 3032 3429 ad

792 3456 954 3509 verba
991 3456 1175 3526 „Hanc
1207 3457 1370 3526 igitur
1407 3457 1785 3524 oblationem“;
1842 3474 1996 3528 quam
2045 3460 2408 3527 expansionem
2457 3465 2660 3525 tamen,
2711 3461 2770 3511 ut
2804 3458 3033 3511 varietas

792 3535 1069 3590 identidem
1114 3537 1367 3605 delectat,
1437 3554 1501 3591 ex
1551 3542 1725 3591 mente
1776 3537 2091 3592 Graecorum
2146 3554 2245 3593 non
2293 3544 2401 3593 tam
2449 3541 2833 3609 χειροτονίαν,
2882 3552 3030 3606 quam

791 3621 1154 3685 χειροθεσίαν
1190 3618 1436 3685 dixerim,
1485 3636 1639 3689 quum
1677 3636 1778 3673 non
1816 3620 1980 3688 ipsam
2016 3620 2419 3674 consecrationis
2466 3620 2692 3689 gratiam
2738 3617 3028 3672 immediate

786 3702 945 3766 atque
983 3715 1046 3752 ex
1084 3715 1140 3752 se
1179 3700 1444 3768 producat.
1483 3701 1573 3754 sed
1612 3706 1816 3754 tantum
1853 3718 2024 3755 comes
2064 3702 2135 3755 sit
2172 3701 2563 3772 deprecationis-13
2603 3716 2704 3771 qua
2728 3698 2950 3768 Spiritus
2985 3713 3027 3749 s.

792 3778 1060 3832 invocatur
1095 3779 1161 3833 ad
1198 3780 1330 3834 dona
1367 3780 1543 3835 oblata
1580 3782 1966 3835 sanctificanda.
2042 3782 2403 3852 Conjecturam
2453 3781 2863 3836 consideratione
2908 3794 3026 3832 sane

790 3857 1141 3925 dignissimam
1181 3861 1243 3914 iis
1281 3862 1673 3916 examinandam
1711 3863 1960 3932 relinquo,
1998 3863 2084 3933 qui
2121 3864 2461 3933 antiquitates
2499 3861 2769 3930 liturgicus
2794 3860 2891 3915 sibi
2916 3875 3025 3928 pro-

789 3940 900 4007 prio
938 3941 1108 3994 studio
1146 3941 1385 3995 colendas
1422 3951 1767 4011 sumpserunt.
1853 3943 1930 3997 Ex
1968 3944 2099 3998 artis
2136 3960 2261 3998 suae
2297 3944 2589 4013 praeceptis
2626 3957 2740 3995 eam
2781 3940 3024 4010 judicent,

789 4020 873 4090 qui
911 4020 1107 4090 pollent
1136 4021 1345 4091 judicio.

976 4099 1014 4167 ¹)
1054 4101 1270 4155 Erutum
1308 4102 1401 4155 hoc
1440 4101 1712 4157 Thooriani
1768 4104 2115 4173 testimonium
2154 4109 2237 4159 est
2274 4121 2338 4158 ex
2376 4103 2562 4159 Codice
2599 4102 2852 4156 Vaticano
2891 4101 3018 4155 1481

789 4181 1154 4251 vulgatumque
1192 4183 1325 4251 apud
1364 4183 1550 4251 Migne,
1588 4184 1733 4238 Patr.
1771 4201 1851 4253 gr.
1890 4190 2016 4239 tom.
2053 4187 2139 4253 99,
2177 4202 2261 4255 pp.
2301 4186 2670 4240 1719—1720.

968 4260 1012 4327 ²)
1054 4262 1342 4317 Anselm.
1381 4263 1790 4333 Havelberg.
1831 4266 2051 4335 Dialoy.
2090 4267 2124 4320 l.
2162 4268 2215 4320 3.
2253 4284 2297 4319 c.
2341 4269 2386 4320 1.
2444 4266 2615 4335 (Apud
2653 4265 2843 4333 migne,
2883 4263 3021 4317 Patr.

788 4341 820 4394 1.
860 4347 899 4394 t.
938 4344 1057 4409 188,
1096 4359 1178 4412 pp.
1222 4344 1614 4413 1209—1211).

966 4421 1010 4495 ⁸)
1049 4422 1160 4477 Lib.
1199 4424 1287 4478 cit.
1326 4442 1368 4479 c.
1412 4427 1479 4480 19
1518 4427 1659 4491 (ibid.
1699 4444 1748 4497 p.
1792 4429 1972 4495 1239).
