3514 5391
959 536 1135 612 Menae
1171 550 1426 627 Augusto.
1480 546 1695 612 Festum
1732 571 1774 611 s.
1813 548 2061 613 inachim.
2275 625 2283 635 ,
2531 556 2639 615 499

908 904 939 917 .*
982 860 1385 925 Decretum
1431 864 1652 927 Urbis
1701 870 1779 925 et
1828 865 2051 927 Orbis
2088 913 2091 916 .

416 981 512 1046 De
556 982 797 1048 festis
846 983 966 1049 SS.
1020 983 1387 1049 Joachim
1452 986 1849 1049 et·Annae
1905 986 2064 1049 ritu
2115 985 2328 1070 dupl.
2377 985 2472 1051 II.
2526 984 2635 1054 Ol.
2703 1008 2708 1015 “

1241 1081 1792 1149 celebrandis

580 1240 820 1317 „Docet
864 1241 1342 1309 Ecclesiasticus
1390 1262 1498 1307 eos
1545 1243 1905 1319 laudandos
1974 1243 2081 1326 qui
2127 1242 2190 1307 in
2232 1242 2634 1328 generatione

406 1357 508 1401 sua
550 1337 807 1424 gloriosi
853 1340 1118 1417 fuerint3
1168 1341 1465 1426 singulari
1512 1341 1701 1427 igitur
1730 1341 1987 1406 honoris
2012 1342 2134 1405 ritu
2160 1340 2401 1406 colendi
2423 1340 2634 1407 Sancti

404 1435 684 1502 Joachim
734 1442 796 1503 et
824 1440 1027 1525 Anna,
1076 1441 1183 1522 qui
1206 1439 1681 1504 Immaculatam
1712 1438 2036 1525 Virginem
2067 1439 2403 1524 Deiparam
2447 1459 2636 1524 quum

400 1528 742 1619 genuerint,
815 1536 1244 1622 gloriosissimi
1312 1539 1603 1622 equidem
1666 1539 1875 1604 fuere:
1963 1538 2060 1601 De
2106 1536 2338 1623 fructu
2403 1538 2642 1601 ventris

398 1634 604 1713 vestri,
653 1634 1284 1720 utipsosalloquitur
1314 1637 1762 1714 DamascenuS,
1813 1636 2259 1721 cognoscimini
2273 1658 2295 1711 ,·
2329 1637 2445 1722 pie
2475 1637 2640 1699 enim

398 1743 456 1794 et
499 1743 713 1798 sancte
775 1735 845 1798 in
904 1734 1180 1798 humana
1240 1746 1481 1800 natura
1544 1736 1741 1799 vitam
1810 1744 2061 1820 ayentes
2102 1733 2320 1818 filiam
2380 1731 2642 1819 Anqelis

398 1833 785 1917 superiorem
831 1843 891 1896 et
934 1856 1102 1896 nunc
1149 1831 1532 1918 Anyelorum
1563 1834 1911 1896 Dominam
1958 1832 2254 1896 edidistis
2300 1832 2431 1916 (Or.
2463 1833 2514 1899 I.
2564 1834 2640 1898 de

395 1928 565 2015 Virg.
618 1930 860 2019 Mariae
906 1930 1166 2013 Naum).
1262 1930 1467 2011 Quum
1527 1931 1734 2015 itaque
1793 1930 2060 1996 filiorum
2109 1929 2308 2016 gloria
2353 1936 2641 2015 parentes

396 2032 669 2105 coronet,
718 2028 801 2093 nil
843 2029 1071 2093 mirum
1119 2030 1170 2094 si
1204 2028 1487 2095 Ecclesia
1532 2034 1595 2095 et
1626 2051 1662 2094 a
1693 2029 2025 2114 primaevis
2055 2029 2441 2114 temporibus
2469 2050 2643 2114 prae-

396 2126 572 2210 cipuo
624 2126 795 2191 cultu
856 2147 928 2191 ac
973 2127 1276 2212 religione
1322 2135 1704 2213 prosequuta
1751 2129 1834 2193 sit
1880 2128 2177 2193 Sanctum
2204 2127 2636 2194 Patriarcham

394 2222 689 2288 Joachim
754 2224 1014 2308 ejusque
1079 2226 1327 2291 beatam
1411 2227 1737 2312 conjugem
1802 2228 2086 2305 Annam3
2157 2227 2273 2299 hos
2336 2228 2640 2312 siquidem

398 2321 720 2387 Ecclesiae
782 2322 1002 2389 Patres
1066 2325 1417 2410 insignibus
1484 2330 1858 2390 exornarunt
1921 2325 2240 2404 laudibus,
2313 2346 2384 2391 ac
2451 2346 2642 2410 penes

394 2419 647 2486 Fideles
697 2439 771 2485 eo
820 2422 1012 2486 crevit
1061 2424 1375 2488 veneratio
1424 2424 1499 2489 iis
1551 2423 1847 2501 exhibita,
1898 2429 1966 2488 ut
2010 2425 2074 2489 in
2119 2424 2396 2508 ipsorum
2444 2426 2640 2490 hono-

393 2538 521 2583 rem
587 2518 827 2602 templa
891 2526 1205 2586 exstructa
1270 2522 1535 2600 fuerint,
1607 2527 1669 2587 et
1735 2523 1870 2607 piae
1937 2521 2308 2587 Sodalitates
2375 2528 2637 2589 erectae.

393 2616 596 2682 Immo
668 2622 731 2682 et
796 2615 1131 2693 Christiani
1196 2619 1521 2706 Principes
1588 2641 1709 2686 non
1779 2619 1968 2686 semel
2040 2619 2423 2705 supplicibus
2483 2621 2643 2685 votis

391 2716 756 2782 institerunt
799 2718 961 2801 apud
994 2716 1308 2784 Romanos
1342 2719 1698 2795 PontificeS,
1748 2724 1818 2783 ut
1847 2718 2202 2784 solemniori
2237 2719 2405 2784 cultu
2431 2718 2643 2785 Sancti

396 2815 709 2900 Deiparae
756 2815 1060 2882 Parentes
1106 2817 1579 2885 honorarentur.
1656 2818 1965 2883 Piissimis
1995 2818 2155 2883 votis
2182 2816 2399 2881 libenti
2434 2818 2640 2882 animo

393 2911 665 2979 Romani
732 2913 1070 2981 Pontifices
1138 2922 1519 2995 annuerunt,
1590 2916 2033 2982 validissimum
2097 2916 2218 2981 rati
2283 2917 2640 2981 eorumdem

394 3012 527 3078 fore
589 3013 999 3097 patrocinium
1062 3015 1226 3098 apud
1276 3014 1476 3079 Deum
1544 3016 1940 3099 potissimum
2004 3034 2117 3098 per
2175 3034 2389 3080 eorum
2451 3015 2644 3079 filiam

395 3108 569 3176 Coeli
618 3109 942 3196 Reginam,
994 3115 1056 3176 et
1090 3111 1324 3177 cultum
1357 3133 1394 3177 a
1423 3112 1945 3178 Christifidelibus
1978 3113 2277 3178 tributum
2309 3134 2429 3177 non
2457 3114 2644 3178 modo

396 3229 511 3274 sua
560 3209 927 3275 auctoritate
986 3209 1424 3288 firmaverunt,
1490 3232 1705 3276 verum
1754 3212 1942 3276 etiam
1990 3211 2408 3295 peculiaribus
2457 3212 2643 3296 privi-

392 3306 580 3394 legiis
628 3308 1138 3373 condecorarunt.
1224 3304 1228 3308 ’

580 3413 887 3496 Quoniam
933 3435 1079 3481 vero
1124 3415 1300 3480 hisce
1345 3416 1825 3481 luctuosissimis
1873 3417 2258 3501 temporibus
2293 3417 2500 3483 divina
2529 3420 2645 3482 mi-

397 3514 740 3579 sericordia
785 3514 1021 3579 factum
1068 3521 1182 3592 est,
1253 3520 1336 3592 ut,
1387 3535 1508 3599 quo
1556 3515 1756 3598 magis
1806 3514 2194 3580 Christianus
2243 3514 2505 3598 populus
2553 3515 2645 3578 di-

398 3612 543 3677 vino
591 3611 817 3680 auxilio
865 3618 1050 3697 atque
1098 3613 1351 3679 coelesti
1400 3613 1698 3678 solamine
1744 3614 2072 3697 indigeret,
2124 3634 2194 3678 eo
2244 3612 2648 3696 amplioribus

400 3708 742 3776 clarificata
788 3711 869 3777 sit
915 3711 1256 3777 honoribus
1306 3713 1679 3777 Beatissima
1725 3712 1919 3797 Virgo
1967 3712 2169 3777 Maria
2218 3717 2402 3794 atque
2450 3711 2646 3794 ipsius

401 3807 610 3874 cultus
675 3830 833 3875 nova
897 3811 1279 3877 incrementa
1343 3811 1682 3896 acceperit:
1750 3810 1898 3876 hinc
1963 3830 2156 3875 novus
2219 3809 2514 3894 splendor
2576 3829 2646 3873 ac

402 3927 625 3973 recens
668 3906 888 3994 gloria,
949 3929 1074 3994 qua
1121 3911 1481 3976 beatissima
1528 3910 1655 3975 filia
1701 3910 1966 3984 refulsit,
2033 3914 2095 3974 et
2144 3910 2206 3973 in
2251 3909 2647 3974 felicissimos

402 4010 697 4089 parentes
744 4007 1092 4074 redundare
1139 4009 1426 4093 oportuit.
1521 4009 1724 4090 Quare
1788 4008 2069 4093 pluribus
2128 4008 2191 4072 in
2239 4005 2645 4079 dioecesibus,

404 4101 568 4169 Sede
615 4104 981 4189 Apostolica
1025 4112 1353 4184 annuente,
1402 4107 1625 4172 horum
1677 4106 2044 4172 Sanctorum
2102 4107 2261 4170 festa
2293 4106 2646 4171 solemniori

406 4223 637 4289 pompa
681 4224 757 4270 ac
804 4205 927 4270 ritu
973 4206 1283 4272 celebrata
1331 4212 1475 4272 sunt
1523 4208 1598 4272 ad
1646 4206 2046 4271 obtinendam
2096 4204 2427 4289 praecipue
2466 4204 2646 4269 fami-

406 4299 632 4368 liarum
677 4303 1071 4368 concordiam
1121 4309 1185 4370 et
1231 4298 1771 4387 tranquillitatem3
1819 4304 1945 4368 imo
1993 4323 2115 4368 non
2147 4302 2399 4366 defuere
2433 4301 2649 4367 Sacro-

408 4418 546 4463 rum
596 4400 930 4466 Antistites
995 4403 1100 4485 qui
1147 4401 1427 4486 ejusdem
1474 4403 1629 4466 ritus
1678 4400 2083 4466 elevationem
2134 4421 2245 4484 per
2291 4399 2646 4463 universum

412 4497 628 4562 orbem
677 4497 757 4562 ab
806 4499 1022 4563 eadem
1068 4500 1430 4584 Apostolica
1477 4499 1636 4565 Sede
1696 4500 1865 4564 haud
1912 4500 2104 4564 semel
2154 4497 2645 4581 efflagitaverint.

2336 4605 2438 4659 32*
