3514 5391
1233 505 1312 563 De
1347 509 1463 579 ipsa
1498 505 1921 578 Quadragesima.
2624 506 2695 564 83

2586 620 2693 633 —.—

448 708 934 798 ρακονθήμερον
959 694 1192 776 dictum
1220 709 1286 791 ¹).
1358 709 1513 776 Tres
1536 709 1912 794 posteriores
1931 708 2456 822 Quadragesimae
2484 714 2693 777 tamen

455 829 561 874 non
609 828 680 875 re
731 809 848 875 sed
880 807 1010 874 solo
1042 807 1291 873 nomine
1322 806 1476 873 tales
1506 811 1669 884 sunt,
1716 812 1933 891 utpote
1959 807 2196 891 jejunio
2230 808 2446 891 paucis
2474 809 2693 874 diebus

451 908 942 992 circumscripto.
992 905 1151 971 Vide
1175 924 1333 990 quae
1354 905 1472 969 de
1455 905 1531 970 lis
1556 905 1922 989 scripsimus
1947 910 2116 970 tomo
2150 907 2208 982 1,
2237 905 2312 969 ad
2344 908 2399 971 1.
2423 906 2691 991 Augusti

451 1027 543 1090 pp.
593 1005 980 1071 230—231.
1031 1009 1094 1069 et
1139 1004 1218 1069 ad
1269 1002 1368 1067 15
1419 1003 1728 1069 Novemb.
1780 1024 1839 1087 p.
1889 1002 2041 1067 330.

623 1113 703 1176 I‘n
723 1112 1017 1176 Ecclesia
1043 1110 1268 1177 latina
1314 1149 1398 1156 —
1433 1110 1489 1175 A
1520 1109 1756 1175 Latinis
1805 1109 1952 1174 olim
2000 1114 2246 1194 praeter
2272 1107 2693 1196 Quadrayesi-

449 1233 606 1275 mam
667 1216 976 1302 majorem
1040 1214 1181 1275 ante
1238 1208 1488 1275 Pascha
1553 1210 1707 1274 duas
1774 1209 1924 1275 alias
1986 1209 2345 1275 observatas
2406 1208 2691 1294 legimuS,

450 1310 702 1376 alteram
765 1310 1005 1376 scilicet
1066 1319 1213 1373 ante
1271 1307 1516 1372 Natale
1578 1307 1846 1372 Domini
1909 1307 2092 1394 vulgo
2154 1307 2361 1371 sancti
2419 1306 2696 1369 Martini

449 1408 709 1486 dictam3
759 1407 1016 1473 alteram
1068 1417 1214 1471 ante
1244 1407 1492 1493 festum
1536 1428 1584 1470 s.
1616 1405 1897 1470 Joannis
1927 1405 2302 1492 Baptistae:
2348 1425 2507 1489 quae
2536 1406 2693 1470 duae

449 1509 687 1580 tamen,
757 1510 919 1570 teste
966 1506 1346 1571 Durando
1416 1504 1676 1570 Ration.
1721 1498 1784 1569 'l.
1840 1505 1910 1581 1,
1976 1524 2028 1569 c.
2079 1504 2155 1581 9,
2216 1524 2278 1572 n.
2331 1503 2371 1568 8
2433 1502 2580 1569 etl.
2634 1503 2690 1580 7,

449 1625 497 1669 c.
548 1605 662 1681 14,
726 1625 785 1669 n.
838 1605 914 1681 9,
974 1615 1245 1691 propter
1303 1604 1620 1668 hominum
1661 1601 2105 1690 fraqilitatem
2164 1602 2241 1666 ad
2300 1621 2487 1666 unam
2549 1607 2695 1666 sunt

449 1703 768 1768 redactae:
835 1707 899 1767 et
943 1702 1170 1769 iterum
1230 1701 1334 1767 illa
1393 1702 1592 1767 divisa
1638 1705 1735 1767 est
1795 1702 1856 1766 in
1915 1707 2041 1767 tres
2090 1700 2515 1766 hebdomadas
2561 1701 2693 1766 Ad-

447 1806 692 1879 ventuS,
763 1807 828 1867 et
873 1806 1000 1867 tres
1048 1806 1189 1867 ante
1237 1801 1640 1866 Nativitatem
1704 1821 1753 1866 s.
1806 1799 2099 1878 Joannis,
2162 1800 2225 1863 in
2273 1799 2498 1883 quibus
2545 1799 2691 1864 olim

447 1900 574 1983 pari
624 1900 810 1964 modo
861 1905 994 1965 erat
1041 1920 1116 1966 ex
1154 1899 1315 1983 juris
1363 1899 1745 1983 praescripto
1786 1897 2199 1983 jejunandum
2264 1903 2449 1981 atque
2497 1919 2533 1962 a
2576 1917 2691 1961 nu-

447 1998 588 2080 ptiis
637 1998 1080 2064 abstinendum
1105 1997 1176 2084 ²).
1272 1997 1396 2063 Sed
1444 2004 1512 2063 tu
1558 2002 1840 2082 repetas,
1904 2018 2063 2083 quae
2110 1998 2188 2062 de
2237 1999 2459 2063 eodem
2507 2017 2691 2082 argu-

449 2101 652 2160 mento
692 2096 826 2179 Jam
878 2096 1163 2163 dedimus
1209 2101 1378 2162 tomo
1431 2098 1488 2174 1,
1538 2117 1639 2181 pp.
1695 2096 2067 2161 176-177,
2119 2098 2181 2161 et
2232 2094 2599 2162 187-188,

615 2201 855 2260 Harum
882 2202 1217 2261 institutum
1245 2202 1383 2260 inde
1408 2200 1763 2276 profluxisse
1800 2201 1917 2260 viri
1947 2201 2106 2260 docti
2134 2200 2498 2272 existimant,
2539 2200 2689 2273 quod

448 2298 550 2340 eae
586 2282 1038 2355 poenitentibus
1078 2299 1191 2341 uno
1231 2299 1386 2341 anuo
1415 2281 1786 2353 jejunandae
1828 2281 2013 2339 indici
2051 2283 2335 2353 solerent,
2388 2297 2461 2339 ex
2497 2280 2691 2338 Bur—

449 2363 527 2421 ch
545 2364 726 2422 ardo
764 2363 1321 2422 Wormatiensi
1361 2364 1722 2418 Decretorum
1748 2364 1786 2423 l.
1817 2364 1900 2429 19,
1930 2379 1977 2421 c.
2003 2363 2057 2432 5,
2094 2362 2197 2421 ubi
2222 2360 2425 2420 varios
2454 2360 2689 2418 dandae

442 2444 885 2517 poenitentibus
924 2442 1354 2502 satisfactionis
1394 2444 1595 2502 modos
1635 2450 1947 2502 enumerat
1964 2442 2040 2513 ³):
2080 2445 2200 2498 Per
2235 2441 2482 2511 singulos
2517 2457 2692 2495 annos

443 2529 692 2594 quatuor,
730 2525 829 2595 qui
860 2528 1148 2579 remanent
1183 2525 1282 2595 (ex
1318 2525 1591 2597 septenni
1628 2523 2043 2598 poenitentia),
2081 2528 2199 2579 tres
2227 2522 2693 2591 Quadrupesimas

432 2623 534 2675 per
569 2606 851 2676 leyitimas
875 2607 1068 2677 ferias
1104 2605 1267 2661 debes
1287 2607 1579 2677 jejunare,
1603 2607 1850 2676 primam
1888 2610 2015 2660 ante
2052 2604 2274 2660 Pascha
2313 2618 2429 2657 cum
2455 2603 2693 2657 caeteris

441 2687 762 2743 christianis
772 2704 797 2756 ,·
836 2687 1069 2742 alteram
1108 2690 1234 2742 ante
1270 2688 1623 2743 Nativitatem
1662 2705 1708 2743 s.
1745 2688 1982 2742 ιῙοανυιίε
2018 2685 2328 2757 Baptistae,
2379 2686 2432 2738 et
2475 2684 2529 2738 si
2562 2683 2694 2753 quid

441 2773 706 2836 remanet,
733 2771 866 2839 post
901 2767 1203 2837 adimpleas
1215 2782 1242 2836 ,·
1291 2769 1510 2822 tertiam
1550 2772 1677 2822 ante
1714 2767 2068 2822 Nativitatem
2106 2764 2349 2830 Domini,
2398 2780 2432 2816 a
2471 2764 2609 2830 vina,
2656 2782 2689 2816 a

440 2849 682 2916 medone,
717 2849 928 2903 mellita
966 2848 1249 2914 cerevisia,
1287 2865 1321 2902 a
1359 2865 1547 2914 earne,
1583 2848 1872 2918 sagimine,
1910 2852 1964 2903 et
1998 2864 2033 2901 a
2071 2862 2229 2902 caseo
2266 2848 2377 2899 eta
2392 2845 2692 2914 pinguibus

431 2925 692 2998 piscibus.
770 2926 995 2987 Confer
1032 2927 1217 2986 etiam
1256 2928 1521 3000 ejusdem
1560 2928 1702 2987 libri
1742 2945 1789 2989 c.
1827 2927 1944 2996 9⁴),
1985 2935 2048 2985 et
2084 2944 2127 2985 s.
2167 2926 2477 2985 Ivonem
2516 2923 2688 2982 Car·

438 3017 864 3081 notensem,
904 3009 1134 3063 Dect-eti
1167 3015 1320 3082 part.
1360 3011 1446 3081 15,
1487 3026 1534 3067 c.
1574 3007 1762 3080 190⁶).

617 3090 948 3150 Caeterum
988 3088 1062 3145 de
1102 3087 1418 3146 minoribus
1455 3088 1550 3146 his
1600 3094 1722 3146 tum
1765 3087 2135 3146 Graecorum
2173 3093 2297 3144 tum
2334 3084 2684 3144 Latinorum

438 3169 942 3244 Quadragesimis
977 3169 1168 3228 insius
1205 3170 1305 3228 hic
1342 3187 1549 3242 agere,
1604 3176 1767 3228 esset
1805 3169 2011 3241 egredi
2048 3168 2197 3226 fines
2234 3174 2497 3237 nostros;
2551 3183 2688 3240 qua-

436 3257 683 3325 propter
721 3251 1009 3309 lectorem
1047 3249 1257 3308 harum
1289 3267 1489 3309 rernm
1530 3250 1802 3324 cupidum
1832 3250 1909 3307 ad
1934 3248 2392 3308 Gretserum
2418 3249 2686 3304 Notat-um

437 3331 490 3384 ιἰι
533 3331 799 3386 Codinam
837 3331 878 3389 l'.
915 3331 967 3398 3,
1007 3346 1054 3388 c.
1093 3330 1194 3401 2⁶)
1233 3335 1412 3404 atque
1451 3331 1528 3389 ad
1568 3330 1718 3388 alios
1760 3336 2034 3388 auctores
2072 3330 2290 3402 passim
2334 3329 2620 3387 adductos
2641 3329 2686 3398 ²)

437 3412 798 3527 relegamus.

626 3571 669 3639 ¹)
711 3570 874 3623 ’Ama
913 3570 980 3637 δη
1017 3575 1107 3623 καὶ
1131 3590 1225 3632 τας
1248 3571 1444 3631 λοιπας
1467 3576 1626 3644 τρεῖς,
1665 3572 1764 3638 τήν
1791 3577 1901 3624 τῶν
1925 3571 2118 3641 ἁγίων,
2156 3575 2309 3644 φησί,
2348 3570 2684 3630 ἀποστόλων,

442 3655 541 3718 τήν
577 3655 672 3720 τῆς
711 3649 981 3706 θεοτόκου
1027 3654 1118 3704 καὶ
1154 3657 1254 3706 τοῦ
1290 3657 1894 3725 τεσσαρακονθημέρου·
1944 3652 2082 3723 πρὸς
2129 3671 2236 3722 γαρ
2284 3655 2544 3723 τέσσαρας
2588 3657 2687 3705 τοῦ

441 3733 656 3803 χρόνον
706 3731 850 3804 ὥρας
896 3735 986 3784 καὶ
1035 3733 1132 3794 τοῖς
1169 3734 1601 3806 τεσσαρακοσῐοῖς
1650 3737 1703 3787 οἱ
1741 3739 1888 3788 θεῖοι
1926 3738 2148 3806 πατέρες
2192 3733 2532 3790 ἐπιδεδώκασι.
2608 3734 2687 3788 Ita

442 3815 783 3887 Synaxarium
821 3815 911 3869 cit.

619 3893 664 3962 ²)
705 3894 976 3961 Quaelibet
1011 3895 1245 3965 longiora
1275 3897 1472 3967 jejunia
1512 3896 1789 3951 identidem
1829 3896 1985 3951 fuisse
2012 3895 2445 3964 Quadragesimas
2484 3899 2684 3960 vocata,

443 3975 594 4028 docet
630 3974 691 4029 C.
731 3975 1020 4029 Accu-susti
1052 3977 1105 4030 8.
1142 3975 1207 4030 Χ.
1247 3977 1309 4030 de
1347 3978 1660 4031 accusation.
1701 3977 1788 4044 (V,
1829 3979 1902 4044 1).

620 4052 667 4121 ⁸)
707 4055 857 4123 Apud
892 4054 1081 4124 Migne,
1119 4054 1261 4110 Patr.
1300 4056 1390 4110 lat.
1431 4061 1553 4110 tom.
1594 4056 1714 4122 140,
1753 4072 1838 4126 pp.
1877 4056 2176 4111 951—952.

624 4134 669 4201 ⁴)
710 4133 834 4191 Ibid.
873 4151 922 4204 p.
961 4137 1084 4191 981.

621 4215 667 4281 ⁶)
709 4214 837 4269 Ibid.
875 4220 1001 4271 tom.
1038 4217 1158 4285 161,
1197 4234 1246 4288 p.
1285 4218 1407 4273 898.

625 4295 669 4360 ⁸)
707 4294 781 4349 Id.
820 4294 961 4349 Patr.
999 4313 1078 4366 gr.
1115 4301 1239 4352 tom.
1280 4300 1400 4365 157,
1439 4311 1522 4368 pp.
1561 4299 1865 4353 329—330.

627 4374 668 4440 ⁷)
709 4377 968 4430 Confersis
1005 4378 1099 4431 Du
1138 4379 1392 4448 Gange,
1435 4380 1681 4432 Glossar.
1720 4380 1815 4433 lat.
1856 4379 2011 4432 verbo
2054 4376 2504 4444 Qteudmiqesima.

2403 4556 2467 4609 5*
