3514 5391
847 524 1118 595 ‘Iffldqucic
1152 525 1293 595 μετά
1336 524 1431 591 τὴν
1471 531 1636 583 Hert.
1694 526 1834 580 Infra
1872 525 2054 580 OctaV.
2095 525 2301 580 pentec.

460 722 862 795 Ephemel·ide
921 724 1291 778 Literarisch.
1347 723 1713 778 Handweiser
1771 739 1865 780 an.
1919 724 2083 794 1869,
2149 722 2221 781 N.
2259 724 2357 792 86,
2416 741 2464 796 p.

461 802 639 874 Hug.
679 803 1008 874 Hurter,
1052 804 1592 874 Theoloq.Doymat.‚
1617 809 1660 861 t.
1679 805 1734 874 2,
1754 821 1849 877 pp.
1872 803 2157 861 144—155
2194 803 2363 874 (edo
2407 820 2464 861 at

460 882 576 940 Sed
616 884 873 942 omnium
902 884 1304 957 copiosissime
1334 884 1899 957 accuratissimeque
1925 891 2112 942 totum
2141 889 2464 956 argumenti

459 965 754 1023 tractavit
791 966 994 1024 Emus.
1032 966 1093 1024 J.
1132 966 1204 1024 B.
1246 965 1428 1025 Oard.
1470 966 1924 1028 Franzelin.
1981 967 2079 1038 qui
2131 983 2302 1039 quum
2354 965 2464 1040 pri1

458 1045 700 1117 egregio
739 1062 843 1103 suo
881 1047 1036 1104 libro
1072 1048 1141 1102 de
1178 1048 1298 1102 Deo
1341 1047 1504 1101 Trino
1540 1047 1832 1102 secundum
1858 1064 2137 1117 personas
2188 1047 2260 1103 de
2314 1063 2381 1104 eo
2420 1045 2464 1102 ft

456 1132 733 1198 putasset
768 1126 1042 1199 (Romae,
1081 1134 1205 1201 typ.
1243 1126 1627 1201 Propagand.
1668 1145 1762 1185 an.
1801 1128 1982 1198 1869),
2035 1127 2316 1200 deinceps
2356 1126 2464 1184 etia

455 1205 759 1278 plemento
798 1206 1066 1276 ejusdem
1104 1208 1249 1266 libri
1288 1208 1449 1266 edito
1487 1207 1975 1278 (Paralipomenon
2022 1209 2309 1263 Tractatus
2342 1207 2411 1261 de
2448 1216 2464 1259 A

455 1286 647 1353 nitate,
668 1303 762 1345 an.
785 1289 962 1360 1876),
990 1288 1283 1362 peculiari
1304 1288 1709 1362 disputatione
1735 1288 1808 1346 de
1830 1288 2041 1346 eadem
2063 1287 2409 1360 quaestione
2432 1286 2464 1344 ἰ]

454 1367 731 1437 graviter
767 1385 1133 1441 nervoseque
1173 1368 1468 1428 refutavit
1505 1369 1786 1441 quidquid
1828 1371 1902 1427 ab
1943 1367 2338 1438 adversariiS‚
2388 1384 2461 1425 no

456 1454 657 1506 autem
700 1450 1027 1517 aMacario,
1066 1450 1341 1524 episcopo
1366 1467 1553 1522 russO,
1592 1458 1655 1508 et
1680 1467 1717 1507 a
1743 1450 1991 1520 Lanyen,
2029 1447 2366 1523 professore
2387 1447 2464 1505 B<

456 1535 670 1586 contra
710 1531 1068 1590 catholicam
1106 1531 1427 1590 veritatem
1464 1531 1827 1604 propositum
1865 1530 2084 1591 fuerat.

637 1619 740 1676 Ad
778 1619 883 1677 hos
921 1627 1196 1679 auctores
1234 1620 1421 1693 igitur
1458 1620 1775 1695 permittat
1800 1637 1863 1677 se
1901 1620 2093 1677 lector
2118 1619 2365 1690 remitti,
2406 1620 2464 1677 dt

458 1699 849 1758 academicae
890 1700 1311 1775 disputationis
1351 1702 1509 1772 loce,
1559 1717 1704 1759 rara
1741 1699 2033 1773 quaedam
2075 1718 2147 1758 ex
2187 1699 2443 1758 adducto

454 1780 617 1837 bello
655 1779 947 1836 Flosculus
983 1782 1233 1838 veritatis
1271 1782 1633 1853 exhibemuS‚
1684 1788 1752 1839 ut
1790 1780 2122 1839 methodum
2177 1798 2210 1837 a
2252 1781 2464 1838 monac]

458 1858 972 1920 lazsfalvensibus
994 1862 1052 1919 in
1082 1863 1342 1920 veritate
1366 1862 1664 1921 catholica
1684 1879 1756 1919 ex
1783 1862 1955 1920 libris
1982 1860 2280 1933 liturgicis
2308 1860 2464 1919 confi:

461 1942 800 2000 adhibitam
839 1960 990 2001 novo
1029 1945 1296 2016 exemplo
1328 1943 1732 2001 illustremus,
1806 1942 1909 2000 Ad
1947 1949 2174 2000 textum
2214 1941 2461 2000 latinum

457 2029 643 2094 typou
664 2040 943 2093 graecum
963 2022 1409 2083 Pentecostarii
1430 2041 1504 2082 ex
1526 2023 1788 2081 editione
1812 2023 2080 2095 Vulgata
2099 2028 2321 2081 veneta
2348 2039 2462 2097 app

456 2109 524 2161 ut
574 2105 867 2175 genuinus
918 2104 1268 2163 citationum
1330 2121 1534 2163 sensus
1589 2103 1833 2162 facilius
1894 2103 2257 2177 deprehendi
2304 2103 2464 2176 possi

457 2183 652 2240 tiones
704 2184 1019 2256 liturgicas
1070 2186 1256 2258 igitur
1306 2185 1462 2243 docti
1513 2184 1817 2245 Basiliani
1873 2184 1962 2242 ita
2013 2186 2296 2243 evolvunt
2354 2202 2448 2258 pp.

460 2263 633 2334 (edit.
673 2264 870 2334 rom.):

641 2352 941 2413 Similiter
979 2355 1193 2429 (Apoc.
1233 2372 1281 2413 c.
1317 2357 1407 2425 22,
1444 2373 1497 2414 v.
1540 2355 1596 2425 1)
1634 2355 1925 2413 habetur:
1964 2356 2039 2409 Et
2064 2355 2298 2408 ostendit
2320 2354 2459 2408 mihi

460 2451 639 2503 aquae
676 2435 826 2490 m‘eae
860 2436 1200 2505 splendidam
1238 2440 1512 2506 tamquam
1552 2436 1891 2507 crystallum,
1915 2434 2298 2505 procedentem
2336 2435 2404 2488 de
2440 2453 2464 2488 s

461 2517 514 2568 et
550 2515 713 2584 Aqui.
787 2515 909 2573 Ubi
946 2533 1055 2589 per
1092 2534 1293 2575 vocem
1334 2517 1446 2571 Dei
1493 2517 1858 2588 intelligitur
1895 2516 2133 2585 Patris,
2192 2522 2254 2571 et
2300 2532 2409 2589 per
2446 2548 2464 2568 Α

462 2595 763 2667 telligitur
801 2596 968 2665 Filii,
1007 2604 1074 2655 ut.
1111 2597 1314 2668 (Joan.
1358 2600 1403 2669 1,
1446 2598 1502 2669 l)
1542 2598 1796 2670 legitur:
1838 2598 1914 2651 Et
1949 2596 2171 2651 Verbum
2197 2600 2323 2650 erat
2346 2612 2464 2664 apul

466 2675 552 2733 Et
588 2676 871 2750 exprimit
910 2677 1194 2738 Ecclesia
1232 2679 1292 2737 in
1321 2677 1573 2737 Cantico
1611 2677 2084 2751 glorificationis,
2125 2676 2258 2735 dum
2288 2674 2453 2734 canit

466 2756 575 2810 Dei
609 2764 672 2814 et
709 2757 894 2813 Filias
930 2758 1143 2813 Patris.
1215 2759 1447 2817 Rursus
1484 2776 1593 2833 per
1621 2776 1826 2817 voces:
1866 2758 2117 2814 Fluvium
2144 2773 2320 2827 aquae
2348 2755 2463 2809 viva

465 2837 673 2909 lig-itur
709 2837 972 2911 Spiritus
1011 2846 1270 2911 sanctus,
1308 2847 1376 2898 ut
1411 2839 1670 2898 habetur
1708 2841 1778 2911 (J
1781 2856 1912 2898 oan.
1951 2840 2002 2910 7,
2028 2836 2156 2908 38):
2199 2837 2305 2905 Qui
2326 2836 2464 2890 cred.

465 2917 603 2972 sicat
635 2918 770 2974 dicit
803 2919 1124 2990 Scriptura,
1161 2921 1398 2990 flamina
1448 2921 1515 2975 de
1552 2925 1737 2975 ventre
1775 2922 1899 2991 ejas
1925 2922 2104 2990 fluent
2153 2935 2330 2988 aquae
2375 2917 2464 2970 rit-⁴

468 3000 642 3051 uatem
681 2998 826 3053 davit
848 2999 916 3053 de
941 3000 1173 3070 Spiritu,
1209 3018 1364 3071 quem
1391 3003 1666 3072 accepturi
1688 3005 1852 3056 erant
1874 3001 2157 3056 credentes
2180 3001 2236 3054 ln
2266 3015 2403 3053 eam.
2453 2996 2464 3055 ἶ

468 3094 574 3149 per
608 3079 791 3134 sedem
832 3079 1152 3140 denotatur
1187 3083 1422 3140 unicum
1459 3082 1633 3154 hujus
1673 3080 1856 3152 fluvii,
1896 3099 2001 3138 seu
2029 3078 2464 3155 processionis}

471 3160 660 3217 sancti
711 3161 1083 3234 principium.
1156 3162 1251 3220 Ex
1290 3163 1497 3236 quibus
1534 3170 1701 3222 recte
1743 3161 2002 3220 infertur
2039 3161 2325 3235 Spiritum
2364 3177 2464 3218 san

472 3237 656 3297 Patre
693 3240 985 3314 Filioque,
1024 3249 1305 3315 tanquam
1344 3247 1420 3303 ab
1458 3261 1572 3302 uno
1611 3244 1904 3319 principio
1942 3243 2285 3318 procedere.

646 3319 992 3380 Conformia
1029 3323 1120 3382 his
1159 3325 1343 3383 habet
1394 3325 1571 3383 etiam
1595 3332 1822 3383 'nostra
1859 3325 2142 3382 Ecclesia
2192 3323 2251 3381 in
2299 3323 2419 3380 suis
2459 3333 2464 3366 ⁴

473 3398 571 3457 Sic
607 3400 665 3458 in
705 3402 1179 3475 PentecostariO,
1219 3405 1378 3465 feria
1405 3406 1591 3464 tertia
1617 3403 2010 3463 Pentecostes
2042 3405 2101 3463 in
2125 3404 2313 3477 priori
2340 3402 2464 3461 Cat]

476 3480 724 3552 legitur;
777 3483 926 3556 quod
975 3486 1165 3553 Deus,
1216 3487 1312 3556 qai
1346 3503 1487 3541 anas
1523 3491 1607 3541 est
1654 3487 1708 3540 in
1749 3487 1988 3541 essentia
2026 3486 2294 3550 Deitatis,
2351 3487 2404 3539 et
2438 3487 2464 3538 t.

649 3680 691 3746 ¹)
732 3680 877 3747 Quae
915 3698 1008 3751 pro
1046 3684 1391 3737 confirmanda
1428 3684 1652 3737 veritate
1692 3682 1947 3737 catholica
1971 3682 2346 3752 processionis
2382 3682 2464 3751 Sp«

474 3776 505 3811 a
543 3760 718 3815 Patre
748 3765 809 3815 et
844 3761 991 3816 Filio
1028 3779 1089 3816 ex
1130 3764 1357 3817 fontibus
1394 3764 1649 3833 liturgicis
1686 3764 1933 3833 Syrorum
1972 3766 2122 3816 eruta
2159 3763 2222 3816 cl.
2262 3766 2443 3816 auctor

474 3840 673 3894 brevius
712 3843 1083 3912 angustiusque
1121 3844 1403 3911 concludit,
1458 3860 1520 3897 ea
1556 3845 1730 3897 RmuS.
1771 3843 2019 3910 David,
2076 3843 2299 3912 archiep.
2339 3843 2464 3896 Dam

476 3937 658 3986 rorum,
697 3922 860 3975 fusius
898 3923 1204 4003 uberiusque
1243 3924 1498 3990 dilatavit,
1550 3926 1755 3994 proprio
1795 3927 2161 3979 commentario
2199 3924 2336 3977 edito
2374 3923 2424 3975 in
2462 3922 2464 3973 ἶ

475 4001 579 4055 ride
620 4002 839 4066 „Reme
884 4003 953 4057 de
1000 4003 1233 4073 I’Eylise
1279 4007 1725 4074 yrecque-um‘e‘ss
1777 4005 1871 4058 tali
1920 4009 2147 4074 praefixo
2196 4003 2376 4057 titulo:
2431 4043 2459 4071 „

473 4081 532 4134 de
567 4082 850 4136 l'ancienne
886 4067 1063 4152 ssglise
1100 4084 1348 4155 Syrienne
1404 4102 1492 4139 sur
1540 4087 1590 4139 la
1627 4086 1923 4155 procession
1973 4087 2038 4139 du
2077 4083 2464 4152 Saint-Esprit‘

475 4176 554 4230 pp.
594 4163 917 4229 177—178).
974 4164 1032 4217 In
1067 4180 1129 4217 eo
1166 4169 1375 4232 praeter
1410 4165 1513 4218 alia
1550 4166 1708 4219 etiam
1746 4166 2026 4218 solemnem
2064 4164 2431 4234 professionem

463 4247 666 4295 storum
715 4243 987 4297 universae
1038 4245 1287 4299 ecclesiae
1336 4246 1570 4315 syriacae
1626 4246 1678 4299 in
1726 4246 1941 4300 concilio
1991 4245 2324 4314 Ctesiphonte
2381 4244 2457 4297 col

475 4337 554 4375 an.
590 4321 698 4375 410
746 4323 939 4376 factam
988 4325 1156 4378 sistit:
1216 4325 1544 4396 Confitemur
1582 4326 1849 4396 Spiritum
1902 4326 2071 4379 rivum
2123 4328 2177 4378 et
2210 4326 2464 4385 sanctam

474 4400 650 4454 clitum
689 4402 883 4467 vivum,
931 4403 1026 4471 qai
1058 4421 1093 4457 a
1130 4405 1306 4459 Patre
1342 4410 1397 4460 et
1431 4406 1610 4460 Filio:
1647 4406 2070 4477 quemadmodum
2107 4408 2282 4460 exstat
2318 4405 2370 4458 in
2406 4403 2464 4456 A«

477 4481 556 4539 odi
593 4497 626 4534 a
662 4481 727 4535 cl.
766 4482 897 4556 prof.
935 4483 1083 4538 Lam
1096 4502 1161 4559 y,
1196 4486 1349 4540 editis
1385 4486 1599 4542 Lovanii
1636 4504 1719 4543 an.
1761 4489 1914 4542 1868.
