3514 5391
873 461 1049 560 Mense
1084 499 1238 561 Julio.
1292 499 1436 560 Fest.
1474 498 1797 560 sanctissimi
1830 498 2205 574 Redemptoris.
2547 495 2653 556 495

435 699 646 767 Christi
704 701 1164 785 promovendae
1224 700 1562 778 destinata,
1632 699 2012 784 cujusmodi,
2067 700 2229 767 inter
2289 700 2437 779 alia,
2506 709 2654 770 sunt

432 798 1105 885 Archiconfratemitas
1152 800 1615 886 pretiosissimi
1673 796 2059 884 Sanquinis;
2132 797 2302 863 Ordo
2352 804 2652 883 equom-is

429 896 807 961 Mantuanus
856 897 1239 962 sanctissimi
1283 894 1768 981 Redemptoris,
1835 897 2166 979 praecipue
2225 896 2288 961 in
2349 896 2650 963 honorem

426 993 802 1059 Sacrosancti
849 994 1203 1080 Sanguinis,
1253 995 1357 1079 qui
1392 1015 1468 1060 ex
1497 994 1692 1067 latere
1725 993 1957 1060 Christi
2001 994 2195 1073 fiuxit,
2246 988 2651 1075 constitutus3

429 1089 941 1178 Conpreqationes
990 1093 1556 1157 Missionariorum
1603 1097 1664 1158 et
1712 1092 2163 1156 Adoratricum
2197 1095 2655 1179 pretiosissimi

422 1187 778 1275 Sanquinis,
847 1191 946 1274 ab
988 1190 1323 1274 apostolico
1386 1192 1515 1256 viro
1578 1190 1697 1256 Dei
1760 1191 2040 1276 Gaspare
2088 1191 2309 1256 Bufalo
2373 1199 2650 1261 erectae:

417 1286 584 1365 haec,
651 1288 937 1373 inquam,
1005 1289 1246 1374 aliaque
1294 1290 1473 1375 plura
1520 1289 1620 1355 his
1669 1289 2001 1373 conjuncta
2045 1288 2230 1354 latius
2291 1294 2354 1355 et
2398 1290 2652 1357 uberius

418 1389 692 1453 tractavit
739 1388 1085 1467 Moroni,
1136 1389 1536 1471 Dizionario,
1587 1389 1952 1474 praesertim
1989 1393 2031 1453 t.
2065 1389 2169 1467 61,
2221 1410 2322 1473 pp.
2356 1389 2649 1467 33-49;

416 1485 861 1552 Germanorum
926 1487 1064 1552 usui
1126 1507 1271 1552 vero
1319 1488 1382 1552 in
1429 1487 1683 1552 brevem
1731 1507 2042 1552 summam
2108 1487 2356 1552 redacta
2403 1487 2654 1554 tradidit

413 1583 701 1650 Noldin
750 1586 816 1650 in
862 1586 1393 1650 Kirckenleaeicon
1441 1590 1481 1651 t.
1535 1586 1594 1650 2.
1645 1606 1748 1670 pp.
1800 1583 2177 1662 926—933‚
2229 1585 2375 1650 edit.
2426 1585 2486 1652 2.

585 1818 697 1882 Do
712 1818 904 1882 mini
914 1841 999 1882 ca
1030 1818 1153 1886 III.
1179 1819 1240 1882 J
1239 1815 1420 1884 ulii.·
1483 1819 1730 1883 Festum
1761 1817 2164 1885 Sanctissimi
2188 1815 2650 1903 Redemptoris.

585 1961 841 2026 Festum
889 1959 1007 2028 SS.
1056 1960 1518 2048 Redemptoris,
1569 1962 1733 2044 quod
1781 1961 1846 2025 in
1894 1961 2183 2027 Dominio
2232 1960 2470 2026 Veneto
2492 1960 2653 2044 jam-

406 2059 643 2143 pridem
696 2061 833 2144 ipso
880 2059 1000 2124 hoc
1048 2059 1146 2125 die
1196 2078 1338 2124 cum
1368 2058 1870 2125 extraordinariis
1901 2058 2237 2143 privilegiis
2271 2057 2652 2124 celebratum

409 2156 679 2244 legimus
704 2159 776 2243 ¹),
826 2157 1017 2223 Pius
1062 2157 1193 2223 ΡΡ.
1237 2156 1408 2224 VIII.
1459 2155 1690 2222 statum
1739 2176 1878 2222 esse
1907 2156 2099 2221 voluit
2127 2157 2189 2220 in
2223 2155 2400 2222 Urbe
2430 2155 2648 2233 Roma,

403 2255 500 2320 die
546 2255 656 2322 23.
713 2254 998 2321 Octobris
1059 2257 1334 2340 ejusdem
1400 2255 1745 2322 celebritati
1794 2255 2088 2320 attributo
2155 2275 2267 2339 per
2311 2255 2650 2321 Decretum

404 2351 464 2418 S.
516 2352 641 2420 Bit.
697 2351 925 2440 Gongr.
989 2355 1048 2421 d.
1098 2356 1157 2421 d.
1209 2354 1268 2422 8.
1318 2354 1471 2438 Maji
1524 2354 1697 2419 1830
1721 2353 1795 2438 ²).
1889 2353 2130 2418 Exinde
2192 2354 2268 2418 ad
2317 2354 2648 2438 plerasque

346 2470 357 2483 ·
402 2470 618 2517 omnes
669 2452 989 2518 dioeceses
1037 2473 1108 2518 ac
1156 2452 1477 2539 religiosos
1517 2454 1766 2518 ordines
1796 2452 2058 2529 transiit,
2108 2452 2293 2516 modo
2323 2457 2392 2516 ut
2419 2453 2651 2517 festum

403 2548 748 2632 immobile,
800 2553 975 2635 quod·
998 2550 1204 2616 locum
1253 2552 1314 2647 in
1346 2551 1721 2617 Kalendario
1754 2556 1991 2617 certum
2040 2569 2112 2615 ac
2145 2549 2431 2616 stabilem
2460 2551 2653 2616 habet

404 2647 462 2713 d.
514 2648 623 2714 23.
681 2647 922 2727 Octob.,
974 2652 1158 2716 modo
1205 2654 1275 2716 ut
1323 2650 1774 2735 conceptivum,
1838 2650 2022 2734 quod,
2085 2669 2360 2715 annuum
2407 2649 2651 2715 litterae

399 2747 795 2813 dominicalis
824 2768 1145 2814 recursum
1178 2750 1515 2833 sequendo,
1568 2750 1749 2815 tertio
1788 2748 1887 2814 die
1920 2748 2231 2814 dominico
2263 2747 2432 2826 Julii,
2485 2754 2553 2812 ut
2584 2749 2646 2813 in

406 2843 706 2910 Dominio
755 2844 1019 2926 Veneto,
1070 2848 1292 2934 agitur.

588 3096 632 3164 ¹)
675 3095 867 3166 Legite
893 3096 1176 3165 Totam,
1217 3098 1404 3165 Dian,
1439 3114 1602 3153 mens·
1631 3098 1734 3152 Jul.
1763 3101 1897 3166 part.
1926 3100 1975 3163 1,
2014 3097 2045 3167 ξ
2069 3097 2132 3164 3;
2171 3100 2210 3150 t.
2237 3097 2288 3163 3,
2317 3112 2402 3166 pp.
2421 3095 2651 3151 85—86.

403 3206 465 3214 —
504 3176 819 3232 Rationibus
871 3177 1459 3246 celebritatisVenetae
1511 3178 1832 3233 illustrandis
1881 3178 2101 3231 inservit
2152 3177 2382 3232 clausula
2417 3178 2653 3232 lectionis

400 3264 583 3312 sextae
624 3255 797 3313 Officii
836 3258 1044 3328 proprii,
1082 3274 1214 3329 quae
1252 3263 1336 3313 est
1376 3258 1651 3329 ejusmodi:
1708 3257 1890 3329 „Hanc
1927 3258 2088 3326 igitur
2125 3258 2402 3311 immensae
2440 3257 2653 3327 largita-

401 3337 469 3390 tis
506 3338 844 3394 clementiam
879 3339 1153 3394 ostendere
1193 3339 1437 3408 dignatus
1474 3343 1558 3393 est
1583 3339 1722 3394 Deus
1762 3354 1891 3408 erga
1916 3338 2157 3408 populum
2177 3336 2514 3392 Venetiamm
2542 3338 2653 3392 dira

402 3420 523 3472 tunc
580 3418 835 3486 temporis
890 3418 1186 3487 pestilentia
1238 3422 1513 3486 vexatnm3
1572 3419 1663 3473 sed
1712 3423 1835 3473 voto
1887 3419 2026 3472 sacto
2075 3418 2330 3472 invisendi
2379 3420 2654 3488 quotannis

401 3498 652 3567 templum
680 3497 733 3552 in
756 3497 1001 3552 honorem
1020 3498 1343 3553 Sanctissimi
1364 3499 1741 3569 Redemptoris,
1769 3515 1801 3552 a
1827 3499 2171 3553 fundamentis
2198 3499 2431 3568 publicae
2457 3501 2653 3568 magni-

401 3579 610 3632 ficentia
648 3579 865 3648 pietatis
902 3584 1239 3648 exstructum,
1277 3596 1379 3634 non
1414 3580 1576 3634 multo
1614 3584 1732 3649 post
1771 3579 1999 3633 extincto
2037 3579 2230 3644 morbo,
2270 3595 2468 3632 summa
2494 3580 2653 3633 totius

402 3658 636 3712 civitatis
675 3658 896 3725 laetitia,
933 3659 1182 3728 pristinae
1221 3660 1562 3715 incolumitati
1599 3676 1656 3714 se
1692 3659 1825 3713 vidit
1862 3660 2177 3714 restitutum.
2253 3658 2323 3714 Ut
2362 3662 2537 3713 autem
2571 3675 2653 3713 ac-

403 3739 541 3808 cepti
579 3739 813 3794 beneficii
854 3738 1158 3806 recordatio,
1198 3744 1253 3793 et
1290 3739 1459 3794 cultus
1498 3755 1625 3808 erga
1656 3740 1988 3794 Servatorem
2023 3744 2258 3793 nostrum
2295 3744 2577 3806 augeretur
2602 3739 2654 3792 in

402 3818 513 3873 dies
531 3861 544 3887 ,
598 3818 837 3874 Officium
887 3820 1147 3889 proprium
1172 3825 1255 3875 'et
1293 3820 1503 3874 Missam
1549 3821 1642 3874 sub
1681 3821 1832 3875 titulo
1871 3819 2221 3874 Sancti-ssimi
2255 3819 2656 3890 Redemptor-i&

402 3915 535 3969 quae
574 3898 905 3954 Innocentius
955 3899 1181 3954 decimus
1221 3901 1408 3955 tertius
1462 3899 1755 3969 „Romanus
1794 3900 2064 3968 Pontifex,
2121 3900 2352 3954 omnibus
2387 3900 2654 3970 utriusque

404 3995 561 4034 sexus
600 3979 1031 4035 christifidelibus
1068 3979 1299 4035 Venetiis
1338 3981 1697 4048 existentibuS,
1745 3981 1831 4051 qui
1869 3980 1936 4034 ad
1973 3982 2128 4036 horas
2166 3981 2439 4034 canonicas
2477 3985 2653 4034 tenen-

404 4064 518 4127 tur,
577 4060 798 4130 singulis
836 4061 984 4114 annis
1021 4060 1289 4115 Dominica
1326 4062 1485 4116 tertia
1520 4062 1645 4116 Julii
1696 4065 1999 4116 recurrente
2048 4061 2344 4116 recitandas
2382 4062 2653 4128 concessit,

405 4139 717 4195 Benedictus
756 4140 983 4195 decimus
1020 4141 1206 4196 tertius
1243 4141 1423 4197 itidem
1457 4142 1715 4197 Romanus
1753 4142 2011 4209 Pontifex,
2062 4143 2128 4196 ad
2165 4145 2329 4195 totum
2368 4145 2562 4195 statum
2601 4147 2656 4195 et

407 4219 684 4275 dominium
721 4220 977 4274 Venetum
1016 4221 1300 4276 extendit.“

589 4300 632 4369 ²)
680 4300 877 4370 Relege
927 4300 1292 4355 Kalendarium
1343 4302 1507 4372 ipsius
1557 4303 1711 4357 Urbis
1764 4302 1986 4370 Romae,
2050 4301 2365 4371 propositum
2417 4307 2556 4356 tomo
2604 4305 2652 4370 1,

407 4394 456 4447 p.
492 4380 617 4449 400,
667 4396 730 4434 ac
767 4378 887 4434 vide
925 4381 1083 4434 etiam
1120 4383 1254 4435 Acta
1290 4382 1523 4436 literaria
1564 4382 2043 4452 Correspondance
2079 4381 2147 4437 de
2183 4381 2355 4435 Rome
2392 4398 2473 4437 an.
2515 4384 2653 4437 1848

412 4460 637 4529 —1849,
674 4477 761 4530 pp.
801 4460 1033 4529 29—30,
1073 4461 1260 4516 ibidem
1299 4463 1463 4517 citata
1500 4479 1548 4533 p.
1587 4463 1710 4516 402.
