3514 5391
709 540 953 606 Κυριεική
992 543 1079 603 τῆς
1115 539 1457 607 ὀρθοδοξίας.
1527 541 1795 595 Dominica
1833 541 1871 595 Ι.
1911 541 2366 610 Quadragesimae.
2566 544 2667 596 107

418 735 753 804 ecclesiam,
808 742 868 794 et
907 736 1211 810 quum·illi
1250 738 1800 811 appropinquasset,
1849 738 2001 797 haec
2040 738 2211 810 ajunt
2249 740 2496 799 dixisse:
2552 741 2668 800 Ex·

417 813 620 872 audita
659 824 758 875 est
808 818 1002 875 oratio
1039 823 1175 888 tna,
1229 833 1266 875 o
1301 819 1607 892 episcope,
1663 824 1726 876 et
1763 820 2001 878 veniam
2039 820 2298 879 obtinuit
2346 820 2671 894 imperator

414 895 811 970 Theophilus;
869 915 983 957 non
1035 897 1289 972 amplius
1339 899 1526 971 igitur
1573 916 1682 973 pro
1733 916 1803 958 eo
1849 899 1983 957 Deo
2042 901 2125 958 sis
2179 902 2477 960 molestus».
2550 902 2670 960 Hic

419 983 612 1035 autem
653 986 721 1036 ut
765 979 1143 1053 experiretur
1182 995 1259 1036 an
1296 994 1444 1037 vera
1482 984 1647 1036 esset
1684 979 1853 1051 visio,
1893 980 1971 1038 ad
1997 980 2196 1039 altare
2227 980 2538 1053 accedens,
2578 997 2671 1039 ac·

419 1063 586 1131 cepta
628 1059 865 1130 charta,
907 1075 1092 1131 eaque
1120 1066 1353 1133 aperta,
1402 1060 1633 1119 invenit
1669 1060 1729 1132 (o
1766 1060 1965 1118 Deum
1996 1060 2354 1132 judiciorum
2371 1061 2411 1132 ἔ)
2462 1078 2669 1120 nomen

415 1135 736 1212 Theophili
786 1139 1034 1199 omnino·
1073 1139 1357 1198 divinitus
1410 1140 1668 1199 deletum
1718 1130 1907 1211 (εὗρεν
1942 1139 2426 1210 α’παληλειμμένον
2462 1140 2672 1195 θεόθεν

415 1215 745 1273 παντάπασί
774 1220 837 1274 τό
864 1225 964 1297 τοῦ
990 1222 1266 1292 Θεοφίλου
1286 1220 1510 1293 ὄνομα).
1567 1221 1743 1281 Haec
1771 1240 1941 1295 quum
1971 1222 2280 1281 didicisset
2306 1221 2669 1301 imperatrix,

414 1317 623 1373 magno
662 1300 922 1375 perfusa
961 1308 1054 1360 est
1091 1303 1308 1374 gaudio
1351 1308 1415 1362 et
1450 1303 1838 1375 patriarchae
1878 1300 2198 1377 significat,
2235 1308 2304 1361 ut
2328 1302 2670 1362 universum

418 1389 747 1455 congreget
785 1384 1063 1457 populum
1100 1400 1218 1442 una
1270 1401 1400 1443 cum
1437 1385 1798 1443 venerandis
1838 1385 2113 1443 crucibus
2169 1389 2231 1442 et
2267 1383 2493 1441 sanctis
2532 1384 2691 1442 ima·-

413 1462 665 1535 ginibus,
707 1464 772 1521 in
812 1480 1034 1536 magna
1069 1463 1190 1522 Dei
1230 1465 1503 1532 ecclesia,
1541 1472 1611 1523 ut
1648 1464 1744 1524 illi
1769 1472 2112 1524 sanctarum
2141 1463 2462 1537 imaginum
2501 1480 2667 1522 orna·

417 1550 674 1602 mentum
731 1545 1126 1613 restituatur,
1176 1549 1238 1602 et
1288 1561 1496 1605 novum
1539 1545 1888 1607 miraculum
1928 1546 2195 1604 omnibus
2235 1541 2670 1602 manifestetur.

590 1634 792 1708 Quum
849 1634 1052 1708 itaque
1100 1650 1329 1705 omnes,
1381 1650 1534 1707 quae
1571 1651 1783 1708 pamm
1822 1636 2024 1706 abest,
2076 1634 2136 1692 in
2175 1634 2433 1693 ecclesia
2470 1638 2672 1692 essent

418 1716 772 1787 congregati
812 1731 943 1773 cum
983 1715 1175 1773 cereis
1216 1715 1500 1786 accensis,
1538 1716 1893 1788 imperatrix
1930 1732 2047 1773 una
2085 1732 2212 1774 cum
2261 1715 2384 1773 filio
2434 1714 2669 1773 accedit

423 1801 484 1852 et
515 1794 692 1853 tacta
726 1795 1114 1869 'processione
1166 1812 1298 1853 cum
1335 1796 1560 1854 sanctis
1614 1796 1972 1869 imaginibus
2024 1802 2088 1854 et
2138 1796 2327 1854 sacris
2380 1802 2443 1854 et
2491 1811 2667 1853 vene-

419 1875 621 1934 randis
662 1882 920 1934 sanctae
959 1875 1153 1934 crucis
1190 1876 1401 1947 lignis,
1459 1882 1522 1935 et
1558 1893 1733 1935 sacro
1784 1883 1846 1935 et
1884 1877 2086 1936 divino
2125 1876 2438 1949 evangelio
2489 1891 2672 1949 usque

420 1955 490 2012 ad
530 1973 670 2015 eum
711 1957 939 2027 locum,
991 1956 1145 2031 quod
1182 1957 1417 2016 miliare
1456 1963 1850 2030 nuncupatur,
1902 1957 2133 2030 egressi
2182 1962 2320 2015 sunt
2371 1955 2536 2026 (ἄχρι
2574 1960 2673 2008 τοῦ

419 2027 728 2097 λεγομένου
765 2029 1017 2081 Μιλλίου
1052 2028 1307 2100 ἐξῆλθον)
1359 2028 1664 2100 „Domine‚
1704 2029 2025 2088 miserere“
2067 2029 2196 2086 alta
2233 2044 2376 2087 voce
2415 2028 2673 2086 claman-

421 2113 534 2179 tes3
575 2116 643 2166 et
683 2109 776 2173 ita
813 2124 1019 2166 rursus
1060 2110 1137 2167 ad
1164 2110 1479 2168 ecclesiam
1505 2110 1756 2182 reversi,
1798 2126 2033 2168 sacram
2058 2108 2365 2180 liturgiam
2404 2105 2671 2166 confece-

420 2194 568 2259 runt,
611 2190 842 2248 erectis
881 2189 1172 2249 videlicet
1208 2191 1433 2248 sanctis
1474 2198 1537 2249 et
1571 2191 2023 2249 venerabilibus
2056 2189 2414 2263 imaginibus
2442 2206 2477 2247 a
2504 2205 2671 2261 prae-

421 2266 559 2327 fatis
629 2270 861 2328 sanctis
911 2271 1059 2328 viris
1115 2271 1477 2330 celebrando
1539 2278 1605 2330 et
1657 2273 1855 2330 omnia
1911 2272 2069 2330 bona
2122 2270 2504 2346 imprecando
2560 2270 2673 2343 piis

422 2351 692 2409 omnibus
732 2358 796 2409 et
831 2351 924 2417 iis,
965 2352 1065 2423 qui
1091 2356 1258 2410 recte
1299 2351 1373 2410 de
1411 2351 1711 2411 catholica
1723 2346 1853 2411 ‘fide
1893 2352 2175 2423 sentiunt,
2214 2352 2370 2409 sicut
2405 2368 2435 2407 e
2466 2356 2676 2408 contra

426 2428 648 2502 impiiS‚
703 2436 768 2488 et
815 2430 916 2502 qui
964 2437 1308 2490 sanctarum
1359 2431 1679 2506 imaginum
1719 2438 2007 2505 respuunt
2042 2431 2382 2490 interdictis
2434 2436 2498 2489 et
2536 2447 2676 2488 ana-

424 2507 690 2568 themate
729 2509 1058 2581 damnatis;
1117 2511 1374 2584 quinimo
1425 2529 1499 2571 ex
1537 2530 1605 2570 eo
1642 2514 1911 2586 tempore
1950 2518 2293 2571 statuerunt
2344 2510 2437 2569 illi
2482 2510 2677 2569 sancti

430 2587 820 2662 confessores,
859 2595 927 2648 ut
964 2589 1215 2664 singulis
1255 2593 1425 2650 annis
1462 2593 1613 2651 haec
1651 2609 1830 2651 sacra
1855 2592 2180 2666 panegyris
2211 2592 2570 2662 celebretur,
2608 2596 2678 2649 ut

432 2685 532 2728 non
574 2668 835 2745 amplius
874 2671 932 2729 in
974 2672 1225 2732 eandem
1263 2672 1630 2743 impietatem
1669 2675 1886 2733 iterum
1934 2674 2344 2748 impingamus.
2405 2670 2498 2730 Tu
2533 2688 2677 2733 vero

417 2748 686 2824 christe,
726 2753 825 2826 qui
854 2770 918 2811 es
944 2753 1142 2826 imago
1166 2752 1376 2813 Patris
1417 2755 1822 2827 immutabilis,
1860 2755 2136 2828 precibus
2166 2760 2505 2813 sanctorum
2545 2769 2676 2813 con-

441 2829 717 2891 fessorum
757 2832 1044 2892 miserere
1069 2835 1266 2893 nobis.
1342 2835 1558 2894 Amen.

600 2992 1140 3077 Ἀναγινώσκεται
1186 2995 1263 3061 τὸ
1311 2996 1666 3062 συνοδικόν.

604 3136 1047 3206 anremonias
1107 3141 1268 3207 festo
1327 3144 1609 3227 proprias
1671 3144 1837 3227 quod
1899 3149 2171 3227 spectat,
2253 3144 2364 3208 has
2428 3137 2679 3229 εἷ’ὁησις

437 3234 662 3302 Triodii
709 3239 1114 3321 praescribit:

535 3343 729 3409 Μετὰ
804 3342 920 3432 τὴν
994 3344 1313 3411 ἀπόλυσιν
1383 3351 1500 3412 τοῦ
1715 3349 1948 3411 Finitis
2005 3349 2301 3412 laudibus
2346 3350 2679 3412 matutinis

436 3437 691 3528 ὄρθρου,
739 3440 849 3507 καὶ
897 3444 1027 3530 πρὸ
1071 3449 1185 3533 τῆς
1214 3444 1498 3532 λειτουρ-
1607 3457 1666 3510 et
1714 3457 1862 3510 ante
1910 3445 2234 3533 litui-qiam
2270 3444 2678 3533 supplicatio-

435 3533 492 3614 ya'
495 3563 567 3616 ας
607 3539 1022 3624 λιτανεύομεν
1065 3548 1296 3620 κοινῶς
1337 3543 1498 3626 μετὰ
1604 3566 1744 3608 nem
1803 3546 1875 3609 in
1935 3546 2244 3609 communi
2288 3546 2678 3609 instituimus

435 3642 554 3701 τῶν
599 3633 798 3722 ἁγίων
842 3645 960 3704 τοῦ
992 3645 1268 3726 σταυροῦ
1294 3640 1499 3722 ξύλων
1608 3665 1743 3707 cum
1809 3644 2048 3720 sanctis
2108 3645 2309 3707 crucis
2365 3641 2559 3727 liquis
2622 3654 2681 3707 et

438 3734 537 3800 καὶ
585 3742 715 3802 τῶν
758 3742 1017 3802 σεπτῶν
1061 3733 1343 3820 εἰκόνων,
1391 3738 1498 3804 καὶ
1608 3739 2073 3805 venerabilibus
2135 3741 2557 3826 imayinibus:
2622 3753 2681 3805 et

439 3832 859 3923 ἀπερχόμεθα
925 3834 994 3901 ἐν
1054 3835 1244 3922 τόπῳ
1306 3835 1497 3925 ώρισ-
1597 3840 2006 3926 procedimus
2054 3840 2142 3905 ad
2173 3839 2372 3905 locum
2400 3840 2675 3905 destina-

435 3930 615 4020 μένῳ,
681 3932 855 3999 ὅπου
903 3931 1003 3999 δεῖ
1048 3932 1501 4018 ἀναγινώσκειν
1610 3950 1739 4003 tum
1760 3989 1778 4018 ‚
1839 3938 1950 4003 ubi
1994 3938 2318 4024 leyendum
2364 3949 2454 4003 est
2500 3960 2678 4025 syno-

436 4025 507 4094 τὸ
567 4030 926 4100 συνοδικόν.
1043 4033 1500 4120 Πορευομένων
1611 4038 1839 4102 dicum.
1892 4037 2376 4102 Procedentibus
2397 4059 2542 4101 vcro
2573 4059 2677 4099 no-

439 4125 504 4193 ὁὲ
555 4129 662 4195 καὶ
719 4128 1252 4219 ἀναστρεψάντων
1304 4130 1497 4221 ἡμῶν,
1610 4135 1704 4198 bis
1751 4146 1813 4199 et
1854 4134 2334 4214 revertentibus,
2397 4136 2680 4198 canimus

445 4226 764 4312 ψάλλομεν
786 4226 903 4293 τὸν
927 4228 1225 4316 παρόντα
1242 4230 1498 4312 κανόνα,
1605 4244 2002 4319 praesentem
2050 4255 2348 4297 canonem
2366 4232 2444 4316 ¹)‚
2502 4236 2678 4321 cujus

441 4358 574 4366 ——-—

613 4408 650 4477 ¹)
691 4408 820 4479 Ejus
857 4405 1168 4478 ιέρχιτέλεια
1205 4409 1330 4464 haec
1368 4417 1477 4465 est:
1525 4411 1899 4479 Χαριστήριον
1935 4409 2084 4476 ᾠδήν
2115 4450 2124 4459 .
2156 4459 2164 4467 ,
2196 4447 2208 4459 .
2274 4408 2472 4478 λίῆτηρ
2499 4408 2678 4461 πάντα

442 4485 682 4544 δύνασαι.
760 4488 968 4546 Graece
1006 4493 1060 4543 et
1098 4490 1253 4545 latine
1293 4497 1468 4546 exstat
1507 4491 1640 4561 apud
1676 4491 1914 4546 Baron.
1956 4490 2154 4545 Annal.
2206 4505 2287 4544 an.
2328 4489 2449 4552 842,
2500 4506 2551 4543 n.
2590 4490 2675 4543 28.
