3514 5391
2034 226 2066 242 Ι

701 476 822 531 XIV
1374 477 1637 531 Praefatio
1675 481 1731 531 et
1767 477 1969 532 occasio
2006 477 2275 532 scribendi.

695 678 1046 764 peritorum
1103 678 1254 740 haec
1314 697 1500 740 aures
1557 674 1974 762 offenderint,
2033 676 2130 738 his
2188 697 2253 739 se
2315 677 2413 740 uti
2458 677 2517 740 si
2557 679 2702 765 ‚quis
2731 677 2939 763 fasti·

620 784 625 789 “
703 776 914 858 diaria,
962 798 1089 840 non
1137 775 1261 838 sibi
1307 797 1437 838 esse
1483 775 1662 839 edita
1709 777 1892 854 sciat,
1942 774 2053 838 sed
2078 776 2219 850 τοῖς
2247 774 2762 859 στοιχειωμένοις
2808 786 2942 840 tan·

705 885 831 937 tum
851 924 867 956 ,
929 876 1014 938 iis
1061 873 1322 947 scilicet,
1388 873 1497 960 qui
1557 877 1807 963 majora
1854 873 2060 937 adhuc
2097 883 2438 959 penetrare
2482 886 2809 961 nequeunt,
2872 885 2942 940 nt

701 974 803 1037 his·
833 974 1134 1059 primum,
1183 974 1369 1059 quasi
1414 971 1789 1058 quibusdam
1822 970 2149 1059 abphabeti
2178 972 2641 1037 characteribus
2671 972 2938 1051 inducti,

703 1069 823 1134 illa
883 1071 1178 1158 deinceps
1218 1069 1502 1155 facilius
1561 1080 1980 1155 assequantur
2043 1070 2236 1155 (apud
2286 1069 2533 1157 Migne,
2599 1071 2768 1137 Patr.
2831 1071 2935 1136 lat.

705 1174 852 1233 tom.
908 1169 1057 1247 137,
1106 1190 1164 1253 p.
1214 1169 1347 1252 48).
1430 1167 1711 1233 Candidi
1757 1166 2154 1255 benevolique
2203 1166 2454 1233 lectoris
2482 1170 2735 1233 curiosa
2763 1171 2940 1233 veeti-

701 1268 874 1352 9atio
925 1278 1131 1331 autem
1175 1267 1427 1331 habebit
1469 1269 1539 1331 in
1586 1268 1714 1349 his,
1775 1269 1894 1331 etsi
1936 1289 2062 1331 non
2111 1268 2359 1354 copiam
2405 1269 2756 1347 satietatis,
2816 1290 2940 1352 qua

704 1365 1058 1448 delectetur,
1108 1365 1590 1452 qualemcunque
1636 1363 2046 1430 nihilominus
2067 1367 2522 1451 inquisitionis,
2569 1389 2696 1452 qua
2725 1366 2945 1430 melius

704 1474 1068 1528 emen-ceatur
1114 1464 1347 1548 (Praef.
1399 1466 1459 1529 in
1507 1463 1591 1548 gl.
1642 1464 1773 1530 ord.
1822 1485 1873 1529 s.
1922 1465 2186 1549 script).

1660 1767 1978 1784 MMJW

704 2006 1178 2065 Additamenti
1224 2009 1377 2062 loco
1424 2020 1513 2062 ex
1558 2005 2065 2063 introductione
2114 2006 2203 2063 ad
2250 2010 2562 2065 nostrum
2599 2022 2942 2065 commen·

1678 2104 1944 2160 tarium

912 2243 1027 2307 De
1075 2240 1504 2307 vocatione
1553 2241 1643 2305 ad
1692 2245 1992 2305 statum
2040 2242 2715 2307 ecclesiasticum

708 2386 939 2452 enotari
991 2404 1189 2469 pauca
1234 2382 1392 2448 haec
1441 2387 1732 2467 possunt:

886 2509 1269 2575 Academiae
1315 2528 1465 2594 ergo
1513 2513 1658 2572 sunt
1718 2513 1931 2573 coetus
1979 2508 2354 2573 scholarium
2415 2511 2475 2574 in
2523 2510 2941 2576 Universitate

708 2615 813 2676 aut
857 2610 917 2674 in
968 2607 1086 2674 alio
1134 2607 1384 2691 publico
1432 2606 1751 2671 literarum
1800 2606 2115 2683 instituto,
2179 2608 2241 2672 in
2290 2628 2411 2691 quo
2459 2609 2762 2691 majorum
2813 2609 2940 2672 dis-

708 2709 1070 2794 ciplinarum
1120 2707 1324 2772 studia
1372 2710 1755 2784 exercentur,
1807 2707 2343 2785 commorantium,
2394 2708 2498 2791 qui
2531 2707 2946 2791 profundioris

707 2809 1001 2874 scientiae
1046 2806 1143 2871 vel
1192 2803 1517 2889 peculiaris
1567 2806 1714 2870 artis
1764 2806 1971 2889 cupidi
2023 2807 2098 2870 ad
2147 2804 2614 2871 exercitationes
2645 2805 2944 2870 literarias

709 2907 1082 2972 conveniunt
1129 2954 1143 2968 .
1198 2954 1210 2968 .
1265 2956 1277 2968 .
1368 2902 1468 2967 Ita
1515 2904 1864 2988 descriptae
1914 2904 2269 2968 academiae
2317 2904 2476 2988 apud
2509 2907 2816 2969 nostrates
2858 2926 2943 2967 se·

707 3005 991 3068 minaria
1038 3003 1158 3068 diei
1208 3007 1680 3083 consueverunt,
1731 3003 1899 3086 quod
1947 3002 2008 3066 in
2056 3002 2363 3086 ejusmodi
2411 3002 2691 3067 coetibus
2738 3003 2943 3067 litera-

709 3104 816 3168 riis
881 3102 1117 3168 semina
1188 3101 1248 3164 in
1316 3099 1835 3184 praelectionibus
1903 3100 2227 3168 ordinat-iis
2291 3100 2709 3184 professorum
2778 3100 2950 3185 jacta

710 3201 895 3266 veluti
957 3202 1273 3264 inarentur
1335 3205 1395 3264 et
1443 3200 1754 3276 colantur,
1829 3206 1897 3265 ut
1941 3200 2048 3265 ubi
2096 3201 2173 3264 ad
2220 3200 2493 3265 debitam
2540 3202 2943 3285 quantitatem

711 3298 1111 3374 excreverint,
1160 3299 1303 3362 inde
1353 3299 1804 3363 transferantur
1852 3303 2036 3382 atque
2084 3299 2160 3362 ad
2209 3299 2409 3363 varios
2457 3299 2616 3364 vitae
2663 3320 2812 3364 usus
2846 3319 2945 3364 ac-

712 3396 1217 3460 commodentur:
1290 3416 1411 3480 qua
1473 3397 1531 3461 in
1583 3418 1651 3461 re
1715 3397 2028 3461 seminarii
2098 3397 2284 3461 finem
2336 3397 2604 3481 positum
2653 3417 2790 3462 esse
2837 3393 2946 3462 do-

711 3496 952 3559 cuimus
999 3496 1060 3558 in
1116 3491 1525 3560 Commentar.
1574 3497 1645 3559 in
1698 3492 1935 3559 Concil.
1983 3495 2340 3572 Baltimor„
2390 3500 2546 3579 part.
2583 3495 2641 3573 2,
2693 3517 2795 3580 pp.
2817 3496 2947 3561 200

722 3592 948 3657 -201,
1045 3593 1166 3657 Sed
1213 3592 1372 3676 vide,
1437 3594 1487 3657 si
1550 3592 1786 3676 placet,
1856 3592 2028 3657 illum
2098 3590 2264 3658 Com.
2314 3591 2390 3655 de
2436 3594 2778 3670 vocatione,
2842 3593 2946 3658 ubi

714 3692 1063 3775 praecipua,
1115 3691 1340 3773 quibus
1389 3692 1717 3757 seminaria
1767 3692 2061 3768 nituntur,
2113 3691 2416 3775 principia
2452 3692 2774 3776 copiosiori
2810 3713 2946 3776 pcr-

714 3789 1080 3853 tractatione
1129 3789 1206 3852 ad
1255 3809 1434 3853 usum
1488 3790 1691 3874 ipsum
1739 3788 2022 3854 conferre
2069 3789 2423 3854 studuimus
2471 3810 2570 3873 pp.
2622 3790 2816 3856 3-9,

1580 4003 2085 4088 Oeniponte

762 4184 1052 4267 Κυριακῇ
1093 4185 1222 4244 τῶν
1266 4181 1720 4266 προπατόρων.
1941 4183 2281 4245 Dominica
2333 4182 2448 4245 ῙῙΙ.
2503 4182 2841 4247 Adventus.

1742 4324 1933 4390 1896.
