3514 5391
1195 534 1274 590 De
1312 536 1423 606 ipsa
1459 535 1882 605 Quadragesima.
2596 536 2666 589 95

588 731 857 800 Cineres
917 734 1062 798 olim
1121 754 1196 798 ex
1245 733 1494 798 cremiis
1538 732 1911 818 fasciarum
1971 732 2465 814 confirmationis
2497 734 2541 817 ¹)
2604 740 2665 799 et

411 850 730 896 ramorum
761 851 870 896 seu
901 836 1352 896 sarmentorum
1371 830 1848 896 benedictorum
1869 829 2377 896 conficiebantur.
2426 831 2658 896 Eorum

412 948 584 993 usum
639 937 854 997 autem
904 930 965 994 in
1011 928 1296 994 Ecclesia
1339 929 1765 994 introductum
1813 927 1982 993 citati
2029 947 2299 993 canones
2329 930 2663 995 ostendunt

411 1027 478 1089 ad
526 1028 1015 1113 significandam
1062 1033 1123 1092 et
1171 1026 1560 1091 excitandam
1608 1027 2054 1110 poenitentiam
2103 1034 2163 1090 et
2211 1027 2416 1092 cordis
2454 1027 2659 1094 humi-

408 1123 684 1203 litatem3
738 1129 1116 1209 quapropter
1163 1144 1211 1189 s.
1264 1122 1603 1188 Carolus
1643 1124 2658 1211 Borromaeusfidelesapa-

405 1222 606 1288 rochis
655 1225 795 1287 suis
840 1224 980 1309 ipso
1040 1222 1151 1286 hoc
1198 1221 1301 1284 die
1346 1224 1589 1285 moneri
1633 1220 1803 1299 vult,
1870 1244 2057 1305 quam
2102 1221 2406 1307 reliyiosa
2451 1224 2662 1286 intimi

405 1320 607 1384 animi
649 1322 928 1407 pietate,
995 1343 1179 1406 qaam
1224 1319 1448 1384 humili
1495 1322 1881 1405 contritoque
1928 1320 2143 1397 corde,
2209 1343 2394 1405 quam
2439 1321 2662 1385 humili

404 1416 797 1506 demissoque
856 1420 1084 1483 vestitu
1152 1418 1240 1481 ad
1305 1440 1443 1482 eam
1506 1419 1814 1482 actionem
1874 1418 2290 1491 conveniant,·
2359 1442 2659 1505 quamque

402 1517 564 1580 serio
613 1515 826 1581 eecu'm
872 1526 1179 1595 alemant,
1227 1514 1378 1580 illos
1399 1517 1637 1605 jejunii
1681 1516 1915 1579 diesin
1949 1516 2377 1581 amaritudine
2409 1519 2658 1582 animae

401 1635 550 1678 suae
601 1616 938 1680 traducere
986 1615 1074 1678 ad
1111 1624 1517 1701 peccatorum
1561 1613 2072 1700 satisfactionem
2093 1614 2164 1697 ²).

577 1722 794 1788 Alium
847 1723 1035 1787 ritum
1083 1721 1202 1787 hae
1250 1721 1408 1786 feria
1453 1744 1588 1785 cum
1634 1723 1913 1785 cinerum
1961 1723 2326 1806 aspersione
2375 1721 2657 1787 adhiberi

402 1819 654 1886 solitum
705 1821 921 1905 paucis
970 1819 1219 1904 attingit
1265 1819 1327 1885 b.
1376 1819 1802 1896 AelreduS‚
1853 1819 2101 1884 abbas
2150 1818 2656 1885 Rienvallen-

401 1917 606 2003 sis³)‚
660 1918 723 1984 in
772 1918 1004 2005 Anglia
1049 1919 1113 2001 (†
1167 1918 1386 2002 1168),
1435 1918 1496 1981 in
1549 1915 1798 2002 Περαία
1845 1917 1971 1981 sive
2018 1919 2415 1982 institutione
2461 1917 2656 1982 inclu-

401 2038 616 2080 sarum
666 2037 718 2083 e.
776 2019 858 2081 18
876 2018 966 2102 ⁴):
1024 2017 1109 2081 Ut
1153 2019 1426 2083 sciamus
1463 2017 1675 2098 etiam,
1724 2017 1894 2103 quod
1922 2018 1991 2081 in
2021 2018 2132 2080 hoc
2165 2017 2359 2082 exilio
2392 2029 2658 2104 περαίαν

401 2113 578 2178 nobis
627 2115 791 2179 visio
840 2116 986 2195 Dei,
1036 2115 1431 2203 appenditur
1475 2113 1678 2179 velum
1707 2125 1877 2179 inter
1920 2136 2038 2179 ‘nos
2066 2126 2126 2179 et
2156 2125 2379 2179 sancta
2409 2126 2655 2179 sancto-

400 2234 536 2276 rum
553 2212 632 2295 5).
728 2212 884 2278 Inde
930 2214 1182 2279 rubrica
1229 2218 1441 2278 nostra
1488 2213 1780 2289 manavit,
1832 2233 1955 2297 qua
2001 2211 2310 2296 hodieque
2359 2220 2499 2278 ante
2529 2213 2653 2277 Ve-

401 2329 616 2393 speras
666 2309 926 2375 Sabbati
975 2311 1335 2376 Dominicae
1382 2311 1700 2376 Passionis
1747 2311 1810 2374 in
1859 2310 2137 2376 ecclesiis
2184 2310 2391 2376 latinis
2439 2332 2655 2377 cruces

403 2412 458 2470 et
503 2407 822 2493 imagines
869 2408 1056 2473 velari
1099 2409 1417 2493 jubentur.

577 2605 645 2668 F
639 2605 782 2669 eria
806 2603 908 2670 VI.
927 2615 1078 2691 post
1098 2606 1351 2670 eineres.
1401 2604 1636 2668 Sacrae
1662 2608 1919 2691 spineae
1940 2604 2222 2671 Coro-nae
2244 2607 2326 2674 D.
2352 2607 2437 2674 N.
2457 2606 2523 2673 J.
2545 2604 2651 2674 Ch.

573 2749 898 2835 Originem
948 2750 1123 2814 duxit
1170 2769 1465 2834 praesens
1515 2749 1634 2815 hoc
1657 2749 1951 2815 festuma
1983 2750 2243 2816 solemni
2274 2752 2377 2817 illa
2402 2773 2648 2837 pompa.

409 2867 514 2930 qua
587 2868 641 2913 s,
703 2848 1057 2914 Ludovicus
1125 2855 1584 2914 sacrosanctam
1646 2849 1925 2932 spineam
1993 2869 2285 2914 coronam
2352 2871 2388 2915 a
2446 2851 2649 2916 Vene—

415 2945 471 3008 tis
537 2946 934 3028 redemptam
959 2947 1012 3030 6)
1087 2967 1157 3011 ac
1224 2945 1498 3011 Parisios
1575 2945 1825 3011 allatam
1891 2948 1954 3011 in
2021 2948 2194 3032 regia
2251 2950 2403 3014 aede
2473 2969 2653 3015 sacra

407 3043 1021 3129 magnificentissime
1070 3047 1349 3109 extructa
1395 3044 1718 3109 collocavit
1766 3065 1863 3109 an.
1920 3045 2126 3109 1241.·
2202 3045 2357 3113 Inde
2404 3051 2648 3113 veroin

413 3190 762 3198 --.μ’--

579 3275 623 3344 ¹)
663 3275 796 3331 Vide
835 3275 1630 3331 ConciliumBituricense
1671 3277 1790 3329 anni
1818 3275 1974 3342 15⁸4,
2014 3278 2097 3330 tit.
2124 3278 2210 3344 20,
2251 3294 2363 3332 can.
2387 3281 2438 3333 6.
2503 3280 2649 3349 Apud

401 3353 680 3411 Hal-donin.
722 3372 865 3410 conc.
904 3360 1028 3409 tom.
1068 3356 1154 3416 10,
1193 3371 1276 3425 pp.
1317 3355 1687 3410 1479—1480.

578 3435 624 3502 ²)
666 3436 848 3492 Cone.
889 3435 1224 3491 Mediolau.
1263 3436 1325 3489 V.
1366 3437 1486 3491 anni
1514 3437 1669 3502 1579,
1709 3443 1844 3506 part.
1886 3440 1933 3502 1,
1962 3440 2063 3506 §6ss
2127 3437 2251 3492 Ibid.
2279 3441 2499 3509 t.10,p.
2527 3442 2648 3497 972.

579 3515 623 3584 ³)
665 3517 870 3572 Colitur
905 3517 953 3570 b.
992 3516 1244 3570 Aelredus
1295 3517 1376 3571 die
1417 3519 1500 3571 12.
1538 3518 1789 3572 Januarii.
1865 3517 2039 3572 Vitam
2076 3535 2108 3572 a
2144 3518 2493 3574 Bollandianis
2539 3521 2648 3575 illu-

403 3603 619 3650 stratam
658 3596 894 3651 ,Ianuarii
934 3600 1073 3649 tomo
1111 3597 1161 3660 2,
1212 3612 1294 3666 pp.
1333 3598 1576 3664 30—33‚
1636 3598 1844 3651 exhibet
1884 3598 2080 3665 Migne,
2132 3598 2274 3652 Patr.
2315 3600 2405 3653 lat.
2445 3605 2483 3654 t.
2523 3602 2649 3668 195,

575 3755 622 3825 ⁴)
663 3756 769 3811 Sub
807 3754 963 3809 titulo
1015 3756 1102 3809 De
1153 3757 1260 3810 vita
1313 3758 1591 3812 eremitica
1645 3759 1720 3811 ad
1769 3773 2015 3811 sororem
2072 3763 2249 3813 exstat
2303 3760 2441 3813 inter
2489 3776 2647 3829 opera

403 3852 444 3887 s.
482 3836 775 3906 Augustini,
813 3837 868 3889 in
892 3835 1123 3904 Append.
1158 3837 1223 3890 ad
1248 3841 1372 3891 tom.
1400 3839 1449 3904 1,
1487 3837 1535 3890 h.
1565 3854 1628 3903 e.,
1667 3837 1861 3891 Patrol.
1901 3838 2095 3892 citatae
2121 3843 2260 3892 tomo
2279 3839 2366 3906 32,
2406 3855 2455 3909 p.
2489 3841 2644 3896 1457.

575 3914 620 3985 ⁸)
671 3917 820 3971 Alias
858 3915 1007 3985 hujus
1058 3922 1113 3970 et
1149 3923 1469 3972 caeterorum
1517 3919 1747 3973 velorum
1797 3919 2198 3986 significationes
2249 3920 2487 3989 proponit
2526 3920 2644 3974 Du-

405 3996 631 4050 randus
670 3995 954 4050 Rational.
994 3996 1027 4051 1.
1070 4000 1117 4064 1,
1157 4014 1201 4052 c.
1239 4000 1290 4066 3,
1328 4016 1413 4053 nn.
1448 3999 1679 4055 34—35.

576 4077 620 4146 ⁸)
659 4076 947 4132 Balduinus
984 4076 1065 4144 11.‚
1105 4078 1385 4148 imperator
1422 4080 1522 4135 GP.
1561 4082 1670 4148 lat..
1723 4081 1858 4136 bello
1896 4098 1928 4135 a
1966 4081 2180 4136 Graecis
2226 4097 2436 4151 pressus
2473 4082 2643 4149 gravi-

404 4173 494 4226 que
533 4158 703 4228 inopia
741 4161 985 4224 coaeum,
1036 4159 1412 4227 pretiosissima
1448 4161 1728 4216 dominicae
1766 4162 2020 4230 passionis
2066 4167 2395 4216 monumenta
2430 4160 2644 4214 Venetis

405 4237 594 4307 ingenti
632 4237 805 4307 pretio
844 4238 1279 4307 oppignoraverat
1328 4256 1410 4294 an.
1451 4242 1605 4297 1238.
1680 4241 1759 4294 Ea
1794 4257 1896 4295 non
1935 4243 2009 4296 ita
2044 4242 2207 4295 multo
2245 4246 2363 4310 post
2400 4257 2441 4294 S.
2479 4240 2642 4293 Ludo·

401 4318 538 4372 vicus
575 4317 666 4386 IX,
706 4317 914 4372 Galliae
952 4334 1061 4385 rex,
1098 4320 1299 4388 magnis
1334 4321 1515 4391 opibus
1552 4321 1771 4376 redemit
1826 4325 1981 4392 atque
2020 4320 2262 4384 ParisiiS‚
2312 4320 2465 4373 ducta
2503 4319 2643 4389 prius

400 4415 544 4453 sacra
580 4414 788 4468 pompa,
829 4399 882 4451 in
921 4398 1110 4453 sacello
1149 4401 1294 4468 regio
1332 4400 1580 4471 deposuit.
1641 4402 1746 4456 Cfr.
1776 4401 1891 4455 Act.
1932 4402 2020 4457 SS.
2049 4403 2269 4468 August.
2298 4407 2334 4453 t.
2356 4401 2405 4467 5,
2434 4415 2516 4468 pp.
2537 4399 2642 4453 372
