3514 5391
810 495 915 548 156
1455 493 1616 548 Festa
1654 494 1862 549 mobilia
1900 494 1949 547 in
1986 492 2409 563 Quadragesima.
2443 449 2451 458 .

809 697 1037 761 fectum
1090 694 1300 771 fuisse,
1352 693 1598 777 conjicit
1630 693 2025 775 Quercius
2072 693 2110 758 l.
2163 714 2215 758 c.
2312 693 2470 758 Eum
2523 693 2622 759 alli
2672 713 2815 758 cum
2859 694 3049 757 Bar-

807 791 1229 858 denhewer
1260 792 1305 876 ¹)
1353 791 1637 877 Sergio
1685 792 2075 877 patriarchae
2123 793 2417 858 tribuunt.
2481 791 2837 856 Novissima
2865 790 3047 855 editio

806 890 1127 975 Horologii
1191 890 1595 956 Atheniensis
1661 911 1761 955 an.
1830 892 1993 956 1891
2072 911 2212 955 cum
2279 890 2729 974 antiquioribus
2794 889 3050 955 Venetis

806 988 1233 1071 quaestionem
1280 989 1553 1066 dubiam,
1603 989 1917 1073 relinquit.
2003 985 2166 1064 Τοίς
2210 984 2283 1052 δὲ
2328 982 2547 1065 οἴκους
2573 992 2684 1075 τῆς
2714 984 3048 1067 θεοτόκου,

806 1080 917 1162 οἳς
963 1083 1474 1169 ἀναγινώσκομεν
1533 1085 1806 1173 σήμερον
1850 1082 1993 1150 κατ’
2039 1083 2280 1174 ἐξοχὴν,
2343 1080 2405 1150 οὶ
2460 1084 2578 1169 μὲν
2622 1079 3052 1150 ἅποὸίδουσιυ

805 1178 900 1260 εἷς
959 1181 1222 1269 Σέργιον
1284 1181 1399 1249 τὸν
1460 1182 1609 1250 τότε
1667 1182 2099 1272 πατριάρχην,
2169 1179 2229 1249 οὶ
2292 1182 2362 1249 δὲ
2415 1179 2510 1261 εἷς
2566 1188 2623 1247 Γ
2618 1181 2882 1270 εώργιον
2940 1181 3052 1247 τὸν

809 1276 1105 1368 Πισίδην,
1156 1281 1500 1369 σύγχρονον
1544 1280 1701 1347 ὄντα
1746 1280 1853 1347 καὶ
1904 1279 2115 1363 αὐτόν,
2175 1280 2280 1347 καὶ
2328 1279 2784 1370 χαρτοφὺλακα
2828 1287 2938 1370 τῆς
2984 1307 3050 1366 μ.

808 1376 1161 1469 ἐκκλησίας.
1256 1382 1413 1448 Rem
1461 1382 1769 1465 ejusmodi
1816 1388 1975 1448 teste
2032 1381 2236 1448 adhuc
2284 1384 2581 1449 incertam
2631 1403 2745 1448 nos
2792 1382 3051 1449 definire

810 1501 930 1545 non
978 1482 1298 1549 audemus,
1394 1482 1487 1547 De
1538 1503 1611 1548 ea
1658 1482 1967 1547 doctiores
2014 1486 2077 1547 et
2123 1482 2428 1547 acutiores
2474 1481 2760 1547 viderint.

987 1624 1306 1710 Hymnum
1356 1626 1730 1692 acathistum
1779 1626 2049 1712 religiosi
2097 1626 2349 1711 quidam
2396 1646 2430 1691 e
2462 1625 2719 1691 Graecis
2764 1624 3055 1691 homines

811 1724 868 1787 in
937 1726 1366 1802 vernaculum,
1435 1746 1557 1811 quo
1605 1728 1891 1803 utuntur,
1965 1744 2315 1790 sermonem
2375 1724 2741 1790 translatum
2804 1725 3054 1808 saepius

809 1823 1094 1906 privatim
1152 1825 1413 1891 recitare
1474 1844 1545 1889 ac
1609 1823 1797 1888 veluti
1859 1824 2171 1907 quoddam
2232 1824 2481 1888 firmum
2544 1823 2923 1907 praesidium
2993 1830 3056 1888 et

811 1925 1195 2004 praesentem
1271 1921 1548 2008 Virginis
1630 1920 1887 1986 tutelam
1963 1940 2174 1986 secum
2256 1921 2501 1987 deferre
2574 1926 3054 1989 consueverunt.

805 2019 976 2084 Idem
1042 2041 1184 2085 vero
1248 2021 1367 2086 ritu
1428 2019 1690 2085 solemni
1755 2019 1820 2084 in
1882 2018 2145 2085 ecclesia
2211 2020 2591 2086 Graecorum
2653 2020 3057 2085 membratim

807 2139 879 2182 ac
940 2119 997 2182 in
1063 2124 1269 2203 partes
1334 2115 1657 2203 (στάσεις)
1733 2117 1968 2183 divisus
2029 2121 2295 2202 quatuor
2358 2118 2574 2202 primis
2639 2117 3058 2203 Quadragesi-

807 2236 944 2281 mae
994 2215 1270 2281 sabbatis
1294 2215 1367 2300 ²),
1425 2221 1593 2281 totns
1641 2220 1848 2280 autem
1898 2220 1960 2282 et
2006 2237 2130 2281 una
2172 2215 2357 2282 simul
2402 2221 2688 2301 sumptus
2732 2216 2851 2281 hoc
2898 2216 3058 2282 heb-

806 2315 1089 2380 domadis
1169 2316 1418 2399 quintae
1485 2315 1746 2381 sabbato
1818 2315 2092 2393 canitur,
2176 2315 2388 2393 multis
2459 2314 2592 2380 aliis
2667 2314 3056 2380 orationibus

806 2418 868 2476 ot
914 2412 1282 2477 lectionibus
1328 2414 1739 2479 intermixtus,
1838 2412 2034 2479 Prosa
2080 2433 2380 2498 versaque
2440 2413 2715 2478 oratione
2771 2412 3056 2479 redditus

804 2510 1040 2587 italice,
1106 2511 1379 2595 itemque
1437 2512 1506 2576 in
1553 2511 1915 2591 ruthenam,
1982 2533 2335 2587 rumenam,
2405 2511 2714 2577 arabicam
2776 2510 3056 2595 aliasque

804 2609 1047 2695 linguas
1096 2611 1429 2677 translatus
1477 2614 1590 2677 est.
1684 2609 1904 2694 Ipsum
1967 2610 2152 2676 etiam
2202 2610 2530 2695 sejunctim
2578 2609 2770 2674 edidit
2818 2608 3061 2675 Romae

804 2728 964 2775 anno
1000 2709 1172 2776 1746
1201 2709 1361 2776 «Ios,
1394 2710 1717 2789 Schir0,
1770 2709 2455 2794 archiepiscopus
2486 2708 3059 2793 Dyrrachinus

803 2827 959 2873 nova
1007 2809 1288 2874 versione
1335 2809 1666 2887 munitum,
1716 2813 1786 2874 ut
1834 2810 1911 2874 ad
1964 2808 2236 2895 Virginis
2287 2808 2654 2893 obsequium
2704 2809 3056 2873 veneratio-

803 2926 1071 2991 nemque
1118 2907 1253 2992 pios
1299 2907 1606 2986 homineS,
1656 2907 1935 2973 exhibita
1980 2927 2169 2992 parva
2215 2905 2377 2972 mole
2424 2906 2591 2971 utilis
2638 2904 2848 2984 libelli,
2899 2904 3054 2971 faci-

801 3005 921 3070 lius
968 3005 1241 3071 alliceret
1261 3005 1335 3090 8).
1429 3006 1647 3091 Nuper
1694 3006 2032 3071 admodum
2087 3009 2156 3070 ut
2203 3005 2381 3089 plura
2428 3004 2548 3069 alia
2595 3003 2804 3070 officia
2848 3003 3051 3070 eccle·

802 3104 1050 3169 siastica
1096 3105 1251 3170 ritus
1295 3106 1523 3190 graeci,
1573 3106 1664 3170 sic
1694 3105 1883 3170 istum
1919 3104 2121 3189 ipsum
2159 3105 2463 3189 hymnum
2497 3104 2558 3168 in
2595 3103 3046 3169 Germanorum

804 3223 1156 3268 sermonem
1204 3203 1519 3269 transtulit
1566 3203 1640 3271 cl.
1693 3203 2103 3280 Maltzew,
2163 3203 2480 3284 Kanonik,
2530 3223 2635 3286 pp.
2672 3201 3047 3279 332-402,

804 3300 1154 3366 difficiliora
1201 3301 1337 3367 loca
1382 3302 1567 3367 etiam
1615 3303 1850 3367 russice
1900 3302 2339 3387 interpretatus
2384 3322 2489 3386 pp.
2538 3300 2911 3367 352—388.

988 3480 1028 3547 ι)
1067 3479 1406 3550 Patr-alwio,
1443 3496 1495 3551 p.
1535 3480 1658 3536 524.

983 3558 1028 3628 ¹)
1077 3557 1211 3611 Ψιίλ.
1252 3559 1430 3630 ἀργῶς
1466 3557 1577 3613 ὑπὸ
1616 3563 1725 3613 τῶν
1749 3563 1940 3631 χορῶν
1979 3562 2079 3633 ,,τῇ
2102 3557 2469 3630 ὐπερμάχῳίι,
2508 3561 2596 3611 καὶ
2620 3558 3051 3629 ἀναγινώσκεται

803 3639 832 3706 ἡ
873 3639 943 3700 α’.
982 3637 1169 3699 στάσις
1223 3643 1332 3692 τῶν
1382 3642 1547 3693 οἴκων
1602 3644 1693 3706 τῆς
1741 3639 2026 3695 θεοῐόκου·
2080 3637 2246 3699 αὖθις
2296 3643 2393 3712 ,,τῇ
2443 3638 2821 3711 ὑπερμάχῳ“,
2882 3639 3050 3711 ἀργο-

804 3719 1102 3789 σύντομον,
1140 3723 1228 3772 καὶ
1267 3719 1552 3790 προςκύνει
1590 3719 1621 3772 ὁ
1661 3719 1925 3791 ἀρχιρεὺς
1960 3720 2060 3786 τήν
2099 3717 2283 3774 εἰκόνα
2320 3724 2411 3786 τῆς
2438 3719 2738 3790 ὑπεραγίας
2766 3720 3045 3774 mordacem.

802 3801 884 3855 lta
921 3800 1247 3872 Typieum
1285 3801 1467 3871 Cpol.
1519 3802 1571 3856 in
1621 3801 1927 3868 ἀκολουθίᾳ
1977 3805 2077 3854 τοῦ
2123 3805 2334 3872 μικροῦ
2383 3799 2756 3862 ἀποδείπνου,
2814 3817 3049 3872 vespere,

805 3882 897 3936 fer.
935 3880 1025 3936 vl.
1062 3881 1410 3937 hebdomadae
1447 3882 1658 3952 primae,
1697 3899 1745 3952 p.
1774 3883 1895 3938 216.
1953 3882 2138 3937 Tribus
2164 3884 2496 3953 sequentibus
2522 3882 2667 3937 feriis
2692 3883 2857 3937 sextis
2876 3887 3049 3938 autem

803 3978 868 4016 ex
905 3961 1080 4016 ordine
1118 3962 1422 4018 adnotatur:
1460 3961 1933 4031 ἄναγινώσκονται
1960 3965 2012 4014 οἱ
2038 3961 2176 4015 οἶκοι
2201 3967 2294 4029 τῆς
2324 3961 2589 4017 θεοτόκου
2614 3965 2705 4028 τῆς
2727 3961 2776 4027 β’
2783 4003 2815 4028 .,
2853 3966 2944 4029 τῆς
2962 3961 3050 4032 γ’..

805 4044 894 4107 τῆς
928 4039 995 4093 δ’.
1037 4040 1290 4104 στάσεως,
1327 4041 1399 4101 ὥς
1436 4045 1695 4100 εἴθισται.

983 4120 1028 4190 ⁸)
1067 4122 1319 4177 Videatur
1363 4122 1725 4191 Quercius‚
1784 4129 1821 4179 t.
1873 4125 1962 4179 cit.
2008 4140 2058 4194 p.
2098 4125 2254 4182 1348.
2341 4123 2695 4179 Conditionem
2745 4141 3051 4195 graecorum

802 4205 1300 4275 archiepiscoporum
1350 4203 1804 4274 Dyrrachiensium
1854 4204 2134 4272 (Durazzo)
2186 4205 2237 4258 in
2286 4204 2441 4259 Italia
2492 4206 2788 4275 degentium
2841 4206 3051 4260 selectis

803 4285 1103 4354 quibusdam
1141 4284 1555 4338 annotationibus
1592 4300 1686 4354 per
1723 4301 1803 4338 me
1842 4286 1978 4339 scias
2016 4285 2327 4339 illustratam
2365 4285 2417 4339 in
2442 4286 2779 4356 „zeitschrift
2800 4286 2883 4340 fur
2908 4287 3047 4343 kath.

805 4363 1136 4434 Theologie“,
1177 4365 1333 4433 1895,
1372 4380 1458 4435 pp.
1496 4365 1800 4432 364—366,
1837 4382 1966 4436 quas
2004 4366 2048 4420 si
2085 4366 2222 4420 forte
2258 4366 2467 4436 legeris,
2506 4365 2827 4421 antistitibus
2864 4366 3048 4421 ibidem

805 4445 986 4501 relatis
1024 4446 1189 4515 ipsum
1227 4445 1363 4500 hunc
1398 4445 1507 4501 J08.
1546 4444 1726 4500 Schiro
1763 4445 2070 4501 adnumeres
2106 4451 2295 4517 optem.
