3514 5391
825 503 934 579 254
1254 565 1257 568 Α
1472 503 1632 558 Festa
1683 504 1892 559 mobilia
1928 504 1980 581 in
2018 503 2439 575 Quadragesima.
2520 575 2524 579 ι

825 704 1073 786 scriptis
1121 703 1220 767 die
1270 704 1374 769 25.
1428 703 1637 771 Martii
1684 704 1986 767 accidisse
2034 704 2301 769 refertur
2321 703 2396 787 ⁴),
2446 704 2554 768 ubi
2589 706 2740 770 etin
2775 705 3078 776 hodierno

828 801 1271 887 Martyrologio
1319 801 1599 864 Romano
1647 801 1956 865 consessio
2003 801 2147 866 boni
2197 801 2475 880 latreum,
2551 807 2668 866 τοῦ
2714 823 3077 884 ‹rt-oraton»-

831 896 1060 974 θέντος
1106 895 1298 982 αὐτῷ,
1348 900 1715 984 consignata.
1761 905 1872 964 est.

1005 1022 1153 1081 Cum
1201 1040 1379 1081 sacra
1432 1022 1565 1082 hac'
1596 1023 1886 1081 memoria
1935 1022 1982 1081 J
1985 1040 2088 1081 esu
2143 1023 2373 1082 Christi
2429 1041 2537 1097 pro
2587 1014 2784 1088 salute
2833 1024 3075 1083 humani

825 1104 1064 1176 generis
1105 1103 1374 1162 crucifixi
1427 1102 1600 1162 simul
1652 1102 1836 1161 etiam
1874 1104 2063 1161 multa
2101 1104 2229 1161 alia
2275 1105 2507 1163 sociata
2556 1105 2863 1177 leguntur,
2922 1123 3071 1179 quae

828 1185 905 1242 ad
940 1184 1143 1242 mundi
1180 1183 1650 1255 redemptionem
1704 1190 1886 1255 atque
1927 1184 1999 1240 ad
2042 1184 2304 1257 typicam
2344 1183 2556 1244 Divini
2595 1183 2936 1246 Salvatoris
2983 1203 3073 1243 re-

825 1263 1372 1337 praesentationem
1411 1269 1703 1337 spectant.
1778 1263 1881 1322 Ita
1914 1264 2300 1323 Kalendaria
2338 1267 2413 1323 ab
2452 1265 2836 1325 Henschenio
2874 1268 3073 1326 relata

827 1345 1023 1404 eidem
1059 1346 1149 1402 25.
1187 1344 1397 1402 Martii
1446 1344 1762 1416 assignant
1798 1345 2054 1399 mundam
2095 1346 2277 1400 eodem
2330 1346 2420 1401 die
2456 1346 2793 1417 conditum')
2831 1350 2886 1401 et
2919 1364 3074 1417 repa·

825 1431 1006 1481 ratam
1022 1443 1046 1495 ,·
1084 1426 1361 1480 victoriam
1402 1426 1691 1479 Michaelis
1727 1426 2053 1495 archangeli
2087 1426 2155 1481 de
2191 1427 2430 1481 dracone
2441 1443 2466 1494 ‚·
2507 1427 2774 1484 Adamam
2812 1431 3076 1483 creatum.

825 1508 1059 1577 lapsum,
1095 1509 1365 1560 mortuum
1386 1505 1430 1576 ⁸)
1484 1509 1537 1559 et
1571 1507 1837 1575 sepultum
1857 1521 1880 1572 ,·
1916 1506 2132 1576 justum
2173 1507 2218 1559 Α
2226 1507 2311 1561 bel
2358 1507 2587 1562 occisum
2605 1523 2630 1574 ‚·
2679 1507 3074 1562 Melchisedech

826 1604 1010 1658 reqem
1049 1590 1104 1641 et
1125 1587 1462 1642 sacerdotem
1475 1602 1500 1653 ,·
1538 1587 1703 1646 Isaac
1727 1604 1762 1639 α
1770 1590 1942 1656 patre
1960 1587 2291 1641 immolatum
2305 1603 2329 1654 ,·
2366 1587 2757 1642 Ιεναέῖίἰανιιηι
2783 1588 3074 1646 transitum

820 1684 927 1738 per
972 1684 1130 1721 mare
1165 1667 1412 1722 rubram.
1488 1665 1608 1724 Sed
1659 1672 1725 1724 tu
1778 1666 1904 1739 ipse
1958 1667 2231 1725 consulas
2288 1683 2439 1739 quae
2491 1668 2810 1741 praeclare
2861 1668 2935 1725 de
2985 1667 3077 1726 his

831 1748 1098 1806 omnibus
1138 1747 1446 1820 disputata
1483 1747 1544 1805 in
1582 1748 1762 1806 Actis
1802 1745 2156 1805 Sanctorum
2196 1754 2333 1805 sunt
2370 1749 2410 1806 l.
2449 1764 2496 1805 c.

1006 1875 1191 1940 Diem
1239 1872 1686 1956 σταυρώσιμον
1732 1874 2057 1957 antiquum
2107 1874 2546 1938 Kalendarium
2599 1875 2907 1958 syriacum
2959 1872 3074 1938 Go-

829 1975 984 2039 dicis
1030 1973 1314 2037 Vaticani
1364 1973 1472 2038 37.
1523 1971 1793 2055 appellat
1806 1973 1947 2060 jom
1976 1971 2301 2052 ς’ἰῖὂᾶεήἒή
2327 1971 2639 2048 &mciv-an,
2691 1972 2856 2035 diem
2886 1973 3074 2035 mci-

810 2071 1086 2156 flaeiouis
1129 2072 1413 2150 Domini,
1463 2090 1659 2154 eoque
1708 2070 1959 2134 nomine
2009 2071 2103 2134 bis
2149 2070 2378 2135 refert:
2426 2070 2599 2134 initio
2651 2071 2881 2134 mensis
2911 2070 3076 2138 Adar

833 2169 1137 2255 (Martii),
1205 2169 1265 2233 in
1314 2170 1563 2234 rubrica
1624 2189 1662 2234 a
1705 2169 1888 2233 nobis
1935 2168 2253 2251 descripta
2315 2188 2502 2252 supra
2551 2190 2609 2252 p.
2665 2168 2825 2242 101,
2893 2173 2955 2233 et
3000 2168 3075 2234 ad

830 2269 888 2333 d.
946 2268 1045 2332 14.
1096 2267 1328 2332 mensis
1374 2267 1572 2332 Nisan
1622 2266 1933 2351 (Aprilis).

1009 2375 1401 2439 ,Parasceven
1446 2374 1667 2439 Judaei
1717 2377 1877 2439 teste
1925 2393 1974 2438 S.
2027 2374 2486 2458 Augustino
2550 2394 2805 2435 coenam
2847 2394 3076 2458 puram

828 2468 1113 2538 usitatius
1160 2473 1621 2556 nuncupabant.
1715 2472 1832 2537 Du
1880 2470 2148 2555 Gange
2202 2470 2491 2535 Glossar.
2543 2469 2656 2537 lat.
2707 2471 2928 2535 seriam
2970 2470 3069 2534 VI.

830 2594 903 2637 ea
949 2571 1360 2684 appellatione
1407 2572 1636 2637 dictam
1687 2575 1892 2655 putat,
1958 2571 2120 2654 quod
2186 2569 2501 2656 religionis
2565 2572 2627 2634 et
2673 2568 2828 2634 dicis
2890 2587 3074 2632 causa

830 2673 1025 2749 fieret,
1076 2671 1237 2755 quia,
1287 2671 1504 2756 inquit,
1555 2690 1713 2755 quae
1762 2670 2020 2736 sabbato
2070 2669 2249 2753 coqui
2300 2673 2361 2733 et
2406 2668 2608 2752 parari
2657 2687 2778 2732 non
2826 2666 3070 2742 licebat,

828 2774 889 2837 in
940 2778 1331 2837 antecessum
1379 2771 1479 2835 die
1493 2789 1897 2893 parasceves
1945 2768 2101 2834 dicis
2152 2788 2340 2834 causa
2386 2767 2817 2851 coquebantur
2863 2786 2933 2831 ac
2966 2786 3072 2849 pa·

834 2870 1148 2936 rabantur.

1005 2967 1435 3033 Hebraeorum
1484 2987 1721 3031 morem
1770 2966 1987 3044 secuti,
2037 2965 2274 3049 antiqui
2308 2964 2721 3049 computistae
2752 2962 3072 3027 christiani

832 3066 1051 3130 feriam
1097 3063 1206 3129 VI.
1257 3063 1509 3148 majoris
1555 3063 1969 3130 hebdomadis
2016 3059 2356 3147 ἐξαιρέτως
2401 3085 2654 3125 coenam
2680 3063 2936 3147 puram'
2970 3081 3069 3125 vo-

833 3169 1086 3240 carunt,
1155 3163 1679 3245 quemadmodum
1749 3160 1950 3225 allatis
2016 3158 2316 3244 exemplis
2381 3160 2652 3224 ostendit
2718 3157 3069 3229 Kruscb.

832 3261 1102 3326 Studien
1163 3284 1276 3324 zur
1339 3257 2279 3324 christlich-mittelalterlichen
2351 3253 2790 3342 Chronoloyie‚
2863 3277 2921 3340 p.
2967 3256 3069 3320 48.

831 3360 1127 3445 (Lipsiae.
1192 3359 1354 3424 Veit.
1410 3359 1628 3444 1880).
1746 3357 2074 3423 Rationem
2144 3356 2645 3422 nomenclaturae
2714 3377 2749 3421 a
2811 3355 3071 3420 Barouio

830 3592 926 3629 nee
975 3574 1314 3628 dissentiunt
1334 3574 1531 3644 antiqui
1581 3572 1923 3642 computistae
1973 3572 2107 3642 apud
2144 3570 2388 3637 Krusch,
2441 3586 2526 3640 pp.
2564 3571 2723 3625 6—7.
2774 3599 2838 3609 —
2887 3567 3072 3622 Verum

831 3660 1013 3710 contra
1045 3656 1179 3710 hanc
1216 3655 1528 3709 sententiam
1563 3669 1753 3745 magna
1779 3647 2012 3706 doctrina
2049 3667 2336 3722 magnoque
2371 3650 2539 3704 studio
2577 3650 2870 3719 nuperrime
2910 3649 3071 3717 dispu-

832 3736 969 3790 tavit
1004 3735 1296 3789 Florian.
1336 3734 1534 3787 Riesz
1586 3734 1637 3786 in
1675 3748 1858 3802 opere·
1908 3733 2031 3787 Das
2070 3729 2440 3799 Geburtsjahr
2480 3728 2712 3794 Christi
2743 3744 2827 3798 pp.
2865 3728 3071 3783 94—98

835 3815 1113 3884 (Friburgi.
1152 3816 1371 3869 Herder.
1411 3815 1592 3877 1880).

1016 3895 1058 3965 ¹)
1098 3896 1316 3950 Praeter
1351 3895 1564 3964 antiqua
1601 3893 1917 3948 Kalendaria
1963 3909 1995 3947 a
2030 3841 2384 3947 Bollandianis
2436 3907 2499 3946 ac
2534 3890 2908 3945 recentioribus
2945 3902 3070 3943 com-

832 3976 1042 4046 putistis
1079 3975 1301 4030 adducta
1333 3976 1433 4029 hue
1471 3974 1598 4028 facit
1633 3965 2041 4028 vetustissimum
2080 3972 2448 4027 Kalendarium
2484 3971 2700 4025 latinum
2737 3969 2940 4025 Codicis
2978 3966 3069 4020 Va-

834 4057 992 4111 ticani
1027 4057 1187 4120 3806,
1224 4056 1275 4109 in
1311 4071 1410 4126 quo
1448 4055 1512 4108 ad
1550 4055 1637 4109 25.
1677 4053 1851 4108 Martii
1889 4054 1963 4107 ita
1999 4058 2234 4106 notatum
2272 4052 2489 4122 legitur:
2529 4050 2812 4105 Amantiat.
2849 4050 3070 4117 concept.

814 4140 889 4209 *et
909 4136 1106 4206 passio
1143 4135 1371 4190 Domini
1404 4135 1560 4205 (apud
1600 4135 1718 4201 Mai,
1759 4133 1891 4188 Nov.
1929 4132 2030 4187 ΡΡ.
2070 4134 2298 4188 biblioth.
2341 4138 2380 4186 t.
2409 4133 2461 4199 6,
2499 4136 2635 4201 part.
2655 4131 2706 4199 2,
2743 4147 2794 4200 p.
2815 4128 3068 4187 XXXIX).

1015 4215 1058 4283 ¹)
1099 4216 1235 4270 VIII.
1274 4216 1392 4270 Kal.
1440 4216 1602 4285 April.
1659 4245 1721 4253 —
1784 4214 2177 4289 Aequinoctium
2236 4210 2536 4280 (Kalendar.
2587 4212 2713 4279 Jul.)
2766 4241 2832 4249 —
2890 4208 3068 4264 Nalale

834 4298 1023 4351 mundi.

1016 4377 1059 4443 ⁸)
1098 4377 1289 4432 Verum
1327 4377 1376 4430 in
1414 4380 1623 4431 vetusto
1661 4375 1974 4429 Kalendario
2002 4375 2205 4445 syriaco
2231 4390 2384 4428 mser.
2413 4373 2616 4428 Codicis
2638 4372 2874 4426 Vaticani
2903 4366 3065 4424 obitus

836 4457 1034 4512 Patris
1067 4457 1248 4533 nostri
1284 4456 1457 4511 Adam
1496 4461 1711 4510 notatur
1747 4456 1828 4509 die
1867 4458 1917 4510 6.
1958 4455 2148 4509 mensis
2185 4454 2368 4509 lean.
