3514 5391
881 490 948 544 ‘H
974 489 1104 560 ἁγία
1139 496 1227 544 καὶ
1263 491 1475 561 μεγάλη
1515 490 1574 550 ε’.
1636 492 1754 546 Fer.
1794 491 1856 544 V.
1895 492 1946 546 in
1985 491 2155 545 Coena
2192 490 2411 544 Domini.

964 780 1034 847 ‘O
1078 772 1326 859 οἶκος.
1425 778 1644 864 Πρὸς
1688 777 1800 844 τό·
1863 752 2319 865 Ἰέράμνωσον.

860 931 946 1013 Τῇ
987 931 1257 1014 μυστικῇ
1346 954 1351 956 ’
1657 984 1665 990 .

952 1022 1018 1088 ἐν
1061 1025 1251 1111 φόβῳ
1295 1023 1584 1112 τραπέζῃ

951 1119 1472 1206 προςεγγίσαντες
1519 1122 1760 1201 πάντες

951 1226 1273 1310 καθαραῖς
1317 1228 1461 1301 ταῖς
1514 1226 1750 1311 ψυχαῖς

948 1319 1060 1385 τόν
1105 1319 1297 1407 ἷίρτον
1342 1320 1842 1405 ὑποδεξώμεθα,

949 1440 1066 1503 συμ
1079 1420 1551 1506 παραμένοντες
1594 1426 1686 1505 τῷ
1734 1417 2039 1506 δεσπότῃ,

947 1517 1053 1582 ἵνα
1097 1513 1338 1602 ἴδωμεν
1378 1518 1529 1596 τοῦς
1574 1517 1788 1595 πόδας
1833 1522 1977 1595 πῶς
2022 1509 2374 1581 ἀπονίπτει
2436 1563 2446 1573 .

947 1622 1072 1680 τῶν
1116 1621 1449 1705 μαθητῶν,

947 1713 1053 1779 καὶ
1100 1714 1472 1804 ποιήσωμεν
1516 1714 1728 1801 ὥςπερ
1775 1709 2169 1797 κατείδομεν,

948 1811 1244 1900 ἀλλήλοις
1290 1812 1734 1897 ὕποταγέντες,

948 1910 1052 1975 καὶ
1102 1908 1385 2002 ἀλλήλων
1428 1912 1578 1990 τοῖς
1623 1912 1837 1990 πόδας
1884 1906 2321 1988 ἐκπλύναντες·

949 2011 1232 2096 Χριστὸς
1276 2012 1395 2096 γὰρ
1438 2010 1638 2089 οἵτως
1684 2006 1972 2076 ἐκέλευσε

946 2113 1084 2183 τοῖς
1122 2108 1327 2175 αὑτοῦ
1369 2114 1720 2201 μαθηταῖς,
1771 2108 1910 2175 ἀλλ’
1957 2107 2071 2175 σι’-κ
2117 2108 2381 2197 ἤκουσεν

951 2207 1192 2287 Ἰούδας
1237 2208 1273 2273 ό
1321 2210 1548 2286 δοῦλος
1594 2208 1700 2275 καὶ
1748 2208 1984 2286 δόλιος.

693 2352 1035 2436 Mysticam
1064 2355 1140 2418 ad
1174 2373 1452 2420 mensam
1489 2373 1706 2419 omnes
1742 2355 2109 2419 accedentes
2158 2374 2302 2417 cum
2331 2353 2473 2416 timo

504 2452 727 2516 anima
774 2471 930 2533 pura
978 2470 1200 2535 panem
1248 2453 1679 2537 suscipiamuS,
1730 2473 1932 2536 neque
1982 2471 2345 2535 sepaiemui
2392 2471 2428 2514 a

501 2555 573 2615 ut
623 2550 972 2628 videamus,
1022 2548 1333 2634 quomodo
1382 2548 1571 2635 pedes
1618 2550 1784 2616 lavet
1829 2549 2293 2635 discipulorum,
2357 2554 2473 2613 et]

501 2647 1045 2733 quemadmodum
1095 2646 1453 2728 viderimus,
1511 2648 1778 2715 invicem
1827 2646 2111 2733 subjecti,
2176 2648 2473 2732 pedesqm

502 2744 907 2831 singulorum
956 2748 1404 2834 abstergentes,
1502 2748 1789 2814 Christus
1838 2748 2006 2813 enim
2066 2747 2160 2812 'sic
2209 2764 2473 2830 praecep

501 2845 879 2930 pulis-suis,
931 2843 1040 2911 sed
1088 2867 1211 2912 non
1259 2846 1491 2912 audivit
1540 2846 1754 2923 Judas‚
1810 2845 2084 2930 perfidus
2132 2863 2367 2908 servus.

698 2989 826 3054 Sed
873 2995 939 3055 et
981 2989 1115 3075 ipse
1163 3010 1360 3056 canon
1409 2991 1699 3065 festivuS,
1764 2990 1869 3074 qui
1916 2986 2216 3071 exemplis
2280 2986 2473 3070 ejusm

504 3089 665 3152 tatis
704 3088 1000 3153 omnibus
1047 3089 1231 3153 simul
1276 3090 1396 3155 diei
1446 3089 1759 3173 mysteriis
1790 3083 2052 3171 ἀθρόως
2098 3085 2408 3150 exhibitae
2440 3105 2471 3148 r

503 3187 802 3251 videatur
845 3187 1012 3271 apud
1061 3187 1295 3272 Migne,
1345 3187 1512 3251 Patr.
1561 3208 1656 3272 gr.
1707 3190 1749 3251 t.
1802 3187 1907 3262 98,
1957 3186 2084 3261 ubi,
2135 3204 2209 3248 ex
2257 3183 2473 3249 Triodi

505 3284 808 3367 scriptus,
867 3284 1028 3348 inter
1074 3304 1265 3367 opera
1310 3285 1534 3351 melodi
1587 3283 1849 3350 Cosmae
1899 3281 2328 3368 Hagiopolitae
2390 3301 2473 3346 cu

505 3382 1259 3545 nibusssgraneZentium
1307 3384 1604 3450 feriarum
1651 3384 1711 3448 in
1763 3384 1965 3448 forma
1996 3382 2239 3466 integra
2265 3400 2473 3464 reprae

510 3503 625 3566 pp.
813 3520 899 3528 -—
949 3483 987 3548 8
1041 3534 1054 3546 .

703 3715 895 3778 Feria
953 3715 1024 3780 V.
1071 3717 1140 3780 in
1195 3714 1404 3781 Coena
1453 3717 1730 3779 Domini.

696 3859 771 3924 In
821 3860 1244 3924 monumentis
1290 3859 1589 3944 liturgicis
1637 3858 1935 3924 ecclesiae
1980 3855 2205 3919 latinae
2254 3853 2408 3916 feria
2457 3851 2473 3915 Ι

508 3957 784 4042 pellatur
832 3957 971 4021 dieo
1016 3956 1258 4021 natalis
1319 3957 1750 4036 eucharistiae,
1819 3955 1954 4018 dies
2013 3948 2254 4016 vinealis
2312 3947 2471 4012 calio

509 4067 899 4120 secretorum
946 4055 1076 4121 sive
1120 4057 1575 4142 mysteriorum,
1626 4060 1687 4121 et
1735 4051 2147 4120 communiter
2184 4049 2316 4132 jam
2347 4046 2473 4133 fer÷

520 4151 736 4219 Coena
783 4152 1074 4234 Domini,
1137 4174 1210 4219 ea
1255 4155 1333 4219 de
1381 4174 1584 4232 causa,
1647 4157 1715 4218 ut
1764 4157 1951 4236 patet,
2020 4147 2187 4233 quod
2235 4143 2473 4209 Christi

514 4251 991 4318 sanctissimum
1039 4254 1313 4336 corporis
1360 4256 1421 4316 et
1467 4253 1787 4338 sanguinis
1835 4251 1928 4315 sui
1978 4248 2433 4313 sacramentum

514 4350 796 4416 Vocat-ur
846 4360 1059 4414 autem
1108 4349 1479 4415 eucharistia
1519 4349 1730 4416 Coena
1760 4346 2041 4424 Domini,
2091 4343 2257 4427 quod
2306 4361 2462 4405 eam.

516 4469 565 4515 S.
615 4450 1123 4531 Hieronymo
1169 4448 1229 4512 in
1280 4448 1330 4514 I.
1387 4446 1527 4515 Cor.
1579 4451 1683 4514 11.
1734 4450 1843 4526 20,
1906 4444 2191 4511 Christus
2238 4439 2301 4506 in
2349 4459 2473 4505 coe]

2658 489 2763 544 233
