3514 5391
905 549 1081 613 Mense
1118 548 1348 613 Octobri.
1404 550 1640 613 Officium
1676 548 1868 627 Synodi
1904 551 2187 613 Florentin.
2562 551 2668 613 525

2071 668 2340 676 ——-—.-——-—

444 751 513 817 δέ,
550 755 658 813 τοῖς
693 752 865 808 αὐτοῦ
900 751 1087 823 λόγοις
1110 752 1496 826 ἄποστραφέν-
1609 752 1843 828 quidem
1864 760 2199 829 promptam
2225 754 2410 815 subiit
2426 772 2674 830 poenam

444 850 535 895 τες,
587 835 651 905 τῇ
696 833 833 901 ἁγίᾳ
884 836 985 887 τοῦ
1037 836 1180 887 Θεοῦ
1214 831 1499 902 Ἐκκλησίᾳ
1606 849 1751 892 suae
1790 833 2225 904 ostentationlS‚
2265 834 2501 907 dignam
2534 851 2676 894 sane

442 910 740 983 ἡνώθημεν,
776 916 865 965 καὶ
894 912 1190 982 εὐχόμεθα
1211 915 1302 965 ἵνα
1325 917 1495 983 μέχρι
1608 912 1938 985 impietate,
1997 917 2060 970 et
2110 913 2533 986 impudentias
2564 932 2678 988 qua

442 993 616 1052 τέλους
671 992 1053 1065 διαμείνωμεν
1108 992 1267 1049 οὕτω.
1367 998 1500 1052 Ταῖς
1608 993 1766 1050 solus
1820 991 2232 1050 oecumenicae
2295 995 2516 1067 synodo
2578 995 2678 1053 ad-

441 1076 544 1126 uiiv
577 1073 873 1144 θεοφόρων
910 1088 1012 1126 σου
1049 1077 1296 1145 πατέρων
1332 1087 1499 1143 upw-
1606 1072 2033 1131 versariausus
2049 1082 2155 1131 est.
2209 1072 2400 1146 Quum
2418 1076 2573 1133 enim
2588 1092 2678 1133 re·

439 1155 615 1216 βείαις,
655 1152 684 1204 ι·
717 1153 853 1212 Θεὸς
884 1152 1058 1223 ἡμῶν,
1096 1152 1313 1219 ἐλέησον
1338 1151 1482 1223 ἡμᾶς
1608 1151 1916 1210 solutionis
1968 1152 2096 1222 ejus
2135 1157 2367 1223 tempus
2407 1154 2677 1213 advenis·
2744 1216 2747 1219 Α

632 1278 637 1284 ,
1052 1268 1056 1272 Δ
1608 1237 1717 1303 set,
1761 1231 2104 1289 convolvulo
2142 1240 2449 1307 correptus
2490 1250 2522 1292 e
2548 1234 2678 1292 vita

442 1312 717 1386 migravit
736 1312 797 1385 ι).
912 1312 1110 1387 Ipsius
1169 1320 1368 1372 autem
1419 1312 1757 1372 imitatores
1818 1316 1880 1369 et
1930 1311 2197 1371 asseclae
2242 1313 2487 1372 similem
2544 1314 2680 1372 huic

441 1392 608 1451 finem
647 1395 875 1453 habere
913 1400 1260 1467 precanteS,
1310 1395 1474 1467 justo
1511 1400 1613 1451 tuo
1652 1391 1898 1462 iudicio,
1954 1390 2194 1450 Christe
2233 1392 2383 1465 Rex,
2431 1395 2679 1466 singulis

439 1473 638 1533 diebus
694 1474 964 1534 videmus
1027 1474 1229 1532 eodem
1286 1490 1528 1548 prorsus
1585 1473 1752 1530 modo
1811 1472 2075 1531 interire.
2168 1472 2291 1531 Nos
2345 1479 2543 1532 antem
2604 1477 2679 1533 ab

437 1553 613 1627 ipsius
664 1555 844 1613 dictis
882 1555 1252 1626 recedenteS,
1304 1560 1553 1613 sanctae
1594 1552 1719 1611 Dei
1756 1552 2078 1621 Ecclesiae
2111 1554 2381 1611 unionem
2421 1554 2681 1626 amplexi

439 1651 660 1705 summ,
715 1642 892 1709 atque
933 1637 1344 1706 obsecramUS,
1390 1640 1457 1693 ut
1516 1634 1593 1691 ad
1643 1633 1818 1691 finem
1869 1649 2052 1705 nsque
2100 1634 2160 1692 in
2214 1650 2290 1692 ea
2326 1651 2679 1708 permanere

437 1716 738 1788 possimus.
795 1714 1038 1775 Sanctis
1064 1714 1351 1773 Patribus
1391 1714 1901 1773 intercedentibus
1941 1713 2225 1773 miserere
2266 1716 2471 1782 nostri,
2511 1715 2681 1773 Dens

440 1801 653 1854 noster.
1477 1811 1480 1815 ’

576 1918 672 1977 Ex
711 1921 917 1993 paucis
942 1921 1053 1993 hie,
1093 1938 1244 1994 quae
1273 1938 1347 1980 ex
1372 1919 1634 1979 fontibus
1659 1920 1897 1992 graecis
1925 1921 2253 1989 attulimnS,
2291 1921 2455 1978 clare
2491 1926 2681 1994 patet,

436 2014 604 2071 quam
644 2002 862 2059 merito
901 2019 972 2061 ac
1003 2002 1141 2074 jure
1181 2002 1452 2060 monachi
1490 2001 1964 2074 graeco-rumeni
1990 1999 2445 2074 Transsylvani‚
2484 2008 2680 2060 aucto·

436 2078 680 2137 ritatem
723 2081 961 2140 concilii
997 2082 1338 2141 Florentini
1385 2082 1443 2140 in
1486 2080 1891 2139 defensionem
1929 2081 2210 2140 catholici
2249 2082 2558 2154 dogmatis·
2583 2083 2682 2140 ad·

435 2156 731 2233 hibente8‚
771 2160 832 2218 in
870 2162 988 2220 fine
1027 2162 1118 2220 sui
1158 2162 1406 2218 Floscuh‘
1439 2162 1689 2217 veritatis
1705 2161 1751 2231 ⁹)
1792 2161 1943 2219 haec
1983 2161 2360 2234 scripserint:

610 2266 942 2328 Declarati
990 2270 1049 2328 in
1101 2270 1210 2328 hoc
1261 2270 1538 2344 opusculo
1598 2268 1875 2339 articuli,
1934 2285 2133 2327 omnes
2178 2270 2415 2343 pariter
2453 2268 2685 2327 definiti

436 2352 572 2405 sunt
608 2349 674 2406 in
713 2351 1094 2409 oecumenica
1130 2351 1490 2409 Florentina
1528 2350 1768 2423 synodo,
1826 2350 1993 2421 cujus
2031 2349 2160 2407 sola
2201 2350 2525 2409 auctoritas
2565 2348 2684 2407 suf-

437 2426 649 2487 ficeret
690 2430 767 2488 ad
804 2430 1084 2490 habenda
1119 2432 1269 2490 haec
1306 2430 1423 2488 fide
1451 2429 1685 2501 divina;
1724 2445 1914 2503 neque
1944 2429 2098 2487 enim
2128 2430 2201 2487 de
2228 2429 2492 2502 ejusdem
2525 2448 2569 2487 s.
2591 2447 2685 2503 sy·

438 2508 575 2568 nodi
616 2512 984 2571 auctoritate
1027 2511 1291 2571 dubitari
1330 2516 1557 2585 potest;
1596 2510 1818 2583 alioqui
1856 2511 2040 2568 etiam
2079 2510 2328 2569 aliorum
2356 2511 2683 2570 oecumeni-

441 2604 643 2648 corum
696 2592 1077 2651 conciliorum
1138 2593 1558 2651 auctoritatem
1613 2591 1823 2649 eadem
1878 2591 2112 2648 ratione
2165 2590 2294 2663 quis
2343 2591 2406 2649 in
2445 2590 2681 2650 dubium

439 2686 732 2732 revocare
770 2679 998 2747 posset,
1037 2673 1249 2749 quippe
1286 2672 1437 2731 nihil
1465 2685 1717 2745 ‘prorsus
1754 2671 1892 2730 huic
1929 2670 2152 2745 synodo
2192 2671 2378 2742 deest,
2419 2672 2570 2745 quod
2610 2672 2682 2730 de

433 2752 673 2811 ratione
712 2755 1124 2813 oecumenicae
1154 2754 1365 2827 synodi
1390 2753 1746 2826 requiritur;
1785 2753 1846 2810 in
1884 2752 1994 2810 illa
2031 2768 2280 2823 namque
2321 2770 2524 2811 omnes
2559 2754 2684 2811 uni·

436 2832 696 2890 versalis
734 2834 1051 2895 Ecclesiae
1089 2835 1400 2908 praecipui
1438 2832 1764 2891 Praesules
1805 2839 1867 2891 et
1911 2831 2207 2891 Proceres
2245 2833 2512 2904 legitime
2553 2850 2684 2892 con-

434 2911 657 2981 vocati,
711 2921 775 2972 et
812 2932 941 2975 cum
982 2911 1341 2989 imperatore
1378 2914 1618 2974 Joanne
1655 2914 2024 2987 Palaeologo
2062 2920 2125 2972 et
2161 2914 2512 2988 patriarcha
2533 2912 2682 2973 Con·

437 2992 970 3067 stantinopolitano
1006 2996 1049 3055 J
1055 2996 1289 3070 osepho‚
1329 3001 1393 3053 et
1429 2995 1788 3068 reliquorum
1829 2994 2311 3068 patriarcharum
2350 2994 2598 3054 vicariis
2624 2996 2680 3051 in

436 3073 655 3128 nomine
692 3076 920 3131 Domini
955 3078 1322 3150 congregati,
1373 3076 1529 3135 hanc
1566 3076 1887 3135 veritatem
1931 3075 2301 3147 definientes,
2361 3082 2424 3133 et
2461 3076 2681 3148 singuli

439 3155 885 3220 consentientes
923 3159 1422 3231 subscripserunt,
1473 3157 1645 3215 unico
1685 3162 1933 3229 excepto
1971 3155 2174 3215 Marco
2213 3157 2545 3230 EphesinO,
2596 3158 2682 3216 uti

438 3233 701 3294 habetur
748 3237 810 3295 in
845 3236 1101 3297 Pravila
1119 3237 1183 3312 ').
1256 3237 1343 3296 Et
1379 3236 1647 3312 profecto
1696 3237 2062 3311 impossibile
2104 3244 2241 3296 erat
2289 3238 2425 3296 illos
2463 3239 2684 3296 Patres

442 3313 657 3373 taliter
695 3327 1088 3392 congregatos
1127 3318 1190 3377 in
1228 3320 1501 3377 doctrina
1538 3317 1680 3375 fidei
1720 3334 1949 3391 errare,
1990 3325 2198 3376 contra
2236 3318 2682 3391 promissionem

442 3391 671 3453 Christi
708 3395 952 3456 Domini
992 3399 1275 3458 dicentis:
1327 3400 1430 3453 Uen·
1462 3403 1593 3454 sunt
1626 3399 1751 3464 ἄπο,
1790 3399 1873 3452 rel
1907 3402 2025 3453 tres
2049 3400 2364 3470 conyreqati
2394 3400 2448 3453 in
2475 3399 2689 3454 nomine

629 3630 670 3700 ¹)
709 3630 970 3686 Perditum
1006 3632 1139 3686 hunc
1176 3649 1356 3687 sacrae
1382 3631 1595 3687 Unionis
1621 3646 1916 3686 eversorem
1943 3629 2510 3699 constantinopolitani,
2549 3636 2686 3685 teste

445 3709 475 3764 J
491 3727 703 3765 oanne
741 3711 861 3767 Bel
882 3713 1030 3767 udis
1069 3713 1338 3783 (Horolog.
1366 3712 1548 3767 Venet.
1588 3729 1670 3766 an.
1699 3712 1855 3778 1875,
1894 3710 1958 3765 ad
1985 3711 2032 3765 d.
2063 3711 2146 3765 19.
2171 3711 2407 3779 Januar.)
2446 3712 2495 3764 in
2522 3713 2686 3766 fastos

447 3790 751 3846 Sanctorum
800 3794 1091 3848 retulerunt
1141 3810 1273 3848 anno
1313 3796 1480 3848 1869:
1538 3794 1649 3862 ipso
1686 3792 1773 3846 illo
1811 3795 2042 3859 tempore
2080 3790 2278 3845 scilicet
2323 3791 2404 3858 (ut
2434 3793 2543 3860 jam
2581 3791 2685 3844 ani-

386 3864 400 3877 ‘
446 3872 773 3927 madversum
822 3874 877 3927 in
926 3872 1108 3928 Photio
1159 3878 1241 3927 est
1292 3891 1338 3943 p.
1379 3875 1534 3942 517),
1592 3890 1690 3944 quo
1738 3872 1976 3927 Summus
2013 3871 2250 3926 Pontifex
2301 3869 2420 3923 Pius
2459 3869 2557 3923 ΡΡ.
2595 3870 2685 3924 ΙΧ.

449 3969 623 4008 omnes
661 3954 992 4021 invitaverat,
1043 3960 1101 4009 ut
1138 3955 1351 4008 Patrum
1388 3972 1595 4009 suorum
1633 3953 1869 4022 vestigiis
1907 3953 2205 4006 insistentes
2244 3951 2507 4021 antiquum
2543 3951 2686 4020 pacis

450 4031 627 4088 foedus
662 4034 873 4089 tandem
909 4036 1170 4090 nobiscum
1194 4036 1561 4105 instaurarent,
1599 4052 1697 4106 quo
1722 4051 1825 4088 una
1849 4050 2052 4088 rursum
2078 4033 2342 4103 utriusque
2369 4031 2539 4100 populi
2572 4032 2686 4086 laus

451 4119 505 4166 et
540 4112 706 4182 gloria
744 4115 797 4168 in
832 4122 1015 4171 saneta
1052 4121 1106 4171 et
1142 4116 1393 4171 catholica
1431 4115 1663 4171 Ecclesia
1700 4114 1920 4184 vigeret.

630 4191 676 4262 ²)
713 4195 793 4249 De
831 4197 1046 4266 egregia
1082 4197 1178 4251 hac
1214 4196 1452 4266 apologia
1488 4196 1604 4249 vide
1642 4199 1892 4250 annotata
1930 4211 2085 4264 supra
2124 4209 2205 4262 pp.
2245 4194 2349 4248 387
2389 4196 2443 4246 et
2479 4191 2602 4246 409.

630 4273 676 4343 ⁸)
715 4274 910 4330 'textus
954 4278 1264 4348 archetypus
1315 4282 1490 4331 sonat:
1546 4259 1634 4332 Εἴ
1686 4276 1826 4347 Cyru
1873 4276 2050 4330 Marcu
2100 4272 2438 4344 ephesenulu‚
2490 4272 2687 4326 alesulu

455 4352 669 4408 esarchu
706 4355 793 4409 alu
830 4357 1079 4412 sinodului
1116 4357 1302 4412 standu
1340 4362 1520 4412 contra
1557 4357 1875 4425 (improtiva)
1926 4372 1993 4409 nu
2041 4370 2138 4408 vru
2175 4368 2229 4406 se
2269 4352 2496 4405 subscrie
2535 4353 2687 4416 (isca-

455 4435 642 4502 lesca);
699 4434 774 4488 ἐπ’
814 4436 927 4491 fora
963 4437 1024 4492 de
1061 4438 1273 4492 densulu
1322 4438 1433 4493 altii
1482 4439 1579 4492 toti
1628 4453 1695 4490 au
1731 4435 1874 4490 voitu
1925 4439 1970 4488 sl
2008 4451 2073 4488 au
2112 4431 2370 4485 subscrisu
2421 4430 2686 4498 (iscalitu).

456 4517 560 4572 Cfr.
598 4516 908 4584 Pravila‚
946 4520 1171 4587 typar-ita
1210 4519 1261 4572 in
1298 4517 1590 4586 Tirgoviste
1627 4517 1677 4570 la
1715 4516 1870 4569 anulu
1909 4514 2064 4576 1682),
2105 4531 2148 4566 c.
2187 4514 2309 4576 388,
2349 4526 2398 4578 p.
2437 4511 2559 4564 398.
