3514 5391
859 492 964 549 544

1499 492 1659 553 Festa
1694 494 1902 553 mobilia
1939 504 2056 569 post
2093 494 2452 555 Pentecosten.

1530 609 1828 616 mffl--—
1871 610 2424 619 m-⁴*-.---.——*———--

2741 609 2806 619 ...n-⁴
2829 610 2866 619 ...-
2901 614 3004 619 *2
3021 612 3094 619 ...--.

860 708 1015 763 nota
1061 699 1191 779 sint
1236 697 1541 780 omnibw
1567 697 1606 784 (
1599 694 1842 780 πάντες
1885 696 2306 783 γινώσκουσι,
2337 699 2667 786 μαθόντες
2698 700 2862 783 αὐτὰ
2888 699 2955 769 ἐκ
2980 705 3100 768 τῶν

862 789 1058 876 ἁγίων
1088 795 1401 880 γραφῶν).
1470 796 1782 862 Historiae
1829 797 1965 864 loco
2012 804 2150 865 octo
2203 795 2513 865 θεοτοκία
2560 800 2821 879 odarum
2857 800 3098 866 canonis

864 894 1390 977 repraesentanda
1435 912 1784 972 censemus
1855 896 2082 979 quibus
2129 916 2177 961 S.
2230 873 2547 981 Josephus
2595 895 3099 982 hymnogiaphus

866 990 1369 1074 potentissimum
1422 997 1747 1103 pauonum
1801 1014 1980 1058 suum
2032 1015 2171 1077 cum
2222 1015 2304 1060 ss.
2357 982 2631 1080 Deipara
2691 990 3101 1079 coucelebrat:

870 1087 1175 1153 exhibito
1188 1108 1298 1171 per
1322 1088 1483 1154 hanc
1511 1091 1899 1156 occasionem
1930 1092 2286 1158 authentico
2318 1092 2593 1159 Decreto
2641 1072 2943 1167 Romano,
2989 1112 3105 1175 quo

867 1208 917 1251 s,
968 1184 1331 1270 JosephuS,
1356 1207 1622 1270 sponsus
1670 1189 1742 1253 B.
1778 1189 2056 1275 Virginis
2085 1190 2342 1270 Mariae,
2393 1191 2756 1257 solemniter
2796 1188 3104 1255 Ecclesiae

867 1283 1206 1373 catholicae
1254 1284 1563 1377 Patronus
1611 1291 1707 1352 est
1752 1287 2103 1354 declaratus
2152 1309 2310 1354 anno
2363 1289 2554 1355 1870.

1487 1442 1593 1501 De
1631 1443 2073 1503 veneratione
2112 1461 2168 1505 s.
2193 1445 2497 1521 josephi.

963 1552 1133 1619 Σαρκὶ
1161 1551 1409 1620 Χριστόν
1428 1550 1752 1619 ἁπεκὺησας,
1780 1551 1939 1621 ἁγνή,

872 1630 930 1682 ἐν
968 1630 1244 1700 Βηθλεὲμ,
1281 1628 1643 1700 ἄπειρόγαμε,
1690 1630 1932 1703 σπαργά-

870 1730 987 1770 νοις
1024 1708 1195 1764 αὐτὸν
1233 1712 1489 1776 εἱλίξασα,
1529 1702 1598 1765 οὗ
1634 1731 1734 1767 ττν
1752 1712 1947 1778 funin:

869 1795 1011 1856 αιάν
1047 1793 1408 1861 καταπλαγεὶς
1434 1791 1629 1862 Ιωσὴφ
1656 1793 1764 1845 σύν
1782 1793 1941 1864 φόβῳ

868 1868 1190 1941 μεγαλύνει,
1249 1879 1549 1940 προσκυνεῖ
1596 1874 1695 1941 τήν
1740 1874 1941 1928 τούτου

870 1950 1132 2021 δύναμιν.

896 2062 901 2069 -
977 2030 1165 2101 Σείρκα
1202 2026 1467 2103 εἰληφότα
1514 2033 1568 2098 ἐξ
1604 2034 1814 2103 ι’ἷγνῶν.
1838 2052 1941 2089 σου

790 2170 797 2177 .
875 2111 1149 2182 αἱμάτων,
1207 2118 1461 2182 Παρθένε
1518 2113 1690 2183 ἁγνή,
1745 2119 1833 2168 καὶ
1884 2117 1942 2169 ἐν

872 2194 1116 2259 σπηλαίῳ
1152 2197 1505 2260 γεννηθέντα,
1543 2198 1631 2246 καὶ
1670 2197 1728 2248 ἐν
1753 2196 1950 2268 φάτνῃ

874 2277 1100 2327 τεθέντα
1139 2271 1274 2325 ἰδών
1311 2273 1509 2345 Ἰωσὴφ
1547 2278 1577 2327 ὁ
1605 2274 1818 2336 δίκαιος
1843 2277 1942 2330 τὸν

871 2352 998 2405 καθ’
1048 2350 1192 2422 ἦμᾶς
1236 2351 1511 2426 ὁραθέντα
1554 2355 1696 2409 Θεὸν
1743 2356 1943 2426 ὕμνοις

870 2431 1264 2503 ἐμεγάλυνεν,
1341 2442 1349 2449 ’

982 2593 1155 2647 Λύων
1193 2597 1293 2647 τοῦ
1330 2593 1427 2648 νοό
1510 2612 1612 2650 σου
1649 2603 1946 2668 προφανῶς

873 2675 1063 2745 ἐπέστη
1082 2694 1112 2727 ο
1098 2672 1357 2746 ’ἀόρατος
1373 2679 1725 2749 αμφιβολίαν
1740 2682 1940 2742 πασαν

872 2759 1046 2826 λέγων
1094 2771 1199 2808 σοι
1254 2757 1351 2823 Μὴ
1404 2762 1668 2831 φοβηθῆς,
1724 2758 1940 2831 Ἰωσὴφ.

877 2836 1117 2906 Μαριαμ
1160 2835 1257 2901 τὴν
1293 2857 1327 2889 α
1331 2856 1578 2908 χραντοι
1624 2843 1730 2894 νῦν
1767 2859 1943 2911 παρα-

874 2920 1078 2982 λαβεῖν.
1145 2920 1341 2988 Γαστρὶ
1381 2918 1488 2986 γάρ
1525 2923 1681 2989 φέρει
1718 2920 1819 2973 τὸν
1843 2924 1943 2991 φέ-

877 3016 1042 3072 ροντα
1084 3001 1237 3069 θεὶκῇ
1275 2997 1474 3052 τούτου
1504 2996 1741 3073 [αὐτοῦ]
1780 3002 1945 3055 δυνα-

876 3082 1029 3144 στείᾳ
1068 3078 1132 3129 τά
1173 3077 1488 3147 σύμπαντα,

984 3157 1217 3227 Εὑρέθη,
1237 3156 1308 3218 ὠς
1326 3159 1432 3229 ἔφη
1452 3161 1733 3231 προφήτης
1746 3162 1941 3227 Δαβίδ,

876 3241 934 3293 ἐν
984 3243 1179 3309 γαστρὶ
1230 3238 1258 3303 ἠ
1310 3245 1598 3310 Παρθένος
1644 3241 1945 3312 χωρήσασα

878 3319 976 3373 τὸν
1012 3318 1179 3390 φύσει
1212 3318 1627 3391 ἀπερίγραπτον
1657 3324 1800 3377 Θεὸν
1817 3323 1943 3393 Ἐμ·

875 3399 1142 3471 μανουήλ,
1182 3399 1317 3472 ὅπερ
1351 3403 1430 3471 μὴ
1457 3401 1716 3467 ἐννοήσας
1740 3403 1772 3456 ὁ
1797 3408 1946 3464 θεῖος

876 3479 1155 3549 ἐδιδάχθη
1172 3479 1368 3550 ’[ωσῆφ
1396 3481 1490 3534 ὑπ’
1510 3481 1762 3551 ἀγγέλου,
1793 3488 1943 3537 vvxrl

876 3561 1169 3614 καθεύδων
1194 3560 1478 3633 ἀοίδιμος,

988 3727 1129 3774 Νέον
1180 3723 1263 3774 ἐπὶ
1317 3727 1412 3791 γῆς
1449 3723 1675 3776 παιδίον
1713 3723 1948 3794 ἑώρακας

882 3806 1177 3873 Παρθένου
1202 3802 1371 3871 αγνῆς
1390 3804 1830 3874 (ἔποτικτόμενον
1850 3805 1947 3858 τὸν

879 3884 1193 3954 προτέλειον
1229 3887 1317 3934 καὶ
1352 3883 1457 3953 πρὸ
1484 3883 1707 3938 πάντων
1733 3884 1947 3938 αἰωνων

878 3962 1123 4034 ἐκφύντα
1136 3955 1383 4034 Πατρός,
1421 3968 1509 4016 καὶ
1541 3964 1790 4034 αγγέλων
1820 3985 1944 4019 ανυ-

878 4043 1174 4114 μνούντων
1200 4048 1397 4096 τοῦτον
1419 4045 1648 4111 ἤκουσας
1665 4044 1830 4100 ἔνδον
1849 4052 1948 4100 τοῦ

880 4125 1149 4190 σπηλαίου
1173 4128 1446 4194 κείμενον,
1486 4125 1697 4196 Ἰωσήφ,
1728 4126 1816 4180 ἐπὶ
1843 4128 1947 4199 φά-

881 4223 1018 4274 τνης,
1057 4205 1405 4275 πανεύφημε.

990 4284 1305 4354 Συμβόλοις
1327 4288 1493 4356 ἱεροῖς
1517 4301 1575 4340 σε
1599 4292 1948 4357 τυπουμένην

882 4365 1131 4436 Ἰωσῆφιὸ
1152 4366 1378 4434 δίκαιος,
1394 4372 1766 4438 θεοχαρίτωτε
1785 4367 1946 4437 ἁγνὴ,

880 4445 1122 4513 ἐγνωκώς
1156 4445 1339 4518 ῥάβδῳ
1374 4449 1668 4518 κληροῦταί
1706 4465 1809 4501 σου
1845 4447 1944 4515 τήν

2140 1553 2441 1614 Christum
2462 1552 2835 1614 incarnatum
2856 1554 2912 1611 in
2929 1552 3106 1610 Beth·

2049 1636 2203 1693 leem
2231 1635 2540 1710 peperisti,
2580 1652 2613 1693 o
2636 1634 2823 1706 Virgo
2850 1635 3107 1705 innupta,

2050 1716 2414 1788 eundemque
2490 1713 2700 1774 fasciis
2781 1713 3107 1773 involvisti:

2051 1796 2220 1868 cujus
2259 1796 2580 1855 adventum
2607 1795 2837 1870 Joseph
2875 1804 3106 1868 stupore

2050 1876 2359 1949 perculsus
2380 1893 2508 1935 cum
2526 1876 2739 1934 timore
2757 1875 3109 1949 magnificat,

2051 1963 2115 2014 et
2153 1956 2371 2016 adorat
2409 1957 2571 2016 illius
2608 1956 2956 2030 potentiam.

2158 2037 2349 2111 Quum
2378 2037 2637 2096 vidisset
2660 2036 2888 2110 Joseph
2918 2036 3111 2107 justus

2047 2117 2243 2176 Deum
2286 2118 2591 2191 accepisse
2631 2134 2869 2177 carnem
2911 2134 2983 2175 ex
3019 2133 3110 2175 ca·

2051 2199 2160 2256 stis
2182 2198 2513 2256 visceribus
2534 2198 2671 2268 tuiS,
2693 2215 2725 2256 o
2741 2198 2932 2270 Virgo
2951 2214 3110 2272 pura,

2052 2285 2114 2337 et
2152 2278 2210 2335 in
2250 2278 2534 2351 spelunca
2572 2284 2773 2337 natum
2828 2285 3006 2350 atque
3054 2278 3108 2334 in

2050 2358 2366 2433 praesepio
2388 2357 2973 2427 collocatumfuisse,
2999 2375 3110 2416 ma·

2052 2438 2384 2511 gnificabat
2422 2456 2552 2498 eum
2591 2439 2853 2512 hymnis,
2907 2438 3003 2511 qui
3042 2439 3111 2495 si-

2054 2519 2213 2577 milis
2251 2519 2419 2577 nobis
2459 2520 2807 2593 apparebat,

2145 2599 2248 2657 ›Ut
2286 2600 2770 2661 omnem-mentis
2809 2610 2956 2659 tuae
3004 2618 3114 2659 am·

2054 2679 2410 2754 biguitatem
2481 2688 2690 2756 aperte
2767 2683 3112 2752 removeret,

2053 2762 2360 2835 apparuit,
2388 2761 2502 2820 tibi
2554 2763 2832 2835 angelus,
2890 2763 3114 2821 dicens:

2054 2840 2180 2913 „Ne
2228 2841 2474 2914 timeas,
2530 2842 2576 2900 J
2578 2842 2788 2916 oseph,
2812 2881 2818 2886 -
2845 2843 3113 2917 accipere

2053 2939 2205 2981 nunc
2231 2921 2482 2981 Mariam
2526 2923 3000 2986 immaculatam:
3037 2929 3115 2981 et*

2054 3004 2205 3061 enim
2246 3002 2372 3062 fert
2408 3004 2468 3062 in
2506 3011 2679 3063 utero
2705 3004 2871 3063 illum
2912 3004 3011 3077 qui
3038 3003 3116 3061 di·

2053 3084 2194 3142 vina
2231 3085 2500 3157 potentia
2537 3101 2644 3143 sua
2668 3081 2802 3141 fert
2820 3085 3114 3142 universa.

2160 3164 2418 3223 Inventa
2455 3171 2565 3236 est,
2605 3164 2762 3222 sicut
2801 3164 2952 3223 dixit
2989 3172 3118 3237 pro-‘

2055 3245 2239 3318 pheta
2253 3243 2475 3318 David,
2495 3243 2686 3318 Virgo
2706 3245 2766 3303 in
2782 3250 2955 3304 utero
2973 3261 3118 3303 com·

2056 3325 2430 3397 prehendens
2451 3325 2636 3396 illum,
2670 3325 2768 3397 qui
2789 3331 3008 3383 natura
3029 3330 3118 3382 est

2055 3405 2619 3479 incircumscriptum,
2657 3404 2854 3464 Deum
2884 3405 3117 3463 Emma-

2054 3486 2209 3543 nuel.
2286 3485 2455 3558 Quod
2507 3502 2678 3557 quum
2731 3485 2967 3544 divinus
3017 3486 3118 3543 Jo-

2055 3566 2198 3638 seph
2226 3583 2338 3623 non
2366 3566 2759 3638 intelligeret,
2801 3568 2877 3624 ab
2908 3566 3117 3638 angelo

2053 3651 2230 3704 noctu
2251 3646 2494 3705 edoctus
2521 3652 2629 3718 est,
2658 3646 2790 3705 dum
2815 3646 3114 3705 dormiret.

2157 3725 2386 3787 Novum
2434 3727 2496 3784 in
2543 3734 2714 3785 terra
2749 3744 2996 3800 puerum
3033 3728 3114 3786 vi·

2056 3807 2231 3868 disti,
2284 3824 2317 3866 o
2355 3807 2722 3866 nobilissime
2759 3806 3009 3880 Joseph,
3049 3824 3116 3866 ex

2057 3888 2310 3960 Virgine
2350 3894 2521 3946 casta
2559 3893 2790 3959 natum,
2842 3888 2942 3960 qui
2981 3897 3115 3946 ante

2057 3968 2254 4026 omnia
2269 3968 2512 4026 saecula
2527 3975 2702 4026 natus
2715 3973 2808 4026 est
2822 3985 2892 4026 ex
2907 3967 3116 4027 Patre;

2059 4053 2122 4107 et
2148 4047 2431 4107 audivisti
2454 4049 2696 4121 angelos
2712 4048 3116 4108 collaudantes

2058 4129 2220 4187 illum
2262 4129 2426 4186 intra
2463 4130 2806 4201 speluncam
2853 4129 2912 4187 in
2950 4146 3116 4203 prae·

2055 4209 2219 4283 sepio
2249 4208 2573 4281 jacentem.

2166 4288 2355 4362 Quum
2376 4297 2438 4347 te
2460 4289 2651 4348 sacris
2672 4291 2958 4363 symbolis
2979 4289 3116 4362 flgu·

2055 4375 2250 4428 ratam
2293 4371 2635 4442 agnovisset
2652 4369 2698 4429 J
2700 4370 2884 4445 oseph
2903 4369 3116 4442 justus,

2055 4467 2087 4507 o
2126 4449 2313 4522 Virgo
2333 4449 2465 4509 Deo
2499 4450 2830 4522 carissima,
2865 4468 2974 4525 per
3002 4450 3116 4510 vir·
