3514 5391
1322 505 1549 562 Festum.
1573 505 1663 562 SS.
1702 506 1885 561 Cordi's
1921 506 1953 562 .Ῐ
1955 522 2063 561 esu.
2705 506 2812 562 479

563 704 897 772 colendam
944 717 1117 772 tauto
1165 706 1370 771 ubivis
1416 705 1649 769 ardore
1685 703 1910 790 fideles
1927 703 2208 793 populos
2240 727 2304 770 se
2341 707 2648 771 eaecitatos
2680 730 2809 771 sen-

566 806 754 885 sisse,
819 815 892 871 ut
937 826 1008 871 eo
1056 824 1215 870 anno
1270 802 1456 868 nulla
1486 808 1630 894 jam
1680 826 1842 889 pene
1906 804 2190 869 eaetiterit
2247 803 2585 886 dioecesis,
2652 828 2811 891 quae

554 902 965 990 privileyium
1029 903 1307 991 ejusdem
1348 901 1519 987 festi
1572 900 1928 987 peraqendi
1989 901 2070 965 ab
2120 901 2493 987 Apostolica
2540 902 2702 968 Sede
2750 927 2811 968 se

566 1022 696 1063 non
739 1003 1176 1089 impetravisse
1224 998 1470 1064 laetata
1517 1001 1617 1065 sit.
1713 1000 1796 1064 Et
1842 1019 2010 1077 sane,
2059 1004 2128 1064 ut
2173 1001 2251 1065 de
2299 1001 2431 1065 sola
2478 1001 2813 1067 (1ermania

568 1099 876 1166 catholica
934 1102 1249 1177 dicamuS,
1320 1099 1588 1163 nationis
1648 1103 1898 1164 nostrae
1962 1088 2256 1182 pietatem
2320 1118 2471 1185 erga
2530 1097 2640 1164 SS.
2692 1098 2814 1165 Gor

568 1196 902 1264 Salvatoris
948 1199 1287 1284 loquuntur
1333 1201 1426 1262 tot
1453 1197 1558 1282 pia
1584 1197 1853 1274 foedera,
1904 1197 1966 1261 in
1997 1216 2154 1281 quae
2179 1197 2567 1263 Divinissimi
2594 1196 2811 1266 Gordis

568 1296 837 1362 cultores
865 1298 1088 1377 coiere,
1137 1301 1229 1363 tot
1273 1295 1521 1381 pietatis
1566 1295 1860 1361 exercitia
1907 1295 1983 1361 ab
2014 1294 2134 1361 illis
2167 1300 2474 1381 suscepta,
2523 1301 2616 1362 tot
2642 1297 2813 1363 deni-

568 1413 691 1477 que
738 1395 1013 1461 subsidia
1072 1402 1135 1461 et
1180 1396 1489 1472 fomenta,
1559 1413 1719 1478 quae
1783 1413 1894 1478 per
1954 1392 2101 1458 solia
2145 1413 2612 1477 quaquaversus
2659 1394 2810 1461 voli-

566 1494 780 1572 tantia,
827 1514 941 1578 per
987 1493 1253 1559 Menaea
1300 1493 1585 1578 augendo
1632 1491 1826 1557 cultui
1875 1491 1983 1558 SS.
2036 1490 2254 1557 Gordis
2301 1493 2636 1571 destinata,
2702 1515 2813 1578 per

567 1590 927 1657 innumeros
972 1591 1164 1658 libros
1210 1592 1429 1677 spiritu
1493 1597 1555 1657 et
1600 1610 1790 1656 succo
1853 1591 2456 1675 plenos·identidem
2513 1593 2813 1659 submini-

570 1692 861 1773 strantur.
969 1689 1139 1773 Quae
1202 1709 1389 1775 porro
1451 1690 1595 1754 sciri
1657 1690 1735 1754 de
1799 1690 1971 1755 cultu
2039 1707 2109 1753 ac
2171 1683 2331 1753 festo
2392 1689 2810 1756 Sacratissimi

570 1786 789 1854 Cordis
834 1788 988 1854 Jesu
1035 1792 1298 1874 oportet,
1350 1787 1596 1872 copiose
1639 1786 2091 1852 declaravimus
2127 1786 2421 1870 peculiari
2451 1808 2658 1874 opere,
2708 1789 2805 1855 cui

568 1885 811 1953 titulus:
873 1888 973 1951 De
1017 1886 1378 1952 rationibus
1408 1885 1729 1971 festorum
1778 1883 2214 1949 sacratissimi
2267 1881 2494 1951 Cordis
2538 1888 2699 1953 Jesu
2754 1899 2814 1951 et

558 1983 896 2069 pavi-ssimi
947 1983 1176 2050 Cordis
1222 1985 1479 2048 Mariae
1540 1983 1695 2047 libri
1740 1993 2014 2069 quatuor
2042 1982 2109 2068 ¹),
2180 1984 2254 2048 ad
2305 1985 2490 2067 quod,
2555 2005 2633 2050 ne
2679 2006 2809 2051 rem

570 2086 771 2147 actam
819 2103 1099 2170 agamuS,
1166 2082 1337 2167 pium
1385 2082 1665 2167 ejusdem
1713 2080 1825 2146 SS.
1872 2080 2091 2147 Gordis
2151 2082 2306 2147 Jesu
2368 2083 2664 2149 cultorem
2716 2104 2811 2149 re-

571 2200 885 2248 vocamus.

724 2297 846 2363 'Ne
896 2317 1069 2375 ver0,
1134 2298 1238 2381 qui
1287 2298 1476 2363 ritum
1521 2318 1817 2382 graecum
1868 2300 2245 2381 sequuntur,
2311 2296 2545 2362 cultum
2594 2298 2811 2363 Sacra-

572 2394 801 2461 tissimi
844 2394 1096 2461 Gordia
1111 2395 1267 2460 Jesu
1314 2415 1351 2460 a
1398 2415 1465 2460 se
1496 2395 1764 2461 alienum
1799 2400 2035 2479 putent,
2086 2394 2381 2460 nonnulla
2409 2395 2514 2461 hic
2541 2400 2813 2461 attexere

571 2492 791 2577 placet,
842 2512 1001 2577 quae
1047 2493 1305 2583 planum
1352 2494 1604 2571 faciunt,
1654 2514 1796 2559 eum
1844 2493 2044 2559 nihilo
2091 2494 2298 2559 minus
2345 2494 2419 2559 ad
2452 2514 2583 2559 lem
2616 2495 2812 2619 eccle-

572 2592 700 2657 siae
748 2590 1084 2671 orientaliS,
1135 2612 1319 2676 quam
1372 2593 1446 2657 ad
1495 2592 1840 2657 Romanam
1891 2593 2221 2677 pertinere.

668 2707 675 2714 '
746 2700 956 2785 Atque
1002 2700 1176 2766 initio
1223 2701 1477 2785 quidem
1544 2701 1870 2766 nobiscum
1929 2705 2110 2786 grata
2167 2700 2472 2765 memoria
2517 2701 2809 2785 prosequi

572 2799 800 2864 debent
846 2797 1225 2876 orientales,
1289 2801 1456 2883 quod
1503 2798 1875 2883 praecipuus
1935 2799 2038 2864 hic
2087 2797 2289 2864 cultus
2336 2799 2545 2864 divini·
2583 2800 2812 2864 amoris

572 2916 690 2961 non
739 2896 985 2963 latuerit
1032 2897 1290 2983 eximios
1336 2896 1475 2962 illos
1523 2896 1785 2962 Sanctos
1847 2901 2032 2982 atque
2081 2897 2368 2982 egregios
2417 2897 2599 2974 virOS,
2650 2916 2808 2981 quos

574 2995 834 3064 ecclesia
881 2994 1216 3074 orientalia,
1265 3000 1334 3060 ut
1381 2996 1585 3061 verbis
1631 2995 1759 3060 Pii
1807 2995 1935 3062 ΡΡ.
1965 2995 2074 3062 ΙΧ.
2126 3002 2393 3070 utamur,
2443 3017 2667 3080 mayno
2695 3019 2794 3061 nu·

572 3083 736 3156 mero
797 3094 1018 3158 habuit
1060 3094 1313 3178 inqenio
1331 3143 1346 3171 ,
1417 3091 1681 3157 consilio
1730 3116 2034 3180 sacraque
2070 3094 2454 3179 praesertim
2500 3094 2811 3173 doctrina,

574 3191 943 3271 eruditione,
992 3189 1345 3278 eloquentia
1394 3214 1469 3255 ac
1500 3193 1992 3279 sapientissimis
2038 3193 2296 3279 scriptis
2332 3214 2814 3280 ‘mayaco-umque

572 3299 732 3354 recte
762 3288 1094 3377 factorum
1149 3300 1210 3354 et
1255 3291 1619 3354 sanctitatis
1663 3287 1876 3375 yloria
1921 3289 2202 3376 insiynes
2219 3289 2292 3375 ²).
2386 3290 2480 3355 Ex
2526 3291 2602 3356 iis
2650 3293 2811 3375 apud

574 3387 823 3469 Sacram
874 3385 1126 3455 Rituum
1177 3386 1735 3474 Congregationem
1785 3408 1935 3472 prae
1983 3389 2243 3453 caeteris
2290 3388 2624 3453 adductum
2659 3388 2812 3473 legi-

574 3506 713 3552 mus
760 3507 812 3552 s·
858 3487 1169 3553 Joanuem
1220 3484 1759 3570 Ohrysostomum,
1810 3505 1934 3568 qua
1964 3486 2040 3551 de
2069 3506 2139 3551 re
2186 3487 2325 3551 vide
2356 3487 2608 3551 citatum
2644 3507 2808 3552 com-

756 3738 797 3804 ¹)
835 3735 1009 3791 Editio
1045 3736 1115 3804 5„
1153 3735 1457 3809 Oenipoute‚
1494 3735 1635 3790 Libr.
1672 3735 2042 3805 Wagneriana.
2083 3735 2238 3790 1885.
2283 3765 2347 3774 —
2387 3733 2529 3802 Quae
2556 3736 2621 3790 ad
2647 3736 2812 3805 ipsam

574 3815 859 3876 doctrinam
893 3821 1050 3888 atque
1088 3817 1203 3871 inde
1241 3817 1306 3872 ad
1346 3816 1467 3870 festi
1505 3817 1809 3886 mysterium
1846 3820 2105 3886 spectant,
2158 3832 2220 3870 ea
2258 3816 2309 3869 in
2346 3816 2504 3870 breve
2542 3819 2813 3870 contracta

574 3897 786 3955 seorsim
823 3898 1053 3953 dedimus
1090 3897 1184 3951 sub
1208 3897 1389 3951 titulo:
1433 3897 1540 3951 Cor
1562 3895 1699 3950 Jesu
1737 3896 1910 3950 divini
1931 3895 2315 3965 Redemptor-is
2338 3896 2539 3950 Nostri
2560 3895 2814 3949 caritatis

572 3977 885 4046 symbolum,
923 3993 1077 4048 quum
1114 3978 1314 4032 scilicet
1350 3976 1628 4031 Germania
1666 3975 1922 4030 catholica
1957 3975 2164 4030 Summo
2202 3974 2438 4029 Pontifici
2475 3975 2567 4029 Pio
2594 3974 2694 4029 ΡΡ.
2722 3974 2811 4029 ΙΧ.

575 4059 899 4128 supplicavit,
938 4063 998 4112 ut
1022 4059 1074 4112 in
1101 4060 1399 4114 memoriam
1425 4059 1543 4113 anni
1570 4058 1656 4112 25.
1682 4057 2021 4111 Pontificatus
2047 4057 2127 4112 sui
2147 4057 2339 4127 expleti
2366 4057 2556 4111 festum
2577 4057 2666 4111 SS.
2690 4057 2811 4111 Cor-

575 4140 651 4194 dis
698 4140 826 4196 Jesu
883 4139 949 4194 ad
1000 4140 1158 4194 ritum
1207 4140 1342 4210 dupl.
1394 4141 1444 4193 1.
1494 4139 1676 4193 classis
1730 4154 1824 4208 pro
1875 4137 2118 4193 universa
2155 4137 2390 4192 Ecclesia
2445 4137 2679 4192 elevaret
2732 4135 2812 4189 die

574 4221 658 4278 16.
695 4221 835 4279 Junii
872 4236 956 4278 an.
998 4222 1154 4276 1871.
1211 4220 1385 4275 Editio
1411 4221 1580 4280 altera
1605 4220 1848 4289 apparuit
1867 4217 2152 4288 Oeniponte
2190 4218 2329 4288 typis
2353 4215 2812 4281 FelicianiRauch,

572 4316 701 4358 anuo
740 4302 899 4357 1872.

662 4431 667 4437 .
746 4381 800 4448 ²)
841 4381 1125 4437 Constitut.
1163 4375 1404 4436 Romani
1425 4380 1723 4451 Pontifices
1760 4379 1882 4434 edit.
1909 4379 1959 4432 6.
1987 4378 2216 4432 Januarii
2247 4377 2401 4440 1862,
2442 4378 2585 4446 quus
2610 4380 2812 4444 partem

564 4463 671 4532 jam
707 4462 1032 4517 exhibuimus
1071 4465 1109 4513 t.
1149 4463 1198 4514 1.
1237 4477 1320 4530 pp.
1360 4459 1771 4516 ΧΧΙΧ-ΧΧΧ.
