3514 5391
855 521 963 579 704
1512 523 1690 580 Annus
1726 521 2108 581 ecdeoiuticus
2143 519 2444 594 Coptorum.

857 717 1074 788 coptici
1114 719 1355 776 tabulas
1403 734 1477 775 ex
1512 714 1701 775 variis
1739 715 1978 775 scriniis
2015 716 2288 789 Aegypti
2338 722 2514 790 atque
2553 716 2918 791 Aethiopiae
2970 716 3097 777 ‹mi-

853 803 1070 868 genter
1108 798 1386 857 discussis
1422 797 1485 855 in
1520 814 1661 855 usus
1686 796 2025 871 praesentis
2062 796 2238 868 huJus
2277 797 2474 870 operis
2523 797 3032 855 concinnatumm.

1034 886 1238 946 Rmus
1276 886 1519 961 praesul
1558 886 1709 959 quod
1748 891 1958 960 sponte
1996 902 2105 944 sua
2140 886 2568 944 liberalissime
2607 891 2748 945 erat
2781 885 3096 959 pollicitua

857 982 970 1023 non
1008 966 1105 1034 ita„
1134 968 1316 1026 multo
1350 972 1516 1041 post,
1570 966 1796 1025 illustri
1846 965 2151 1039 legatione
2202 965 2510 1041 pontificia
2561 967 2639 1024 ad
2677 967 3098 1041 imperatorem

852 1043 1220 1120 Aethiopiae
1258 1046 1376 1105 rite
1398 1046 1860 1118 administrata,
1901 1046 2264 1119 amplissime
2301 1046 2626 1121 praestitit.
2689 1046 2918 1106 Lector
2939 1062 3099 1116 vero,

851 1126 1389 1199 heortologicarum
1428 1143 1626 1184 rerum
1667 1127 1931 1198 cupidus,
1970 1126 2069 1198 qui
2106 1128 2369 1200 pretioso
2409 1127 2558 1185 dono
2597 1144 2729 1185 mox
2755 1133 2850 1185 est
2872 1141 3099 1192 usurus,

855 1207 997 1264 exili
1034 1207 1170 1266 huic
1209 1209 1361 1266 libro
1390 1224 1463 1265 ex
1489 1207 1700 1279 animo,
1739 1212 1899 1279 puto,
1937 1208 2364 1279 gratulabitur,
2402 1208 2553 1280 quod
2581 1224 2712 1265 eum
2735 1224 2849 1266 nec
2872 1205 3099 1265 infideli

852 1304 981 1345 nec·
1002 1289 1170 1361 segni
1210 1304 1391 1361 opera
1442 1303 1550 1346 sua
1600 1287 1842 1359 dignum
1890 1287 2131 1345 duxerit
2168 1287 2478 1359 Antistes,
2536 1288 2633 1361 qui
2689 1289 2748 1345 in
2787 1289 3100 1361 longinquo

856 1365 1104 1427 Oriente
1144 1367 1434 1442 singulari
1474 1367 1729 1440 ingenio,
1769 1367 2044 1426 doctrina
2084 1368 2305 1427 eximia
2339 1385 2452 1427 nec
2488 1368 2582 1426 his
2609 1369 2847 1427 dotibus
2885 1367 3100 1443 impari

852 1448 1079 1507 virtute
1119 1450 1360 1507 eminet.

1033 1546 1234 1606 Decet
1271 1563 1446 1618 sane,
1500 1551 1567 1604 ut
1602 1545 1776 1604 Rmi.
1811 1546 2073 1605 auctoris
2111 1563 2253 1619 opus
2306 1547 2432 1605 sine
2470 1546 2597 1606 ulla
2633 1547 2966 1606 mutatione
3005 1563 3100 1604 ex·

851 1629 1134 1688 hibeatur
1171 1630 1495 1702 integrum,
1548 1628 1723 1701 quale
1777 1629 1852 1685 ab
1902 1627 2037 1701 ipsa
2088 1627 2217 1701 eius
2256 1628 2580 1701 scriptione
2617 1627 2873 1701 prodiit3
2929 1642 3098 1699 prae·

854 1709 1049 1767 missis
1086 1715 1292 1767 tamen
1328 1708 1534 1782 paucis
1587 1708 1937 1780 quibusdam
1976 1709 2171 1767 titulis
2211 1709 2527 1779 librorum,
2583 1709 2642 1766 in
2683 1709 2892 1781 quibus
2929 1707 3100 1780 hujus

851 1788 1090 1860 generis
1129 1790 1443 1864 literarum
1481 1793 1786 1847 amatores
1819 1787 2003 1848 facile
2041 1790 2378 1862 reperient,
2429 1806 2580 1862 quae
2630 1791 2708 1847 ad
2747 1789 3000 1848 Sanctos
3039 1789 3098 1845 in

850 1870 1226 1928 Kalendario
1267 1870 1495 1944 coptico
1534 1870 1761 1927 relatos
1800 1875 2092 1942 spectant.
2167 1869 2232 1929 Si
2273 1871 2460 1943 igitur
2498 1871 2861 1929 commodum
2895 1868 3097 1928 fuerit.

852 1955 1149 2022 poterunt,
1176 1956 1423 2023 praeter
1447 1949 2075 2023 martyrologium
2102 1967 2359 2009 roman.
2389 1957 2454 2008 et
2478 1950 2631 2009 Men
2649 1967 2778 2009 aea
2802 1967 3095 2022 graeca,

853 2046 1030 2088 unum
1070 2030 1403 2089 alterumve
1444 2048 1515 2088 ex
1553 2031 1646 2089 his
1686 2031 1964 2104 operibus
2004 2033 2332 2091 consulere.

850 2155 1053 2214 Acta
1091 2153 1206 2213 SS.
1245 2154 1600 2213 Bolland.
1640 2155 1892 2229 passim3
1932 2154 2280 2216 nominatim
2305 2173 2448 2216 vero
2479 2155 2715 2213 stactat.
2741 2158 2810 2213 de
2837 2157 3094 2212 Patr-iar·

992 2236 1110 2292 chis
1145 2236 1566 2303 Alexandrinis,
1602 2236 1852 2311 praeflx.
1890 2245 2048 2296 tomo
2084 2239 2136 2297 7.
2176 2237 2374 2310 Junii;
2427 2243 2491 2297 et
2530 2236 2739 2297 Octob.
2777 2245 2819 2297 t.
2861 2239 2947 2308 12,
2994 2237 3091 2296 ubi

995 2316 1205 2376 Sancti
1241 2316 1576 2391 Aethiopes
1627 2317 1820 2376 doctis
1871 2319 2315 2378 commentariis
2353 2320 2766 2391 illustrantur,
2822 2319 3090 2377 nimirum

991 2413 1175 2452 novem
1214 2397 1556 2453 christianae
1582 2398 1725 2470 fidei
1761 2403 2170 2469 propagatores
2219 2399 2336 2474 (pp.
2374 2400 2717 2472 329—337);
2770 2401 2925 2456 Tecla
2961 2399 3092 2454 Hai—

996 2479 1248 2545 manoth,
1309 2479 1475 2538 vitae
1524 2479 1894 2538 monasticae
1946 2480 2317 2539 instaurator
2366 2479 2486 2555 (pp.
2524 2480 2867 2552 383—388);
2937 2479 3093 2536 Galeb

993 2559 1346 2630 (Elesbaan),
1371 2576 1479 2618 rex
1500 2559 1865 2633 Aethiopiae
1893 2560 2010 2635 (pp.
2031 2561 2379 2633 297—328);
2419 2567 2496 2630 et,
2535 2577 2827 2635 quos-cum
2849 2559 3092 2619 Aethio·

991 2638 1162 2712 pibus
1199 2656 1486 2714 praesens
1530 2639 1640 2699 hoc
1682 2640 2123 2701 Kalendarium
2162 2642 2313 2701 dicit
2355 2646 2600 2711 sanctos,
2657 2640 2885 2701 fratres
2924 2657 3091 2715 reges

992 2721 1215 2775 Abreha
1275 2727 1338 2778 et
1374 2721 1599 2776 Aebeha
1650 2721 1772 2796 (pp.
1808 2722 2153 2794 264—266):
2218 2724 2462 2798 propria
2514 2723 2698 2782 etiam
2748 2723 3090 2796 quaestione

995 2799 1290 2872 instituta,
1327 2801 1624 2860 undenam
1662 2804 1918 2875 venerit,
1973 2810 2040 2862 ut
2078 2804 2190 2863 duo
2230 2804 2334 2862 isti
2372 2821 2548 2877 reges
2590 2805 2664 2862 ab
2692 2803 3091 2876 Aethiopibus

994 2881 1113 2938 sint
1150 2888 1210 2939 et
1250 2881 1528 2955 discipuli
1567 2884 1764 2942 sancti
1805 2883 2145 2943 Frumentii
2185 2885 2402 2944 crediti
2443 2891 2507 2943 et
2531 2884 2890 2943 Sanctorum
2920 2883 3090 2942 fastis

995 2961 1284 3035 adscripti
1323 2960 1403 3036 (p.
1440 2962 1590 3034 308).

850 3053 1233 3109 Asseman.
1275 3051 1460 3125 Step
1475 3052 1531 3109 h.
1572 3052 1798 3112 Evod.
1839 3055 2120 3110 Commeat
2135 3056 2190 3109 in
2219 3056 2500 3126 &aaran
2529 3056 2740 3126 θυρίον.
2781 3053 3088 3125 (Biblioth.

854 3160 857 3165 ·
990 3130 1207 3188 Medic.
1259 3131 1654 3194 Laurentian.
1710 3140 1775 3192 et
1809 3133 2076 3194 Palatin.
2113 3135 2385 3194 Florent.
2426 3137 2592 3202 1742,
2647 3154 2741 3211 pp.
2781 3135 3088 3203 164—1873

991 3211 1274 3269 similiter
1294 3213 1451 3287 apud
1470 3213 1609 3286 Mai,
1648 3213 1938 3288 Scriptor.
1969 3222 2158 3275 veter.
2190 3233 2343 3275 nova
2370 3216 2521 3287 coll„
2550 3223 2594 3275 t.
2614 3218 2667 3281 4,
2689 3234 2784 3291 pp.
2802 3215 3087 3287 93—121).

852 3299 1340 3360 Wiistenfeld
1376 3302 1446 3361 F.
1497 3304 1895 3375 Synaxarium,
1942 3306 2047 3360 das
2082 3306 2173 3371 ist,
2224 3306 2753 3376 Heiliqenlcalender
2799 3306 2903 3361 der
2938 3306 3088 3376 copti·

990 3380 1154 3435 schen
1195 3381 1470 3450 Christen,
1510 3401 1613 3442 sex
1651 3385 1882 3458 priores
1920 3401 2153 3447 menses
2192 3387 2612 3459 complectens.
2675 3385 2896 3458 Gotha,
2937 3385 3087 3444 1879.

847 3467 1143 3529 Ludolf.
1183 3470 1229 3529 J
1244 3473 1344 3532 ob.
1402 3474 1763 3530 Commentar.
1801 3475 1878 3529 ad
1912 3476 2106 3531 histor.
2149 3477 2451 3547 aethiopia,
2486 3475 2878 3534 Francofurti
2905 3476 2982 3535 ad
3001 3474 3089 3544 n„

994 3550 1160 3619 1691;
1212 3558 1276 3609 et
1324 3553 1513 3625 prImo
1561 3554 1799 3627 quidem
1850 3556 1917 3611 de
1953 3572 2136 3612 novem
2175 3557 2313 3612 viris
2347 3558 2556 3612 sanctis
2581 3558 2724 3630 fidei
2756 3557 3089 3612 christianae

990 3630 1045 3684 in
1085 3632 1372 3702 Aethiopia
1396 3636 1864 3705 propaqatoribus
1899 3634 2019 3709 (pp.
2055 3636 2384 3708 282—284)‚
2423 3637 2520 3710 qui
2560 3645 2699 3696 sunt
2735 3638 3086 3708 ἐννεάμθμοι

992 3716 1551 3853 πατέὲεὸἒὲίὲἒζπεςῑ
1603 3717 1816 3775 deinde
1867 3734 2009 3775 vero
2047 3718 2211 3773 Fasti
2243 3719 2399 3774 sacri
2445 3718 2705 3774 ecclesiae
2741 3719 3087 3791 aethiopicae,

848 3808 1168 3953 Hyggrn
1187 3887 1266 3940 at
1300 3883 1378 3942 Η.
1420 3885 1533 3940 Les
1570 3888 1733 3942 Actes
1769 3886 1868 3941 des
1905 3888 2159 3958 Martyrs
2195 3887 2263 3942 de
2299 3888 2571 3959 lqupte,
2608 3890 2749 3945 tires
2785 3889 2884 3945 des
2908 3903 3084 3943 mann-

989 3962 1156 4017 scrits
1204 3968 1383 4034 copies
1430 3966 1498 4021 de
1547 3967 1603 4021 la
1650 3968 2031 4037 Bibliotheque
2083 3969 2334 4023 Vaticane
2388 3972 2442 4023 et
2491 3970 2567 4023 da
2617 3971 2810 4026 Masc‘e
2861 3972 3082 4043 Borqia.

989 4042 1188 4101 Paria
1226 4044 1280 4102 Ι
1286 4062 1485 4119 ernux,
1525 4048 1683 4105 1886.

848 4130 1081 4192 Vitae
1121 4132 1465 4206 Patrum,
1506 4136 1663 4209 apud
1700 4136 2331 4209 Migne‚Patr01.1at.
2371 4144 2441 4198 tt.
2479 4138 2711 4198 73-74.

848 4220 1142 4281 Selden.
1181 4223 1227 4282 J
1243 4241 1395 4282 oan.
1436 4226 1524 4280 De
1560 4227 1856 4298 synedriis.
1895 4226 2497 4301 Francofurti,·1696‚
2535 4229 2671 4288 Lib.
2708 4232 2761 4289 3.
2801 4246 2851 4289 c.
2885 4231 2972 4289 19.

848 4311 885 4367 d
903 4328 934 4369 e
970 4311 1024 4369 L
1040 4329 1077 4369 a
1090 4330 1131 4385 g
1146 4329 1182 4370 a
1197 4330 1230 4370 ι·
1246 4315 1283 4371 d
1299 4332 1330 4371 e
1368 4313 1421 4372 P
1439 4332 1475 4373 a
1488 4315 1575 4375 ul.
1633 4316 1955 4371 orientalia.
2021 4317 2129 4372 Die
2164 4318 2476 4388 koptaschen
2513 4319 2953 4392 Handschristen
2988 4319 3081 4373 der

990 4394 1276 4463 Gottinqer
1316 4395 1631 4451 Bibliotheh·
1667 4395 2176 4470 (Abhandlungen
2215 4399 2326 4457 der
2362 4397 2695 4459 Gesellsch.
2736 4401 2789 4460 d.
2824 4401 3078 4459 Wissen·

990 4472 1265 4532 schaften
1302 4491 1376 4532 zu
1416 4474 1763 4549 Gottingen,
1801 4476 2029 4549 XXIV,
2071 4478 2246 4549 1879).
