3514 5391
849 530 950 581 100
1489 525 1647 582 Festa.
1684 527 1891 582 mobilia
1930 528 1978 582 in
2017 527 2440 598 Quadragesima.

2754 644 2867 649 ..⁶⁴-
2928 642 3083 649 -.-—————

833 728 1129 791 ⁴stitutum
1175 728 1503 804 existimat,
1566 734 1636 790 ut
1681 727 1985 792 memoria
2028 728 2183 810 ejus,
2248 748 2427 811 quae,
2491 730 2543 793 si
2591 731 2759 795 diem
2806 731 3088 814 martyrii

844 825 1038 889 secuti
1087 830 1312 902 essent,
1364 843 1548 908 saepe
1597 825 1798 889 omitti
1846 843 1921 889 ex
1959 823 2061 889 illa
2106 825 2247 910 lege
2277 825 2615 905 debuisset,
2665 827 2927 893 sabbato
2958 830 3087 913 pri-

844 941 982 989 mae
1021 923 1400 1006 jeJuniorum
1447 920 1878 987 hebdomadae
1927 924 2256 1006 quotannis
2304 944 2415 1007 pro
2460 926 2571 989 <17.
2603 924 2926 992 Februarii
2977 946 3086 991 an-

841 1040 998 1085 nexa
1045 1019 1398 1086 haberetur.

1018 1129 1105 1192 At
1152 1128 1203 1192 si
1251 1127 1734 1207 consideremuS,
1786 1150 1832 1193 S.
1881 1128 2160 1194 Nectarii
2208 1120 2552 1194 homiliam
2588 1152 2711 1196 non
2758 1133 2844 1197 ita
2892 1132 3085 1198 multo

843 1232 984 1310 post
1030 1227 1222 1291 fuisse
1269 1228 1747 1310 pronuntiatam,
1801 1228 1976 1311 sique
2024 1227 2378 1313 diligentius
2427 1231 2869 1307 examinemuS,
2927 1251 3087 1315 quae

842 1326 918 1389 de
968 1326 1184 1389 eodem
1234 1331 1454 1389 eventu
1517 1331 1661 1408 post
1709 1326 2037 1390 Baronii
2104 1324 2342 1390 Annal.
2409 1326 2497 1388 ad
2555 1351 2659 1393 an.
2709 1331 2859 1395 362.
2924 1329 3088 1393 inter

843 1428 1117 1489 caeteros
1147 1424 1394 1507 scripsit
1427 1424 1480 1487 G
1504 1423 1775 1488 alland
1797 1444 1916 1500 us,
1982 1423 2265 1487 Veterum
2290 1424 2416 1487 PP.
2449 1422 2748 1506 biblioth„
2798 1432 2948 1492 tom.
2983 1427 3084 1495 14.

841 1524 1128 1607 Append.
1157 1543 1214 1606 p.
1242 1522 1282 1585 6
1304 1522 1374 1605 ¹),
1426 1522 1624 1599 facile,
1663 1523 1900 1606 opinor,
1934 1524 2155 1606 cuique
2189 1528 2502 1606 appareat,
2553 1523 2847 1607 pleraque
2877 1525 3084 1588 omnia

843 1626 1228 1705 argumenta,
1278 1620 1504 1703 quibus
1553 1622 1922 1685 narrationis
1971 1622 2305 1685 auctoritas
2352 1620 2674 1686 Morcellio
2723 1622 2947 1687 elevari
2976 1612 3085 1686 'vi-

842 1720 1038 1794 detur,
1090 1719 1473 1783 sufficienter
1520 1738 1657 1782 esse
1703 1723 1961 1784 remota.
2065 1718 2292 1783 Verum
2358 1718 2509 1783 haec
2558 1719 2882 1799 mittimu8‚
2942 1720 3085 1804 quia

842 1819 944 1900 qui
994 1815 1332 1901 pleniorem
1384 1817 1461 1880 de
1509 1817 1584 1880 iis
1614 1817 1897 1881 notitiam
1931 1817 2393 1893 desideraverit,
2444 1818 2520 1880 ad
2551 1817 2770 1882 citatos
2803 1824 3087 1883 auctores

841 1935 1160 1980 recurrere
1209 1915 1465 1998 poterit.‘
1515 1952 1598 1960 —
1665 1914 1897 1979 Eorum
1948 1915 2079 1979 loco
2128 1916 2551 1999 fragmentum
2609 1917 2917 2001 synaxarii
2964 1916 3085 1981 diei

846 2015 946 2079 17.
996 2013 1320 2078 Februarii
1381 2034 1455 2077 ex
1503 2014 1873 2079 Menaeis
1937 2015 2263 2079 commode
2326 2013 2428 2077 hic
2491 2014 2839 2100 subjectum
2906 2020 3085 2099 puta-

841 2113 1022 2190 veriS,
1072 2113 1236 2196 quod
1282 2111 1399 2176 iste
1447 2117 1652 2178 textus
1698 2112 2043 2197 liturgicuS,
2093 2113 2244 2177 dum
2274 2113 2490 2177 aedem
2539 2113 2601 2177 in
2634 2133 2758 2197 qua
2784 2112 3090 2179 hodierna

841 2211 1142 2276 solemnia
1187 2211 1667 2296 peragebantur,
1719 2231 2010 2294 expresse
2059 2212 2364 2295 designat,
2425 2215 2670 2296 gratam
2717 2211 3085 2276 memoriam

841 2309 1286 2396 religiosissimi
1339 2309 1618 2391 ejusdem
1668 2310 1939 2375 auctoris
1986 2311 2048 2374 in
2096 2329 2343 2374 omnem
2376 2310 2803 2395 posteritatem
2833 2310 2915 2374 sit
2945 2330 3085 2394 pro-

841 2413 1197 2493 pagaturus
1279 2407 1376 2472 En
1421 2408 1611 2494 igitur
1659 2412 1938 2473 extrema
1983 2407 2291 2492 synaxarii
2322 2409 2539 2473 verba:
2599 2406 2891 2471 Τελεῖται
2938 2404 3011 2470 δὲ
3053 2405 3089 2494 ἡ

843 2504 1037 2570 αὐτοῦ
1083 2503 1340 2585 σύναξις
1387 2503 1455 2569 ἐν
1499 2510 1593 2590 τῷ
1639 2504 1974 2590 ἁγιωτάτῳ
2024 2504 2220 2570 αὐτοῦ
2262 2500 2587 2591 μαρτυρίᾳ)
2609 2557 2623 2585 ,
2683 2509 2777 2590 τῷ
2832 2503 2971 2569 ὄντι
3018 2498 3087 2568 ἐν

839 2610 978 2681 τοῖς
1028 2599 1443 2692 Σφωρακίου,
1507 2602 1576 2669 ἐν
1621 2609 1713 2689 τῷ
1760 2603 2075 2689 σαββάτῳ
2135 2608 2245 2691 τῆς
2292 2602 2548 2690 πρώτης
2606 2608 2737 2689 τῷν
2782 2608 3085 2691 νηστειῶν

841 2699 1222 2788 ἑβδομάδος,
1272 2699 1380 2767 ὅτε
1424 2702 1531 2768 καὶ
1580 2701 1653 2768 τὸ
1682 2699 1912 2787 θαῦμα
1940 2701 2151 2786 γέγονε
2177 2701 2336 2788 παρ’
2362 2701 2557 2768 αὐτοῦ
2579 2707 2709 2767 τῶν
2736 2700 3080 2784 κολλύβων,

840 2801 1192 2888 ῥυσαμένου
1248 2801 1363 2866 τὸν
1409 2799 1772 2886 ὄρθόδοξον
1817 2799 1976 2864 λαὸν
2023 2800 2093 2866 ἐκ
2138 2806 2249 2890 τῆς
2293 2800 2725 2889 μεμιασμένης
2782 2798 3084 2886 βρώσεως

839 2905 968 2966 τῶν
1012 2896 1481 2966 εἰδωλοθύτων.
1556 2901 1671 2966 Est
1695 2904 1899 2965 autem
1934 2899 2318 2986 Sphoracius
2344 2921 2452 2966 seu
2480 2900 2847 2987 Sporacius,
2896 2898 3081 2982 hujus

841 3001 1054 3085 templi
1088 3001 1386 3078 conditor,
1438 2999 2090 3084 maynvficentissimus
2118 2999 2228 3063 ille
2262 3024 2336 3063 ac
2364 2999 2855 3084 ylorioaiseimus
2885 3020 3081 3062 comes

843 3084 1380 3163 devotissimorum
1441 3098 1917 3163 domesticorum
1979 3095 2046 3184 (ὃ
2091 3095 2781 3183 μεγαλοπρεπέστατος
2822 3094 2935 3160 καὶ
2981 3094 3082 3159 ἐν·

843 3195 1192 3277 δοξότατος
1236 3195 1434 3283 κόμης
1477 3201 1608 3260 τῶν
1654 3195 2161 3279 καθοσιωμένων
2207 3190 2652 3282 ὅομεστίκων),
2703 3195 2878 3279 cujus
2917 3194 3084 3259 clara

842 3298 1093 3362 omnino
1142 3301 1203 3360 et
1249 3296 1503 3361 illustris
1550 3298 1849 3361 memoria
1897 3303 1992 3361 est
2037 3291 2197 3383 inter
2240 3294 2727 3382 yloviosissimos
2773 3291 3087 3379 ἄρχοντας

844 3394 1097 3461 Concilii
1150 3394 1674 3461 Chalcedonensis
1723 3397 1867 3460 anni
1907 3396 2057 3470 451,
2109 3399 2176 3458 ut
2224 3395 2431 3461 videre
2479 3400 2574 3458 est
2602 3394 2663 3458 in
2692 3393 2870 3458 Actis
2918 3394 3083 3476 apud

843 3495 1202 3568 Hardouin.,
1255 3494 1470 3558 concil.
1522 3502 1562 3560 t.
1614 3495 1674 3570 2,
1725 3516 1828 3578 pp.
1878 3494 1984 3570 53,
2036 3494 2165 3558 273
2214 3498 2275 3558 et
2320 3494 2471 3559 381.

1019 3601 1135 3658 His
1189 3601 1260 3657 de
1313 3616 1460 3658 vera
1508 3601 1740 3658 ratione
1798 3600 2122 3657 hodiernae
2175 3595 2574 3657 solemnitatis
2627 3598 2899 3657 breviter
2948 3615 3082 3672 pro-

840 3681 1050 3752 positis
1091 3689 1417 3738 extremam
1459 3687 1654 3753 notam
1712 3698 1784 3737 ex
1829 3680 2086 3752 antiquis
2122 3679 2515 3737 Kalendariis
2568 3680 2937 3752 desumptam
2980 3680 3081 3737 ad-

834 3761 1091 3832 jicimuS‚
1130 3779 1321 3835 quam,
1360 3761 1498 3834 quia
1536 3779 1608 3820 ex
1647 3761 2038 3819 monumentis
2077 3761 2329 3818 nondum
2370 3760 2428 3817 in
2459 3759 2787 3818 Occidente
2816 3760 3082 3829 vulgatis

843 3842 1185 3912 desumitur,
1242 3842 1339 3899 hic
1391 3842 1523 3899 ideo
1562 3840 1834 3916 proferre
1887 3858 2000 3899 non
2052 3841 2225 3915 parvi
2274 3842 2564 3898 interesse
2616 3841 2883 3911 videtur,
2941 3841 3082 3914 quia

843 3930 1042 3980 nostro
1080 3922 1188 3980 hoc
1226 3929 1492 3994 tempore
1531 3923 1840 3980 levissima
1879 3939 2140 3994 quaeque.
2181 3940 2213 3979 e
2240 3921 2635 3990 bibliotheciS‚
2674 3928 2884 3979 vetera
2912 3922 3080 3979 modo

843 4004 978 4074 sint,
1017 4005 1076 4059 in
1115 4003 1307 4060 lucem
1347 4010 1671 4074 emergunt.

1018 4083 1115 4140 De
1143 4102 1187 4140 ε.
1214 4082 1524 4141 Theodoro
1553 4084 1736 4156 igitur
1767 4083 2193 4142 animadvertit
2220 4083 2261 4140 S
2279 4085 2567 4154 sergius,
2609 4082 3079 4141 archimandrita

841 4181 1059 4221 russus.
1099 4164 1156 4220 in
1197 4165 1399 4234 Polnyi
1431 4165 1783 4233 mbsjacosloc
1820 4166 2034 4218 vostoka
2053 4164 2116 4234 ²),
2169 4171 2304 4222 tom.
2343 4164 2394 4233 2,
2436 4182 2485 4236 p.
2525 4164 2610 4220 55.
2665 4162 2793 4232 ejus
2842 4164 2902 4220 in
2941 4181 3076 4221 non-

1024 4405 1067 4474 ²)
1120 4407 1314 4474 Relege
1363 4423 1494 4476 quae
1550 4407 1611 4459 de
1665 4407 1760 4459 hoc
1807 4407 2119 4460 Kalendario
2177 4423 2203 4459 e
2256 4405 2508 4460 Martinov
2573 4407 2892 4459 enotavimus
2949 4413 2986 4459 t.
3030 4408 3073 4470 1,

657 4565 670 4576 ι
747 4564 758 4576 .
788 4511 800 4522 ·
843 4505 924 4557 pp.
963 4485 1467 4541 XXXV—XXXVI.
