3514 5391
843 484 951 539 416
1430 485 1436 491 '
1557 484 1717 540 Festa
1751 485 1962 540 mobilia
1996 492 2115 556 post
2150 469 2368 541 paseha.

1163 697 1329 737 serra
1365 684 1546 736 sectae
1580 686 1723 736 sunt.
1764 713 1829 720 -
1869 682 1949 737 Et
1982 682 2158 737 Mosis
2192 683 2457 737 eremitae
2493 700 2565 738 ex
2599 683 2815 754 aymine
2851 688 2907 738 e!
2928 684 3097 739 Carei

1163 762 1449 831 martyris.
1473 794 1533 800 —
1568 763 1644 817 ΕΙ
1665 781 1711 817 s.
1738 764 2014 829 Danielis,
2037 764 2313 833 principis
2331 763 2519 819 Scetes
2543 767 2596 818 et
2619 765 2878 819 Danielis
2890 765 3091 835 proph.

878 843 930 900 6.
958 842 1124 914 Maji.
1164 842 1265 896 SS.
1304 842 1507 897 Nocati
1552 846 1608 897 et
1641 843 1921 898 Demetrii
1968 846 2022 898 et
2056 859 2164 897 soc.
2221 875 2281 882 —
2336 845 2415 900 Et
2458 863 2504 899 3.
2542 844 2644 898 Job
2678 845 2844 915 justi.
2900 875 2967 885 -—
3018 846 3095 899 Et

1166 941 1241 977 33.
1281 923 1472 993 Serqii
1504 927 1559 977 et
1593 924 1809 978 Bacchi
1840 927 2005 978 matut

880 1003 1122 1075 7.Maj1.
1162 1004 1220 1058 S.
1263 1004 1454 1058 Crucis
1490 1004 1765 1074 apparitio
1802 1004 1857 1058 in
1897 1004 2061 1059 coelis
2096 1004 2515 1074 Hierosolymis.
2555 1036 2619 1043 —
2660 1006 2739 1059 Et
2774 1005 3097 1075 Theopompi

1167 1101 1244 1154 ep.
1283 1087 1448 1138 mart.
1490 1114 1553 1121 —-
1595 1084 1674 1138 Et
1710 1085 1902 1139 Aeacii
1933 1089 2096 1139 mart.
2136 1115 2202 1122 —
2244 1086 2323 1139 Et
2358 1086 2494 1140 alibi
2527 1067 2696 1156 cfpost.

878 1165 930 1222 8.
959 1164 1124 1235 Maji.
1161 1165 1397 1218 Joannis
1433 1164 1823 1233 annyelisiae
1861 1168 1915 1219 et
1949 1165 2233 1234 Deiparae
2274 1170 2328 1220 et
2364 1167 2592 1220 Arsenii
2625 1167 2820 1235 Mayni
2853 1167 2972 1221 abb.

879 1247 932 1303 9.
958 1245 1122 1317 Maji.
1164 1245 1374 1300 Esaiae
1399 1244 1598 1314 proph.
1638 1275 1703 1282 —
1745 1245 1821 1298 Et
1856 1245 2036 1299 Probi
2067 1249 2232 1301 mart.
2274 1277 2339 1284 —-
2378 1247 2457 1301 Et
2490 1264 2536 1300 s.
2578 1247 2867 1301 Pachomii
2900 1247 3018 1300 abb.

846 1327 930 1384 10.
956 1325 1120 1398 Maji.
1161 1325 1431 1380 Simeonis
1471 1325 1770 1390 Cananaei,
1808 1326 1998 1396 Apost.

845 1409 931 1463 11.
961 1405 1123 1477 Maji.
1167 1404 1456 1459 Coronatio
1494 1405 1835 1474 Euphemiae
1870 1409 2033 1459 tnart.
2079 1436 2137 1443 —-
2178 1405 2257 1459 Et
2292 1406 2611 1461 Barnabae.
2652 1438 2715 1445 -
2766 1408 2844 1462 ΕΙ
2880 1407 3098 1476 Abqari

1164 1487 1316 1555 regis
1364 1489 1418 1539 et
1455 1485 1634 1538 Adaei
1667 1485 1912 1554 apostoli.
1967 1516 2031 1523 ——
2084 1486 2162 1540 Et
2198 1486 2419 1541 Elisaei
2467 1487 2843 1556 Aquilonm·is.
2896 1517 2962 1524 -—
3015 1486 3095 1541 Et

1163 1566 1342 1620 Bassi
1375 1569 1428 1619 et
1465 1565 1756 1618 Susannae
1793 1565 2009 1619 sororis
2046 1567 2184 1634 ejus.

847 1647 929 1705 12.
956 1646 1120 1719 Maji.
1159 1646 1217 1701 S.
1254 1645 1447 1700 Jacobi
1479 1645 1747 1700 Nisibeni.
1778 1676 1843 1683 —
1885 1646 1961 1699 Et
1986 1646 2287 1716 Epiphanii
2309 1647 2545 1718 episcopi
2572 1647 2752 1718 Cypri.
2779 1677 2838 1684 --
2864 1646 2923 1700 S.
2946 1647 3091 1700 Aea·

1163 1726 1341 1780 eaelis
1375 1728 1540 1779 mari.

847 1810 931 1866 13.
958 1807 1123 1880 Maji.
1162 1808 1220 1862 S.
1257 1806 1526 1860 Methodii
1560 1823 1642 1875 ep.
1680 1809 1734 1860 et
1768 1810 1931 1861 mart.
1971 1837 2035 1845 —
2079 1808 2157 1861 Et
2190 1807 2354 1863 Isaac
2391 1808 2662 1862 Doctoris.

851 1890 929 1948 14.
957 1888 1122 1959 Maji.
1162 1889 1443 1956 Egressus
1479 1886 1662 1940 Adaei
1695 1904 1784 1956 ap.
1835 1904 1906 1940 ex
1944 1887 2178 1942 Edessa.
2236 1915 2302 1926 ——·
2352 1889 2428 1942 Et
2463 1887 2674 1942 Isidori
2716 1890 2769 1941 ei
2806 1887 3097 1942 Pachomii

1167 1971 1220 2022 et
1258 1967 1547 2036 Glyceriae
1583 1971 1746 2021 mart.

845 2050 929 2106 15.
957 2047 1123 2119 Maji.
1160 2047 1382 2101 Festum
1420 2047 1706 2117 Deiparae
1741 2047 1819 2101 ad
1853 2047 2079 2102 aristas.
2121 2078 2181 2085 —
2230 2048 2417 2102 Obitus
2451 2066 2497 2103 s.
2537 2049 2813 2104 Samuelis
2848 2049 3090 2104 Cariam.

1166 2131 1221 2182 et
1255 2127 1373 2181 abb.
1419 2127 1933 2181 Tabennesiotarum
1989 2131 2042 2181 et
2079 2128 2375 2197 Bochtjesu
2413 2132 2576 2183 mart.
2619 2159 2683 2166 —
2722 2129 2801 2182 Et
2837 2130 3003 2184 Isaac
3038 2133 3095 2182 et

1164 2209 1380 2263 Simeon
1419 2207 1745 2261 Persarum.

846 2290 927 2349 16.
956 2287 1120 2360 Maji.
1159 2287 1354 2342 12000
1389 2291 1446 2340 et
1466 2288 1744 2358 Ebedjesu
1783 2305 1862 2357 ep.
1903 2317 1967 2326 —-
2008 2288 2085 2342 Et
2107 2305 2153 2342 s.
2186 2288 2471 2356 Theodori,
2506 2288 2694 2359 discip.
2719 2307 2764 2343 3.
2787 2290 3089 2344 Pachomii.

724 2434 727 2437 ⁴
844 2370 928 2428 17.
955 2369 1119 2441 Maji.
1156 2367 1340 2422 Judae
1376 2368 1643 2438 Apostoli,
1670 2368 1890 2439 fratris
1924 2368 2117 2422 Jacobi
2150 2372 2205 2422 'et
2238 2368 2476 2433 Joannis
2509 2370 2648 2436 (sie),
2700 2373 2752 2423 et
2788 2369 3094 2423 Andronici

1162 2452 1331 2519 apost.
1369 2465 1441 2502 ex
1476 2449 1839 2518 septuayinia.

847 2531 929 2589 18.
957 2530 1077 2603 Maj
1088 2530 1123 2588 i.
1163 2530 1221 2584 S.
1258 2530 1425 2584 Petri
1458 2533 1514 2583 et
1545 2545 1653 2584 soc.
1692 2533 1857 2583 mart.

846 2612 930 2670 19.
957 2611 1123 2683 Maji.
1164 2611 1222 2666 S.
1262 2610 1497 2665 Patritii
1530 2626 1610 2680 ep.
1649 2612 1704 2663 et
1738 2625 1845 2664 soe.
1891 2641 1951 2649 —
1991 2610 2071 2665 Et
2105 2610 2382 2681 Ayrippae
2418 2615 2581 2665 mart.

840 2692 925 2753 20.
955 2691 1120 2765 Maji.
1163 2693 1410 2761 Quatuor
1443 2691 1849 2761 Eranqelistae.
1874 2722 1938 2729 —
1960 2691 2038 2746 Et
2074 2691 2258 2745 Marci
2298 2691 2663 2746 Parmakitae.
2688 2722 2751 2729 -
2774 2690 2851 2745 Et
2876 2691 3091 2747 Eulalii

1162 2772 1554 2828 misericordis.

840 2854 927 2913 21.
955 2853 1117 2926 Maji.
1162 2853 1503 2908 Constantini
1535 2853 1890 2923 imperatoris
1926 2854 2152 2923 esusque
2184 2853 2383 2907 matris
2406 2853 2673 2907 Helenae.
2713 2884 2771 2890 —
2818 2853 2897 2907 Et
2919 2854 3085 2908 Atha·

1162 2933 1312 2989 nasii
1324 2974 1341 3000 ,
1405 2934 1501 3002 qui
1547 2934 1857 3004 aedificavit
1905 2935 2295 2989 monasterium
2354 2933 2661 2988 Telbesmae
2716 2936 2771 2987 ei
2817 2934 3087 2988 Simeonis

839 3095 926 3154 22.
953 3094 1118 3168 Maji.
1156 3017 1427 3149 ZZZ-‘113⁶‘-
1458 3097 1642 3161 mart„
1669 3094 1786 3165 filii
1818 3094 2033 3148 sororis
2075 3094 2343 3148 Theodori
2374 3096 2661 3165 martyris.
2706 3125 2764 3132 —
2805 3094 2885 3148 Et
2907 3093 3084 3149 Judae

838 3256 926 3313 23.
954 3254 1118 3327 Maji.
1155 3177 1369 3309 ffiyjttl}
1402 3258 1565 3308 mart.
1606 3284 1670 3292 —
1713 3255 1790 3308 Et
1825 3255 2115 3310 Michaelis
2152 3272 2231 3326 ep.
2270 3257 2409 3327 cons.

838 3336 926 3393 24.
956 3335 1122 3407 Maji.
1161 3335 1537 3390 Plurimorum
1588 3340 1895 3407 martyrum
1953 3340 2007 3390 et
2055 3337 2288 3391 Eusebii
2335 3337 2695 3391 Samosateni.
2767 3367 2830 3374 —
2902 3336 3083 3389 Obilus

1159 3433 1206 3470 s.
1244 3415 1517 3470 Simeonis
1553 3416 1946 3487 thaumaturyi.

836 3497 926 3556 25.
952 3496 1117 3567 Maji.
1155 3496 1214 3551 S.
1252 3496 1521 3550 Sosontis.
1563 3527 1628 3534 —
1669 3497 1749 3550 Εἰ
1782 3497 1949 3551 tertia
1987 3498 2220 3552 inventio
2257 3514 2372 3568 cap.
2408 3498 2567 3552 Joan.
2600 3498 2765 3567 Bapt.

838 3578 927 3636 26.
957 3577 1124 3650 Maji.
1167 3577 1336 3646 Carpi
1370 3579 1542 3646 apost.
1580 3593 1652 3630 ex
1692 3577 1782 3631 70.

837 3657 1395 3729 27.Maji.l‹1c··ayni
1429 3660 1484 3710 et
1519 3657 1756 3728 Alyarii.

838 3738 926 3795 28.
955 3737 1118 3810 Maji.
1163 3737 1350 3791 Obitus
1385 3753 1431 3790 3.
1471 3738 1733 3805 Aaronis‚
1771 3738 1910 3792 hora
1946 3738 2126 3793 9.d1·e
2163 3739 2527 3794 Pentecostes.

834 3820 923 3878 29
954 3818 1116 3891 Maji
1161 3819 1449 3872 Coronatio
1487 3817 1651 3873 Petri
1685 3819 2088 3885 Alexandrini,
2138 3820 2235 3889 qni
2266 3822 2426 3889 rupto
2450 3819 2675 3889 pariete
2712 3817 2863 3871 exiit.
2905 3847 2966 3856 -
3007 3815 3080 3870 E!

1158 3898 1274 3951 318
1310 3899 1564 3953 Patr-um.

836 3978 925 4036 30.
952 3978 1118 4049 Maji.
1157 3979 1434 4047 Eutychia·
1470 3979 1602 4034 disc.
1639 3997 1685 4033 3.
1722 3980 1885 4034 Joan.
1927 3981 2115 4051 Apost.

836 4061 923 4117 31.
953 4059 1117 4133 Maji.
1155 4059 1427 4114 Hermeni
1459 4064 1643 4126 mart„
1680 4061 1771 4115 cui
1781 4061 2133 4130 propinatum
2161 4064 2244 4115 est
2269 4056 2524 4116 cenenum
2550 4061 2916 4131 mortiferum,
2950 4060 3073 4126 quin

1158 4139 1411 4194 damnum
1450 4144 1686 4210 caperet.

1277 4300 1512 4359 Festa
1553 4302 1867 4361 mobilia
1905 4306 2236 4377 tempore.
2273 4302 2643 4377 paschali.

1015 4425 1207 4484 Iidem
1247 4424 1487 4498 Syriaci
1528 4426 1782 4485 Codices
1823 4427 2107 4487 Vaticani
2146 4428 2400 4501 tempori
2438 4428 2707 4500 paschali
2759 4444 2861 4486 seu
2898 4424 3071 4499 Quin·

837 4506 1217 4578 quagesimae
1270 4506 1545 4564 laetitiae
1591 4507 1683 4580 (Τῇ
1721 4512 2073 4579 Πεντηκοστξ
2110 4508 2481 4577 χαρμοσύνῳ)
2536 4516 2781 4581 praeter
2834 4521 3071 4586 coqlme·
