3514 5391
827 501 1082 574 Κυριακὴ
1120 506 1211 570 τῆς
1249 507 1481 574 τυρινῆς.
1538 501 1806 561 Dominica
1842 502 2324 577 Quinquagesimae.
2633 508 2705 565 65

406 610 2177 627 —-.-——,———————-—-—-—

407 700 530 759 Ad
572 703 1249 778 archiepiscopos
1302 712 1378 763 et
1415 704 1823 842 episscopos
1876 705 2205 765 ditionis
2244 707 2703 781 temporalis

1333 786 1552 859 ponti
1606 785 1816 844 iciae

1260 908 1428 963 super
1463 891 1895 948 bacchanalibus.

1025 1019 1675 1071 BENEDIOTUS
1729 1021 1871 1072 1³1².
1922 1020 2127 1073 XIV.

647 1162 1014 1216 Venerabiles
1048 1160 1288 1215 Fratres
1324 1160 1568 1215 Salutem
1610 1165 1664 1216 et
1700 1162 2064 1232 Apostolicam
2101 1163 2559 1218 Benedictionem.

615 1287 800 1346 Inter
840 1295 1054 1346 cetera
1088 1288 1241 1344 bene
1281 1287 1483 1353 multa,
1542 1304 1691 1359 qnae
1731 1286 1859 1347 Nos
1892 1288 2281 1348 vehementer
2319 1292 2701 1349 commovent,

448 1385 614 1441 quum
653 1368 722 1427 in
757 1369 875 1427 hoc
911 1367 1136 1426 Nostro
1172 1367 1514 1441 pontificiae
1555 1368 1799 1426 ditionis
1847 1373 2011 1426 statu
2046 1368 2446 1426 bacchanalia
2481 1367 2702 1424 tolera·

451 1465 586 1517 mue,
627 1449 744 1507 duo
782 1451 1116 1522 praecipua
1154 1445 1307 1519 sunt,
1348 1449 1421 1506 de
1460 1449 1669 1522 quibus
1706 1449 2114 1522 religiosiores
2159 1449 2399 1522 quidam
2437 1448 2701 1519 eiusdem

453 1528 690 1588 ditionis
729 1529 997 1603 episcopi
1033 1528 1356 1589 Nobiscum
1413 1534 1519 1587 aut
1565 1530 1768 1588 verbis
1818 1534 2198 1602 praesentes,
2259 1537 2366 1589 aut
2418 1531 2700 1587 absentes

453 1609 720 1683 epistolis
760 1611 1072 1683 conquesti
1110 1615 1263 1668 sunt.
1321 1609 1588 1668 Primum
1614 1611 1765 1670 illud
1797 1617 1905 1677 est,
1945 1611 2096 1683 quod
2121 1611 2390 1684 vigiliae,
2429 1611 2700 1681 choreae,

452 1690 572 1748 ludi
608 1690 830 1749 ultima
867 1691 1394 1749 bacchanaliorum
1431 1697 1606 1750 nocte
1636 1691 1939 1750 celebrari
1965 1693 2128 1749 soliti
2153 1709 2266 1750 non
2293 1692 2481 1751 semel
2514 1707 2700 1763 usque

454 1771 529 1828 ad
564 1771 822 1845 primum
864 1771 1380 1845 Quadragesimae
1434 1772 1759 1831 diluculum
1809 1773 2237 1845 producantur,
2290 1772 2380 1830 ita
2424 1778 2494 1831 ut
2529 1773 2702 1833 multi

453 1852 586 1918 sint,
625 1851 728 1924 qui
768 1852 843 1910 ab
882 1851 1217 1924 hujusmodi
1242 1852 1493 1923 choreis,
1530 1852 1704 1924 1111118,
1741 1852 1970 1925 vigiliis
1998 1852 2390 1925 discedentes,
2430 1852 2702 1926 deposita

453 1931 686 2003 quidem
723 1932 919 1997 larva,
969 1932 1183 1992 iisdem
1219 1950 1363 1993 vero
1400 1933 1595 1992 induti
1630 1934 1916 2000 vestibus,
1971 1933 2179 2006 quibus
2216 1934 2700 2007 personati‘qua·

453 2028 565 2085 qua
593 2028 808 2071 versus
832 2019 1268 2087 processerant,
1295 2014 1614 2072 ecclesiam
1643 2015 1915 2082 subeant,
1944 2013 2163 2071 divinis
2190 2014 2492 2087 mysteriis
2517 2014 2702 2074 inter-

453 2094 585 2164 sint,
625 2109 835 2152 sacros
887 2093 1121 2152 cineres
1160 2095 1233 2153 de
1273 2111 1434 2152 more
1474 2094 1804 2168 accipiant3
1857 2094 2086 2152 domum
2126 2095 2341 2153 deinde
2378 2096 2701 2155 redeuntes

454 2173 771 2245 dormiant,
809 2175 1155 2248 plerumque
1192 2180 1376 2234 totum
1417 2192 1591 2233 mane
1627 2175 1807 2249 primi
1845 2174 2378 2247 quadragesimalis
2414 2176 2551 2247 diei,
2590 2193 2699 2235 nec

455 2253 734 2313 dubitent
771 2255 1109 2328 episcopum
1148 2256 1369 2314 nimiae
1395 2255 1745 2315 severitatis
1774 2271 2049 2328 arguere,
2087 2255 2138 2315 si
2170 2256 2368 2329 palam
2397 2267 2699 2329 queratur,

453 2350 522 2393 ac
557 2340 683 2393 tum
723 2335 1012 2407 maxime,
1063 2336 1116 2393 si
1150 2336 1529 2409 poenavelit
1565 2336 1769 2409 aliqua
1819 2335 1881 2393 in
1919 2336 1981 2393 id
2020 2336 2284 2395 criminis
2324 2338 2698 2397 animadver-

451 2422 600 2474 tere.
675 2415 803 2476 Nos
840 2415 993 2475 illud
1043 2415 1258 2474 deinde
1297 2423 1649 2483 commovet,
1704 2416 1858 2490 quod
1908 2416 1969 2474 111
2008 2417 2241 2488 aliquas
2280 2423 2474 2475 status
2513 2420 2699 2477 eecle-

452 2497 687 2556 siastici
726 2496 1009 2555 civitates
1059 2504 1167 2555 aut
1201 2497 1473 2571 irrepere
1511 2498 1820 2569 videatur,
1876 2504 1981 2554 aut
2016 2497 2221 2571 paucis
2274 2498 2488 2556 abhinc
2529 2499 2698 2556 annis

454 2577 771 2651 irrepserit
805 2594 1099 2652 perversa
1142 2578 1292 2637 haec
1332 2579 1716 2645 consuetudo,
1749 2577 1917 2651 'quae
1957 2579 2250 2636 mordicus
2290 2582 2698 2649 conservatur,

449 2666 517 2718 ut
550 2658 730 2718 festis
781 2674 1009 2733 quoque
1049 2658 1258 2717 diebus
1295 2660 1601 2733 personati
1638 2659 1905 2717 homines
1954 2664 2389 2732 pervagentur:
2448 2661 2698 2720 circula-

454 2749 612 2807 tores
641 2746 860 2808 autem,
891 2745 956 2798 et
979 2740 1043 2799 id
1061 2740 1299 2812 generis
1331 2741 1674 2799 blaterones
1701 2740 1917 2811 majori
1936 2745 2335 2814 spectatorum
2355 2740 2699 2814 frequentia

453 2821 658 2880 diebus
695 2818 892 2893 festiS,
931 2837 1104 2893 quam
1144 2819 1458 2880 ferialibus
1485 2822 1759 2896 populum
1786 2820 2174 2892 ludifaciant3
2214 2821 2426 2880 iisdem
2466 2824 2695 2882 demum

453 2902 658 2962 diebus
698 2902 1076 2974 saltationes»,
1129 2909 1192 2960 et
1228 2903 1480 2962 choreae
1517 2903 1754 2977 publice
1807 2919 1879 2960 ac
1915 2919 2025 2976 per
2062 2919 2346 2960 summam
2385 2903 2693 2962 licentiam

453 2983 856 3042 celebrentur.

607 3064 825 3122 ‘Primi
860 3069 930 3133 ut
968 3065 1184 3122 abusus
1220 3065 1591 3138 perversitas
1629 3065 1995 3130 ostendatur,
2044 3065 2210 3121 nulla
2246 3080 2488 3137 prorsus
2525 3080 2697 3136 argu-

454 3144 818 3202 mentatione
858 3160 1004 3217 opus
1043 3151 1151 3215 est,
1193 3160 1323 3202 cum
1362 3145 1491 3202 sola
1528 3144 1692 3202 illius
1731 3143 2209 3202 commemoratio
2234 3145 2391 3202 tanti
2417 3145 2698 3202 momenti

453 3224 568 3295 sit,
609 3231 677 3283 ut
717 3227 792 3282 ab
833 3241 903 3283 eo
943 3224 1286 3300 cujusquam
1339 3225 1559 3284 debeat
1605 3225 1834 3283 animus
1886 3225 2229 3282 abhorrere.
2304 3224 2389 3282 Et
2425 3225 2695 3295 quoniam

453 3303 705 3379 illorum,
745 3307 846 3379 qui
884 3304 1149 3364 criminis
1175 3312 1399 3379 partes,
1439 3322 1510 3363 ac
1536 3305 1674 3364 vitii
1703 3305 2015 3372 sustinent,
2052 3305 2162 3363 hoc
2190 3306 2345 3363 solet
2368 3321 2698 3378 propugna-

455 3387 641 3445 culum
683 3403 820 3445 esse
855 3386 1188 3460 maximum,
1230 3386 1560 3459 complures
1598 3403 1809 3458 nempe
1849 3385 2150 3458 episcopos
2178 3383 2452 3442 extitisse
2479 3385 2700 3443 sancti-

453 3473 577 3526 tate
619 3467 1016 3536 elarissimos,
1066 3467 1165 3538 qni
1210 3467 1363 3525 haec
1414 3484 1542 3525 eum
1582 3473 1931 3536 cernerent,
1980 3471 2332 3532 tacuerunt,
2383 3463 2507 3523 Nos
2544 3463 2696 3523 facti

453 3546 757 3620 ejusmodi,
796 3547 951 3620 quod
988 3563 1304 3620 perperam
1344 3548 1687 3620 plerumque
1728 3546 2036 3613 asseritur,
2076 3562 2184 3603 nec
2223 3545 2535 3618 evincitur,
2584 3562 2697 3604 non

452 3627 800 3700 inquirimus
839 3626 1192 3698 veritatem,
1245 3633 1309 3685 et
1346 3627 1683 3699 argumenti
1721 3627 1851 3684 loco
1890 3642 2022 3684 esse
2062 3626 2327 3684 ducimus
2366 3626 2698 3699 responsio-

451 3725 580 3766 nem
619 3707 1059 3767 celeberrimae
1101 3707 1408 3779 eujusdum
1447 3707 1783 3765 catholicae
1823 3706 2254 3772 universitatiS,
2294 3722 2444 3778 quae
2480 3713 2699 3778 rogata

449 3788 812 3847 sententiam
852 3787 926 3846 de
968 3787 1216 3860 quodam
1253 3786 1410 3846 festo
1437 3787 1707 3847 scandali
1736 3788 1928 3860 pleno,
1968 3787 2120 3860 quod
2148 3787 2324 3859 vulgo
2340 3789 2632 3858 fatuorum
2654 3788 2696 3855 ¹)

475 3901 560 3908 --...0

632 3960 671 4028 ¹)
713 3960 913 4015 Diebus
953 3974 1024 4013 ss.
1062 3957 1311 4028 Stephani
1349 3959 1764 4030 protomartyriS,
1802 3958 2016 4014 Joannis
2044 3959 2398 4026 evangelistae
2437 3963 2591 4028 atque
2617 3957 2697 4012 In-

349 4107 354 4116 ,
448 4044 736 4097 nocentium
774 4041 1037 4111 agebatur
1054 4066 1082 4105 ,·
1118 4040 1361 4094 adhibitis
1409 4040 1691 4094 larvarum
1729 4040 1992 4094 monstris
2041 4038 2277 4108 aliisque
2313 4039 2572 4094 ecclesiae
2607 4039 2698 4094 ho-

448 4127 704 4179 nestatem
743 4119 1163 4192 inquinantibus
1186 4120 1634 4191 turpitudinibus,
1669 4121 2091 4192 quemadmodum
2117 4121 2169 4173 in
2187 4122 2305 4190 Jure
2331 4136 2479 4174 sacro
2506 4120 2699 4188 legitur

449 4203 500 4258 C.
541 4204 710 4272 Quum
751 4203 1008 4258 decorem
1050 4202 1132 4255 12.
1170 4201 1235 4256 X.
1288 4201 1350 4256 116
1388 4202 1497 4256 vita
1546 4206 1601 4256 et
1637 4202 1911 4256 honestate
1964 4201 2266 4255 clericorum
2318 4200 2428 4266 (III,
2471 4203 2575 4268 1).⁴
2618 4200 2696 4255 De

444 4285 532 4340 hoc
582 4286 722 4341 festo
775 4284 948 4339 multa
995 4283 1315 4337 cumularunt
1362 4283 1659 4337 canonistae
1712 4283 1764 4336 in
1811 4283 1916 4337 suis
1966 4282 2031 4336 ad
2068 4282 2387 4351 praedictum
2425 4280 2482 4334 C.
2525 4280 2696 4345 Quum

438 4365 682 4423 decorem
743 4363 1152 4423 commentariis.
1238 4363 1340 4418 Sed
1393 4368 1448 4417 et
1496 4364 1669 4434 plures
1719 4364 1807 4417 alii
1847 4362 1982 4417 docti
2018 4362 2116 4416 viri
2154 4367 2514 4430 argumentum
2551 4361 2698 4414 novis

437 4448 822 4504 accessionibus
879 4445 1163 4510 auxerunt3
1215 4445 1353 4498 inter
1389 4461 1515 4515 quos
1553 4449 1791 4514 praestat
1829 4443 1891 4497 G.
1932 4443 1998 4497 M.
2039 4442 2320 4508 Dreves,
2371 4442 2457 4511 qui
2494 4446 2695 4508 cuncta,

538 4551 588 4598 N
598 4549 789 4615 illan,
832 4539 1243 4609 Ἐορτολόγιον,
1281 4547 1355 4594 11.
1422 4546 1565 4600 Edit.
1603 4560 1708 4594 sec.
2449 4541 2483 4590 ἶ)
