3514 5391
398 639 448 646 ...-

394 727 489 792 21.

393 932 490 997 22.

391 1040 486 1106 23.

390 1246 489 1313 24.

389 1353 486 1419 25.

389 1460 487 1525 26.

386 1763 487 1830 27.

388 1970 491 2038 28.

390 2078 490 2146 29.

389 2284 494 2352 30.

443 2646 496 2713 l.

436 2751 498 2816 2.

437 2859 501 2924 3.

436 2967 501 3033 4.

438 3173 501 3241 5.

443 3282 505 3349 6.

446 3487 506 3553 7.

1270 517 1556 575 Junius-J
1560 516 1708 572 nlius·
2505 506 2536 559 7
2541 503 2575 558 ·2

1759 623 2056 631 -—-———.-..-——
2081 622 2134 627 -.—
2151 619 2477 627 ῌ-ῲ-ᾐν
2504 619 2566 623 —.-*

556 726 847 791 Obdormss
892 743 946 792 s.
974 720 1295 787 'Cerdonis
1342 717 1512 784 Patr.
1562 714 1739 780 Alex.
1790 713 1877 760 -’-
1928 708 2249 776 Dedicatio
2295 704 2583 771 Ecclesia·

556 823 826 908 Virginis
873 820 1178 905 Deiparae
1225 819 1286 883 in
1335 818 1488 881 u'rbe
1536 813 1740 879 Atrib.

557 931 849 998 Obdorm.
902 948 986 996 ss.
1036 926 1300 993 Cosmae
1347 927 1408 988 et
1443 920 1735 988 Damiani
1785 938 1927 985 cum
1964 921 2159 981 matre
2206 918 2268 979 et
2298 912 2583 978 fratribus

557 1038 850 1104 Obdorm.
902 1036 1064 1100 abba
1086 1032 1233 1099 Nub
1283 1029 1657 1116 presbyteri,
1707 1022 2084 1092 confessoris
2114 1022 2260 1088 fidei
2308 1020 2423 1085 sub
2460 1018 2583 1083 Dio

557 1138 838 1204 cletianO.

558 1245 852 1311 Obdorm.
902 1241 1147 1327 Moysis
1194 1238 1497 1323 aethiopis
1545 1238 1608 1302 et
1652 1239 1891 1320 septem
1940 1231 2200 1297 fratrum
2251 1227 2404 1309 ejus.

555 1353 818 1437 Martyr.
869 1371 918 1418 8.
966 1349 1169 1414 ,Iudae
1217 1367 1292 1413 ex
1339 1346 1423 1411 72
1470 1343 1811 1429 discipulis·

558 1460 801 1527 Oomm.
846 1455 1106 1523 Proclae
1151 1456 1361 1522 uxoris
1408 1452 1592 1518 Pilati
1623 1451 1691 1536 ι).
1741 1488 1825 1498 -
1877 1447 2118 1514 Comm.
2166 1445 2360 1511 Josue
2408 1448 2470 1508 et
2498 1448 2583 1509 sta

557 1559 744 1624 tionis
790 1556 957 1718 sollis.
1008 1595 1094 1603 —-
1143 1553 1384 1621 Oomm.
1424 1551 1832 1618 dedicationis
1865 1547 2185 1614 Ecclesiae
2233 1564 2282 1611 8.
2316 1541 2583 1610 Gabrieli

559 1657 874 1742 archange
904 1676 940 1722 ι.

561 1764 858 1830 Obdorm.
911 1761 1190 1827 Ananiae
1238 1758 1513 1844 episcopi
1563 1756 1885 1834 Damasci,
1945 1754 2049 1839 qui
2111 1749 2375 1817 Paulum
2424 1749 2583 1833 bapti

562 1864 743 1929 zavit.

565 1971 864 2036 Obdorm.
914 1989 964 2035 8.
1012 1966 1314 2032 Pani-aeni
1361 1964 1632 2031 doctoris
1679 1962 1933 2030 scholae
1981 1958 2437 2040 alexandtinae.

563 2077 830 2242 glartyr.
895 2076 1058 2141 abba
1118 2074 1305 2151 Hori,
1371 2072 1553 2138 Pesei
1619 2077 1681 2137 et
1741 2070 2100 2136 eorumdem
2154 2068 2369 2132 matris
2428 2063 2583 2129 The(

609 2196 774 2243 orae.

566 2285 878 2351 Nativitas
927 2281 1187 2349 Joannis
1235 2280 1571 2365 Baptistae.

1240 2503 1451 2576 Epip.
1525 2502 1786 2561 Julius,

574 2641 838 2727 Martyr.
888 2661 937 2708 8.
988 2639 1337 2708 Febroniae
1384 2645 1446 2707 et
1494 2661 1543 2706 8.
1594 2639 1984 2706 Saturninae.

575 2750 837 2836 Martyr.
887 2750 1205 2817 Thaddaei
1251 2751 1474 2835 Apost.

578 2859 875 2926 Obdorm.
925 2857 1137 2944 cyrilli
1186 2863 1343 2944 patr.
1393 2856 1573 2926 Alex.

578 2965 875 3130 Olliglogm.
924 2987 973 3034 8.
1028 2965 1361 3032 Coelestini
1408 2985 1506 3051 ep.
1550 2965 1833 3031 Romani.
1883 3002 1969 3012 --
2018 2962 2256 3030 Gomm.
2285 2960 2583 3047 'Sophoniz

580 3085 850 3258 {laftyn
894 3172 1064 3240 Petri
1112 3177 1174 3238 et
1218 3172 1414 3251 Pauli,
1464 3143 1814 3258 principum
1862 3170 2324 3257 Apostolorum.

583 3280 849 3444 gdaftyr.
900 3279 1160 3364 Elymae
1206 3280 1384 3346 Pauli
1432 3301 1505 3346 ex
1557 3281 1640 3345 72
1688 3279 2027 3363 discipulis,
2063 3317 2149 3325 —
2178 3278 2335 3343 ltem
2366 3299 2416 3345 8.
2447 3278 2581 3343 The

629 3398 816 3445 osiae.

581 3485 840 3651 Ngaftyr.
891 3506 941 3552 8.
991 3486 1129 3551 Lini
1178 3508 1273 3571 ep.
1326 3487 1607 3565 Romani,
1671 3486 2054 3552 successoris
2116 3488 2410 3573 principis
2474 3487 2583 3571 Ap·

588 3605 618 3651 s
649 3607 684 3651 o
711 3606 911 3652 orum.

451 3693 514 3761 8.
589 3691 883 3760 Obdorm.
934 3715 985 3762 8.
1034 3690 1235 3762 Pesei.
1285 3733 1370 3742 -
1419 3661 1685 3780 Martyr.
1719 3694 2002 3761 Abiromi
2032 3700 2096 3761 et
2123 3693 2335 3760 Atomi
2365 3694 2583 3761 fratrm

416 4052 593 4059 ..ψ-

589 3828 677 3837 —-
726 3789 1022 3859 Obdorm.
1051 3791 1196 3878 Cyri
1247 3791 1557 3871 monachi,
1608 3792 1820 3859 fratris
1866 3795 2198 3860 Theodosii
2241 3795 2583 3877 imperatori

592 3925 676 3937 -—
724 3889 990 3975 Martyr.
1042 3889 1268 3957 Pimin.

802 4052 840 4061 -ο

596 4156 638 4226 ¹)
672 4157 730 4212 In
765 4157 928 4213 sacris
964 4158 1070 4212 suis
1106 4157 1258 4212 fastis
1293 4151 1575 4229 Aethiopes
1611 4159 1855 4213 maritum
1901 4163 1955 4212 et
1991 4174 2202 4214 uxorem
2240 4161 2387 4215 simul
2425 4174 2583 4215 comm

417 4244 647 4305 morant;
686 4238 932 4293 Pilatum
952 4239 1174 4309 quidem,
1209 4240 1342 4310 quod
1372 4239 1560 4294 laverit
1585 4256 1766 4294 manus
1792 4240 1843 4292 in
1869 4239 2073 4308 signum
2098 4239 2417 4296 innocentiae
2444 4242 2583 4297 Chris

420 4317 676 4374 Proclam
713 4335 856 4391 vero,
906 4320 1038 4392 quod
1077 4320 1350 4374 dehortata
1389 4321 1545 4375 fuerit
1582 4322 1840 4375 maritum.
1916 4319 2102 4377 Graeci
2140 4338 2185 4375 8.
2225 4322 2502 4383 Proetum,
2537 4337 2583 4375 cc

405 4400 598 4468 jugem
637 4399 845 4466 Pilati,
899 4401 951 4455 in
1002 4401 1229 4456 Menaeis
1278 4402 1533 4456 honorant
1583 4403 1631 4458 d.
1671 4404 1756 4458 27.
1801 4401 1982 4456 Octob.
2032 4400 2204 4455 Latini
2244 4418 2356 4455 eam
2395 4403 2583 4469 ignora

422 4478 537 4534 vid.
575 4479 835 4535 Ludolf.
875 4481 939 4535 ad
977 4482 1026 4536 h.
1065 4483 1114 4537 d.

533 4588 771 4657 Nilles,
810 4586 1213 4658 Ἐορτολόγιον,
1253 4594 1327 4639 11.
1378 4592 1516 4639 Edit.
1558 4608 1660 4640 sec.
2376 4591 2445 4645 46
2512 4636 2518 4643 .
