3514 5391
1008 539 1273 608 Proprium
1314 540 1557 609 populare
1597 541 2006 610 italo-graecmn.
2469 543 2471 545 ’
2528 543 2632 595 549

395 732 580 799 κάτου
644 734 1203 818 καταλιμπάνεται
1264 738 1544 822 καθεξῆς
1605 736 1916 821 σαββάτῳ
1974 743 2085 826 τῆς
2145 736 2466 819 ἀποκρέου
2526 739 2630 803 καὶ

393 838 492 921 τῆς
537 839 807 922 τυρινῆς,
867 833 992 899 διὰ.
1021 834 1098 898 τὸ
1143 837 1361 899 ποιεῖν
1418 833 1532 922 τὴν
1585 833 1829 923 μνήμην
1873 834 2136 901 πάντων
2193 863 2217 902 τ

392 933 853 1021 κεκοιμημένων
897 937 976 1021 τῇ
1018 931 1105 1015 β’.
1155 937 1271 997 τοῦ
1321 928 1689 1027 Νοεμβρίου
1749 934 1913 999 κατὰ
1957 933 2070 1023 τὴν
2116 933 2217 1000 Ῥω

390 1032 560 1119 κλησ.
627 1030 732 1097 καὶ
793 1032 907 1118 τὴν
950 1030 1196 1120 μνήμην
1260 1029 1522 1096 πάντων
1580 1037 1707 1097 τῶν
1756 1028 1950 1116 ἁγίων
2012 1038 2123 1119 τῆς
2175 1058 2217 1098 v<

388 1134 456 1217 tf
485 1129 591 1214 ιγ’.
641 1135 758 1196 τοῦ
787 1128 983 1195 αὐτοῦ
1027 1129 1240 1219 μηνός.

562 1238 658 1303 Ex
704 1239 802 1304 his
861 1241 1046 1305 etiam
1105 1241 1499 1324 perspicuum
1567 1245 1693 1314 est,
1765 1241 1992 1304 festum
2053 1239 2217 1304 πάντ

388 1332 648 1401 damma
694 1335 1121 1425 λαμψάντων,
1186 1340 1350 1422 quod
1399 1338 1458 1402 in
1508 1338 1755 1402 Triodio
1808 1340 2217 1423 conceptivun

389 1455 519 1500 mus
571 1457 677 1520 pp.
728 1436 813 1499 38
858 1454 1081 1522 seqq„
1154 1439 1217 1501 in
1282 1436 1401 1502 hoc
1465 1437 1836 1502 Kalendario
1905 1437 2217 1525 italo-gra

389 1534 445 1598 S.
474 1533 693 1599 Basilii
733 1537 865 1620 jam
896 1537 1105 1602 sedem
1137 1541 1369 1602 certam
1418 1556 1490 1600 ac
1517 1535 1802 1601 stabilem
1835 1541 2080 1601 nactum
2117 1538 2215 1602 die

387 1632 703 1698 solemniis
746 1635 1020 1718 ipsorum
1072 1636 1335 1719 propriis
1385 1635 1841 1699 accensendum.
1891 1654 2044 1699 esse.
2125 1635 2198 1700 In

388 1734 744 1797 eorumdem
789 1733 1235 1798 monachorum
1275 1734 1462 1797 etiam
1487 1733 1666 1816 plura
1691 1733 1979 1811 Sabbata,
2032 1732 2189 1817 quae

387 1849 482 1894 res
511 1831 817 1915 quasdam
853 1831 1275 1897 solemnitates
1307 1832 1634 1916 pertinent,
1686 1833 1926 1897 dierum
1959 1838 2217 1916 concept

386 1930 751 2015 consignata
811 1931 1120 2008 videmuS,
1190 1936 1258 1995 ut
1307 1949 1483 1995 ecce:
1553 1927 1888 2011 σάββατον
1948 1927 2080 2010 πρὸ
2138 1935 2217 2017 τῇ

387 2031 530 2108 σαβ.
575 2026 742 2110 μετὰ
777 2027 890 2115 τὴν
927 2024 1201 2113 ὕψωσεν,
1252 2032 1401 2110 σαβ.
1450 2033 1578 2092 τῶν
1624 2028 2081 2114 προπατόρων,
2148 2048 2217 2092 σε

386 2128 680 2209 Χριστοῦ
726 2124 1097 2215 γεννήσεως,
1162 2131 1312 2209 σαβ.
1369 2124 1532 2209 μετὰ
1576 2125 1689 2213 τὴν
1733 2125 2051 2213 γέννησιν,
2116 2146 2217 2209 σαί

389 2221 642 2308 φώτων,
692 2228 840 2306 σαβ.
889 2223 1047 2307 μετδ
1096 2224 1178 2289 τὰ
1223 2229 1426 2312 φῶτα.

560 2351 1006 2416 Kalendarium
1056 2352 1337 2435 ejusdem
1389 2352 1636 2416 Ordinis
1685 2353 1940 2417 tandem
1972 2358 2199 2429 monet,

387 2449 445 2514 S.
498 2448 755 2513 Rituum
817 2448 1328 2535 Congregationis
1391 2449 1555 2514 edito
1615 2450 1674 2514 d.
1739 2449 1839 2514 10.
1891 2449 2190 2528 Decemb‚

390 2568 634 2613 cessam
698 2567 833 2612 esse
895 2547 1289 2630 facultatem,
1367 2548 1783 2613 transferendi
1849 2549 2078 2611 festum
2142 2570 2189 2613 s,

388 2647 548 2730 quod
580 2645 874 2712 Basiliani
908 2646 1294 2733 italo-graeci
1325 2667 1497 2713 more
1527 2646 1714 2712 latino
1751 2646 2066 2713 celebrant
2095 2646 2193 2712 die

387 2745 447 2808 in
495 2745 720 2809 feriam
770 2744 849 2812 ΙΙ.
900 2750 1039 2829 post
1085 2746 1480 2811 Dominicam
1530 2744 1638 2811 SS.
1672 2746 1989 2810 Trinitatis
2023 2750 2212 2829 tanqu

391 2844 744 2928 proprium,
814 2844 1056 2927 quoties
1103 2845 1319 2909 incidit
1374 2845 1437 2908 in
1485 2845 1879 2909 Dominicam
1925 2844 2217 2909 Pentecos

389 2943 519 3023 ejus
569 2941 896 3026 Octavam)
947 2947 1052 3008 aut
1099 2944 1161 3008 in
1211 2943 1679 3009 Solemnitatem
1730 2942 2022 3026 Corporis
2072 2942 2217 3007 Chri

566 3047 897 3114 Caeterum
963 3070 1037 3115 ex
1102 3052 1288 3134 priori
1349 3056 1517 3115 tomo
1575 3050 1819 3135 relegas
1890 3050 2073 3115 velim
2124 3072 2179 3133 p.

390 3147 727 3213 monachos
783 3152 893 3234 τῆς
944 3145 1442 3235 Κρυπτοφέῤῥης
1507 3149 1831 3233 pristinam
1895 3149 2048 3213 ritus
2109 3169 2217 3232 pur

390 3266 525 3311 csse
572 3252 945 3313 revocatam.

584 3433 810 3492 Festa
857 3434 1251 3506 popularia
1298 3435 1978 3507 Italo-graecorum
2031 3432 2217 3493 Cala]

569 3560 693 3625 Sed
756 3568 819 3625 et
885 3563 1047 3645 apud
1113 3562 1409 3627 Calabros
1476 3562 1833 3629 Latinorum
1904 3562 2202 3627 solemnia

392 3659 600 3736 fuisse,
655 3661 969 3745 proprium
1004 3662 1279 3745 ipsorum
1311 3661 1755 3726 Kalendarium
1788 3661 2072 3725 ostendit.
2154 3662 2210 3725 A

392 3758 641 3839 quidem
690 3779 813 3823 non
862 3759 1283 3826 discesserunt
1328 3760 1390 3824 in
1439 3760 1683 3824 delectu
1733 3760 1993 3835 dierum,
2046 3779 2201 3841 quos

393 3856 602 3921 moriis
651 3878 698 3922 ε.
728 3857 1013 3945 Jmffln‘,
1063 3861 1336 3922 omnium
1369 3857 1746 3922 Sanctorum
1794 3863 1854 3921 et
1873 3856 2159 3940 fidelium
2192 3857 2217 3919 α’

393 3954 781 4033 addicerent3
833 3958 943 4021 sed
994 3956 1185 4021 multa
1236 3956 1354 4021 alia
1401 3958 1563 4042 apud
1594 3958 1764 4039 ipsos
1805 3955 2082 4041 populari
2115 3956 2217 4020 dex

395 4052 537 4117 bata
583 4058 768 4135 atque
817 4057 1053 4120 adscita
1100 4056 1467 4134 invenimus,
1538 4074 1695 4139 quae
1743 4054 2031 4140 primitus
2080 4054 2216 4117 Lati

393 4156 520 4214 tum
584 4154 834 4236 propria
895 4154 1088 4219 fuisse
1150 4159 1338 4238 patet.
1448 4153 1771 4236 Ejusmodi
1836 4174 1910 4220 ex
1972 4171 2161 4215 censu

396 4251 555 4330 quod
606 4250 685 4313 ad
733 4271 982 4316 manum
1030 4253 1354 4329 habem11S‚
1406 4257 1582 4319 sunt:

572 4386 620 4496 ¹⁵¹)
660 4427 764 4482 cfr.
804 4433 922 4483 tom.
963 4432 1012 4488 1,
1053 4448 1100 4499 p.
1139 4422 1294 4485 3291

574 4506 620 4577 ²)
661 4507 765 4561 Cfr.
804 4513 924 4564 tom.
965 4513 1014 4575 1,
1054 4528 1136 4581 pp.
1174 4512 1244 4565 48
1283 4517 1336 4566 et
1375 4514 1496 4568 18⁶2.
