<?xml version="1.0" encoding="UTF-8"?>
<!DOCTYPE html PUBLIC "-//W3C//DTD XHTML 1.0 Transitional//EN"
    "http://www.w3.org/TR/xhtml1/DTD/xhtml1-transitional.dtd">
<html xmlns="http://www.w3.org/1999/xhtml" xml:lang="en" lang="en">
 <head>
  <title>
</title>
<meta http-equiv="Content-Type" content="text/html;charset=utf-8" />
  <meta name='ocr-system' content='tesseract 3.04.00' />
  <meta name='ocr-capabilities' content='ocr_page ocr_carea ocr_par ocr_line ocrx_word'/>
</head>
<body>
  <div class='ocr_page' id='page_1' title='image "./kalendariummanu00nillgoog_0045.png"; bbox 0 0 3514 5391; ppageno 0'>
   <div class='ocr_carea' id='block_1_1' title="bbox 596 512 2677 587">
    <p class='ocr_par' dir='ltr' id='par_1_1' title="bbox 596 512 2677 587">
     <span class='ocr_line' id='line_1_1' title="bbox 596 512 2677 587; baseline -0.002 -16"><span class='ocrx_word' id='word_1_1' title='bbox 596 519 834 587; x_wconf 77' lang='grc' dir='ltr'><strong><em>Κυριακὴ</em></strong></span> <span class='ocrx_word' id='word_1_2' title='bbox 874 522 981 571; x_wconf 76' lang='grc' dir='ltr'><strong><em>τοῦ</em></strong></span> <span class='ocrx_word' id='word_1_3' title='bbox 1024 517 1258 571; x_wconf 75' lang='grc' dir='ltr'><strong><em>τελώνου</em></strong></span> <span class='ocrx_word' id='word_1_4' title='bbox 1294 520 1384 569; x_wconf 78' lang='grc' dir='ltr'><strong>καὶ</strong></span> <span class='ocrx_word' id='word_1_5' title='bbox 1421 520 1521 569; x_wconf 77' lang='grc' dir='ltr'><strong><em>τοῦ</em></strong></span> <span class='ocrx_word' id='word_1_6' title='bbox 1557 519 1876 585; x_wconf 77' lang='grc' dir='ltr'><strong><em>φαρισαίου.</em></strong></span> <span class='ocrx_word' id='word_1_7' title='bbox 1936 517 2083 570; x_wconf 86' lang='lat' dir='ltr'><strong>Dom.</strong></span> <span class='ocrx_word' id='word_1_8' title='bbox 2122 521 2242 569; x_wconf 82' lang='lat' dir='ltr'><strong>ante</strong></span> <span class='ocrx_word' id='word_1_9' title='bbox 2269 515 2514 585; x_wconf 76' lang='lat' dir='ltr'><strong>Septuag.</strong></span> <span class='ocrx_word' id='word_1_10' title='bbox 2645 512 2677 566; x_wconf 77' lang='grc'><strong>9</strong></span> 
     </span>
    </p>
   </div>
   <div class='ocr_carea' id='block_1_2' title="bbox 2249 628 2422 633">
    <p class='ocr_par' dir='ltr' id='par_1_2' title="bbox 2249 628 2422 633">
     <span class='ocr_line' id='line_1_2' title="bbox 2249 628 2422 633; baseline 0 0"><span class='ocrx_word' id='word_1_11' title='bbox 2249 628 2422 633; x_wconf 95' lang='lat' dir='ltr'><strong> </strong></span> 
     </span>
    </p>
   </div>
   <div class='ocr_carea' id='block_1_3' title="bbox 422 713 2684 1983">
    <p class='ocr_par' dir='ltr' id='par_1_3' title="bbox 440 713 2681 1293">
     <span class='ocr_line' id='line_1_3' title="bbox 450 713 2677 801; baseline -0.003 -17"><span class='ocrx_word' id='word_1_12' title='bbox 450 720 727 784; x_wconf 83' lang='lat' dir='ltr'><strong>minatore</strong></span> <span class='ocrx_word' id='word_1_13' title='bbox 772 717 1131 801; x_wconf 77' lang='lat' dir='ltr'>baptizatae</span> <span class='ocrx_word' id='word_1_14' title='bbox 1158 715 1225 799; x_wconf 83' lang='lat'><strong>¹),</strong></span> <span class='ocrx_word' id='word_1_15' title='bbox 1278 714 1377 782; x_wconf 86' lang='lat' dir='ltr'><strong>alii</strong></span> <span class='ocrx_word' id='word_1_16' title='bbox 1426 714 1813 780; x_wconf 82' lang='lat' dir='ltr'><strong>Constantini</strong></span> <span class='ocrx_word' id='word_1_17' title='bbox 1862 714 2080 799; x_wconf 80' lang='lat' dir='ltr'><strong>Magni</strong></span> <span class='ocrx_word' id='word_1_18' title='bbox 2127 714 2362 780; x_wconf 85' lang='lat' dir='ltr'><strong>Romae</strong></span> <span class='ocrx_word' id='word_1_19' title='bbox 2410 736 2447 779; x_wconf 83' lang='lat' dir='ltr'><strong>a</strong></span> <span class='ocrx_word' id='word_1_20' title='bbox 2476 713 2677 782; x_wconf 67' lang='grc'><strong>3811-</strong></span> 
     </span>
     <span class='ocr_line' id='line_1_4' title="bbox 449 813 2679 900; baseline -0.001 -20"><span class='ocrx_word' id='word_1_21' title='bbox 449 820 630 880; x_wconf 82' lang='lat' dir='ltr'><strong>vestro</strong></span> <span class='ocrx_word' id='word_1_22' title='bbox 686 816 1045 900; x_wconf 78' lang='lat' dir='ltr'><strong>suscepturi</strong></span> <span class='ocrx_word' id='word_1_23' title='bbox 1102 815 1480 899; x_wconf 87' lang='lat' dir='ltr'><strong>baptismum</strong></span> <span class='ocrx_word' id='word_1_24' title='bbox 1502 813 1591 899; x_wconf 74' lang='grc'><strong>2);</strong></span> <span class='ocrx_word' id='word_1_25' title='bbox 1671 813 1950 898; x_wconf 81' lang='lat' dir='ltr'><strong>plerique</strong></span> <span class='ocrx_word' id='word_1_26' title='bbox 2012 833 2231 878; x_wconf 88' lang='lat' dir='ltr'><strong>omnes</strong></span> <span class='ocrx_word' id='word_1_27' title='bbox 2301 814 2679 879; x_wconf 82' lang='lat' dir='ltr'><strong>recentiores</strong></span> 
     </span>
     <span class='ocr_line' id='line_1_5' title="bbox 445 911 2676 998; baseline -0.001 -19"><span class='ocrx_word' id='word_1_28' title='bbox 445 915 652 980; x_wconf 80' lang='lat' dir='ltr'><strong>Graeci</strong></span> <span class='ocrx_word' id='word_1_29' title='bbox 709 914 1004 992; x_wconf 85' lang='lat' dir='ltr'><strong>tandem,</strong></span> <span class='ocrx_word' id='word_1_30' title='bbox 1068 914 1129 979; x_wconf 93' lang='lat' dir='ltr'><strong>in</strong></span> <span class='ocrx_word' id='word_1_31' title='bbox 1187 916 1530 979; x_wconf 87' lang='lat' dir='ltr'><strong>Armenam</strong></span> <span class='ocrx_word' id='word_1_32' title='bbox 1592 917 1848 998; x_wconf 83' lang='lat' dir='ltr'><strong>gentem</strong></span> <span class='ocrx_word' id='word_1_33' title='bbox 1912 911 2309 988; x_wconf 81' lang='lat' dir='ltr'><strong>calumniosi,</strong></span> <span class='ocrx_word' id='word_1_34' title='bbox 2371 912 2676 997; x_wconf 88' lang='lat' dir='ltr'><strong>jejunium</strong></span> 
     </span>
     <span class='ocr_line' id='line_1_6' title="bbox 441 1009 2681 1096; baseline -0.001 -20"><span class='ocrx_word' id='word_1_35' title='bbox 441 1013 633 1078; x_wconf 87' lang='lat' dir='ltr'><strong>luctus</strong></span> <span class='ocrx_word' id='word_1_36' title='bbox 679 1032 815 1078; x_wconf 87' lang='lat' dir='ltr'><strong>esse</strong></span> <span class='ocrx_word' id='word_1_37' title='bbox 866 1012 1446 1089; x_wconf 88' lang='lat' dir='ltr'><strong>comminiscuntur,</strong></span> <span class='ocrx_word' id='word_1_38' title='bbox 1507 1015 1762 1096; x_wconf 89' lang='lat' dir='ltr'><strong>propter</strong></span> <span class='ocrx_word' id='word_1_39' title='bbox 1808 1030 2023 1076; x_wconf 89' lang='lat' dir='ltr'><strong>canem</strong></span> <span class='ocrx_word' id='word_1_40' title='bbox 2076 1009 2275 1095; x_wconf 82' lang='lat' dir='ltr'><strong>Sergii</strong></span> <span class='ocrx_word' id='word_1_41' title='bbox 2324 1011 2598 1095; x_wconf 88' lang='lat' dir='ltr'><strong>episcopi</strong></span> <span class='ocrx_word' id='word_1_42' title='bbox 2647 1032 2681 1074; x_wconf 84' lang='lat' dir='ltr'><strong>a</strong></span> 
     </span>
     <span class='ocr_line' id='line_1_7' title="bbox 440 1109 2675 1194; baseline -0 -19"><span class='ocrx_word' id='word_1_43' title='bbox 440 1112 578 1176; x_wconf 84' lang='lat' dir='ltr'><strong>feris</strong></span> <span class='ocrx_word' id='word_1_44' title='bbox 639 1111 919 1177; x_wconf 81' lang='lat' dir='ltr'><strong>devorati</strong></span> <span class='ocrx_word' id='word_1_45' title='bbox 980 1110 1307 1188; x_wconf 88' lang='lat' dir='ltr'><strong>sancitum,</strong></span> <span class='ocrx_word' id='word_1_46' title='bbox 1376 1129 1574 1194; x_wconf 82' lang='lat' dir='ltr'><strong>eoque</strong></span> <span class='ocrx_word' id='word_1_47' title='bbox 1620 1109 1872 1176; x_wconf 88' lang='lat' dir='ltr'><strong>nomine</strong></span> <span class='ocrx_word' id='word_1_48' title='bbox 1919 1109 2188 1174; x_wconf 77' lang='lat' dir='ltr'><strong>maxime</strong></span> <span class='ocrx_word' id='word_1_49' title='bbox 2245 1111 2675 1175; x_wconf 85' lang='lat' dir='ltr'><strong>detestandum</strong></span> 
     </span>
     <span class='ocr_line' id='line_1_8' title="bbox 441 1209 1140 1293; baseline 0.001 -20"><span class='ocrx_word' id='word_1_50' title='bbox 441 1214 618 1293; x_wconf 82' lang='lat' dir='ltr'><strong>atque</strong></span> <span class='ocrx_word' id='word_1_51' title='bbox 666 1209 1140 1274; x_wconf 80' lang='lat' dir='ltr'><strong>exsecrandum.</strong></span> 
     </span>
    </p>

    <p class='ocr_par' dir='ltr' id='par_1_4' title="bbox 422 1307 2684 1983">
     <span class='ocr_line' id='line_1_9' title="bbox 608 1307 2681 1393; baseline -0.001 -20"><span class='ocrx_word' id='word_1_52' title='bbox 608 1309 768 1373; x_wconf 86' lang='lat' dir='ltr'><strong>Prae</strong></span> <span class='ocrx_word' id='word_1_53' title='bbox 803 1310 1070 1373; x_wconf 84' lang='lat' dir='ltr'><strong>caeteris</strong></span> <span class='ocrx_word' id='word_1_54' title='bbox 1102 1308 1509 1392; x_wconf 86' lang='lat' dir='ltr'><strong>scriptoribus</strong></span> <span class='ocrx_word' id='word_1_55' title='bbox 1556 1308 1677 1372; x_wconf 90' lang='lat' dir='ltr'><strong>late</strong></span> <span class='ocrx_word' id='word_1_56' title='bbox 1704 1307 1822 1373; x_wconf 92' lang='lat' dir='ltr'><strong>hoc</strong></span> <span class='ocrx_word' id='word_1_57' title='bbox 1858 1312 2291 1393; x_wconf 86' lang='lat' dir='ltr'><strong>argumentum</strong></span> <span class='ocrx_word' id='word_1_58' title='bbox 2318 1313 2681 1392; x_wconf 87' lang='lat' dir='ltr'><strong>persecutus</strong></span> 
     </span>
     <span class='ocr_line' id='line_1_10' title="bbox 437 1405 2679 1483; baseline -0 -13"><span class='ocrx_word' id='word_1_59' title='bbox 437 1413 527 1471; x_wconf 86' lang='lat' dir='ltr'><strong>est</strong></span> <span class='ocrx_word' id='word_1_60' title='bbox 584 1406 966 1483; x_wconf 86' lang='lat' dir='ltr'><strong>Isaacus‚</strong></span> <span class='ocrx_word' id='word_1_61' title='bbox 1032 1406 1464 1472; x_wconf 83' lang='lat' dir='ltr'><strong>Armeniae</strong></span> <span class='ocrx_word' id='word_1_62' title='bbox 1525 1405 1990 1471; x_wconf 89' lang='lat' dir='ltr'><strong>catholicus</strong></span> <span class='ocrx_word' id='word_1_63' title='bbox 2052 1405 2298 1471; x_wconf 89' lang='lat' dir='ltr'><strong>saeculo</strong></span> <span class='ocrx_word' id='word_1_64' title='bbox 2351 1405 2465 1483; x_wconf 80' lang='lat'><strong>12,</strong></span> <span class='ocrx_word' id='word_1_65' title='bbox 2534 1428 2679 1470; x_wconf 84' lang='lat' dir='ltr'><strong>ora-</strong></span> 
     </span>
     <span class='ocr_line' id='line_1_11' title="bbox 436 1501 2680 1589; baseline -0 -21"><span class='ocrx_word' id='word_1_66' title='bbox 436 1507 600 1571; x_wconf 74' lang='lat' dir='ltr'><strong>tione</strong></span> <span class='ocrx_word' id='word_1_67' title='bbox 646 1508 707 1569; x_wconf 90' lang='lat'><strong>1.</strong></span> <span class='ocrx_word' id='word_1_68' title='bbox 759 1515 985 1568; x_wconf 73' lang='lat' dir='ltr'><strong>contra</strong></span> <span class='ocrx_word' id='word_1_69' title='bbox 1032 1504 1384 1586; x_wconf 73' lang='lat' dir='ltr'><strong>Armenios,</strong></span> <span class='ocrx_word' id='word_1_70' title='bbox 1450 1505 1648 1589; x_wconf 84' lang='lat' dir='ltr'><strong>capite</strong></span> <span class='ocrx_word' id='word_1_71' title='bbox 1701 1505 1803 1583; x_wconf 88' lang='lat'><strong>14,</strong></span> <span class='ocrx_word' id='word_1_72' title='bbox 1855 1506 2021 1588; x_wconf 87' lang='lat' dir='ltr'><strong>quod</strong></span> <span class='ocrx_word' id='word_1_73' title='bbox 2071 1505 2459 1570; x_wconf 82' lang='lat' dir='ltr'><strong>inscribitur:</strong></span> <span class='ocrx_word' id='word_1_74' title='bbox 2521 1501 2680 1588; x_wconf 80' lang='grc' dir='ltr'><strong><em>Περὶ</em></strong></span> 
     </span>
     <span class='ocr_line' id='line_1_12' title="bbox 431 1596 2681 1690; baseline -0 -23"><span class='ocrx_word' id='word_1_75' title='bbox 431 1607 544 1690; x_wconf 81' lang='grc' dir='ltr'><strong>τῆς</strong></span> <span class='ocrx_word' id='word_1_76' title='bbox 588 1606 933 1689; x_wconf 74' lang='grc' dir='ltr'><strong><em>σατανικῆς</em></strong></span> <span class='ocrx_word' id='word_1_77' title='bbox 986 1596 1279 1688; x_wconf 79' lang='grc' dir='ltr'><strong><em>νηστείας</em></strong></span> <span class='ocrx_word' id='word_1_78' title='bbox 1322 1605 1440 1665; x_wconf 82' lang='grc' dir='ltr'><strong><em>τοῦ</em></strong></span> <span class='ocrx_word' id='word_1_79' title='bbox 1483 1596 1973 1689; x_wconf 69' lang='grc' dir='ltr'><strong><em>ἄρτζηβουρίουε</em></strong></span> <span class='ocrx_word' id='word_1_80' title='bbox 2036 1602 2140 1668; x_wconf 89' lang='lat' dir='ltr'><strong>ubi</strong></span> <span class='ocrx_word' id='word_1_81' title='bbox 2189 1602 2499 1687; x_wconf 88' lang='lat' dir='ltr'><strong>prioribus</strong></span> <span class='ocrx_word' id='word_1_82' title='bbox 2546 1623 2681 1667; x_wconf 89' lang='grc'><strong>0111-</strong></span> 
     </span>
     <span class='ocr_line' id='line_1_13' title="bbox 434 1700 2680 1786; baseline -0 -20"><span class='ocrx_word' id='word_1_83' title='bbox 434 1702 620 1767; x_wconf 90' lang='lat' dir='ltr'><strong>nibus</strong></span> <span class='ocrx_word' id='word_1_84' title='bbox 659 1702 988 1767; x_wconf 88' lang='lat' dir='ltr'><strong>sententiis</strong></span> <span class='ocrx_word' id='word_1_85' title='bbox 1022 1700 1269 1784; x_wconf 88' lang='lat' dir='ltr'><strong>rejectis</strong></span> <span class='ocrx_word' id='word_1_86' title='bbox 1317 1701 1448 1784; x_wconf 88' lang='lat' dir='ltr'><strong>(nn.</strong></span> <span class='ocrx_word' id='word_1_87' title='bbox 1480 1701 1699 1785; x_wconf 67' lang='lat'><strong>1‚-7),</strong></span> <span class='ocrx_word' id='word_1_88' title='bbox 1748 1702 2154 1786; x_wconf 87' lang='lat' dir='ltr'><strong>posteriorem</strong></span> <span class='ocrx_word' id='word_1_89' title='bbox 2205 1701 2368 1767; x_wconf 88' lang='lat' dir='ltr'><strong>hanc</strong></span> <span class='ocrx_word' id='word_1_90' title='bbox 2414 1702 2680 1766; x_wconf 89' lang='lat' dir='ltr'><strong>neoteri-</strong></span> 
     </span>
     <span class='ocr_line' id='line_1_14' title="bbox 426 1798 2684 1886; baseline -0 -22"><span class='ocrx_word' id='word_1_91' title='bbox 426 1821 647 1865; x_wconf 89' lang='lat' dir='ltr'><strong>corum</strong></span> <span class='ocrx_word' id='word_1_92' title='bbox 686 1800 970 1865; x_wconf 85' lang='lat' dir='ltr'><strong>fabulam</strong></span> <span class='ocrx_word' id='word_1_93' title='bbox 998 1799 1361 1884; x_wconf 83' lang='lat' dir='ltr'><strong>explicando</strong></span> <span class='ocrx_word' id='word_1_94' title='bbox 1396 1800 1712 1865; x_wconf 86' lang='lat' dir='ltr'><strong>artziburii</strong></span> <span class='ocrx_word' id='word_1_95' title='bbox 1734 1799 1972 1885; x_wconf 77' lang='lat' dir='ltr'><strong>Jejunio</strong></span> <span class='ocrx_word' id='word_1_96' title='bbox 2003 1798 2206 1886; x_wconf 81' lang='grc' dir='ltr'><strong><em>ληρῶν</em></strong></span> <span class='ocrx_word' id='word_1_97' title='bbox 2252 1802 2684 1865; x_wconf 86' lang='lat' dir='ltr'><strong>accommodat</strong></span> 
     </span>
     <span class='ocr_line' id='line_1_15' title="bbox 422 1898 1161 1983; baseline -0.004 -18"><span class='ocrx_word' id='word_1_98' title='bbox 422 1901 515 1965; x_wconf 89' lang='lat' dir='ltr'><strong>ita</strong></span> <span class='ocrx_word' id='word_1_99' title='bbox 561 1900 844 1965; x_wconf 81' lang='lat' dir='ltr'><strong>scribens</strong></span> <span class='ocrx_word' id='word_1_100' title='bbox 892 1921 953 1964; x_wconf 90' lang='lat' dir='ltr'><strong>n.</strong></span> <span class='ocrx_word' id='word_1_101' title='bbox 1005 1899 1045 1963; x_wconf 88' lang='lat'>8</span> <span class='ocrx_word' id='word_1_102' title='bbox 1075 1898 1161 1983; x_wconf 74' lang='lat'><strong>⁸):</strong></span> 
     </span>
    </p>
   </div>
   <div class='ocr_carea' id='block_1_4' title="bbox 424 2011 1505 2399">
    <p class='ocr_par' dir='ltr' id='par_1_5' title="bbox 424 2011 1505 2399">
     <span class='ocr_line' id='line_1_16' title="bbox 535 2011 1503 2079; baseline 0 -1"><span class='ocrx_word' id='word_1_103' title='bbox 535 2011 989 2079; x_wconf 78' lang='grc' dir='ltr'><strong><em>Ἀκουὲτωσαν</em></strong></span> <span class='ocrx_word' id='word_1_104' title='bbox 1037 2019 1242 2079; x_wconf 80' lang='grc' dir='ltr'><strong><em>ταῦτα</em></strong></span> <span class='ocrx_word' id='word_1_105' title='bbox 1288 2014 1503 2079; x_wconf 79' lang='grc' dir='ltr'><strong><em>πάντα</em></strong></span> 
     </span>
     <span class='ocr_line' id='line_1_17' title="bbox 431 2110 1499 2201; baseline -0.001 -24"><span class='ocrx_word' id='word_1_106' title='bbox 431 2110 1001 2201; x_wconf 74' lang='grc' dir='ltr'><strong><em>ψευδοπλάσματα</em></strong></span> <span class='ocrx_word' id='word_1_107' title='bbox 1054 2117 1183 2177; x_wconf 82' lang='grc' dir='ltr'><strong>τῶν</strong></span> <span class='ocrx_word' id='word_1_108' title='bbox 1231 2111 1499 2195; x_wconf 77' lang='grc' dir='ltr'><strong><em>ἀσεβῶν,</em></strong></span> 
     </span>
     <span class='ocr_line' id='line_1_18' title="bbox 424 2207 1504 2301; baseline 0.002 -28"><span class='ocrx_word' id='word_1_109' title='bbox 424 2207 481 2276; x_wconf 73' lang='grc' dir='ltr'><strong><em>οἱ</em></strong></span> <span class='ocrx_word' id='word_1_110' title='bbox 542 2209 1009 2299; x_wconf 78' lang='grc' dir='ltr'><strong><em>ψευδόχριστοι</em></strong></span> <span class='ocrx_word' id='word_1_111' title='bbox 1068 2210 1177 2276; x_wconf 83' lang='grc' dir='ltr'><strong>καὶ</strong></span> <span class='ocrx_word' id='word_1_112' title='bbox 1226 2210 1504 2301; x_wconf 80' lang='grc' dir='ltr'><strong><em>ψευδορ-</em></strong></span> 
     </span>
     <span class='ocr_line' id='line_1_19' title="bbox 424 2305 1505 2399; baseline 0 -26"><span class='ocrx_word' id='word_1_113' title='bbox 424 2308 730 2390; x_wconf 72' lang='grc' dir='ltr'><strong><em>θὸδοξοι,</em></strong></span> <span class='ocrx_word' id='word_1_114' title='bbox 782 2305 841 2373; x_wconf 71' lang='grc' dir='ltr'><strong><em>οἱ</em></strong></span> <span class='ocrx_word' id='word_1_115' title='bbox 879 2314 1110 2373; x_wconf 59' lang='lat' dir='ltr'><strong>votum»</strong></span> <span class='ocrx_word' id='word_1_116' title='bbox 1155 2308 1271 2374; x_wconf 78' lang='grc' dir='ltr'><strong>τὸν</strong></span> <span class='ocrx_word' id='word_1_117' title='bbox 1299 2319 1505 2399; x_wconf 79' lang='grc' dir='ltr'><strong><em>ψυχο-</em></strong></span> 
     </span>
    </p>
   </div>
   <div class='ocr_carea' id='block_1_5' title="bbox 1613 2017 2681 2395">
    <p class='ocr_par' dir='ltr' id='par_1_6' title="bbox 1613 2017 2681 2395">
     <span class='ocr_line' id='line_1_20' title="bbox 1721 2017 2680 2093; baseline -0.002 -11"><span class='ocrx_word' id='word_1_118' title='bbox 1721 2019 2000 2082; x_wconf 86' lang='lat' dir='ltr'><strong>Audiant</strong></span> <span class='ocrx_word' id='word_1_119' title='bbox 2069 2017 2280 2081; x_wconf 89' lang='lat' dir='ltr'><strong>omnia</strong></span> <span class='ocrx_word' id='word_1_120' title='bbox 2342 2017 2498 2093; x_wconf 84' lang='lat' dir='ltr'><strong>haec</strong></span> <span class='ocrx_word' id='word_1_121' title='bbox 2563 2018 2680 2081; x_wconf 88' lang='lat' dir='ltr'><strong>im-</strong></span> 
     </span>
     <span class='ocr_line' id='line_1_21' title="bbox 1613 2113 2680 2200; baseline 0 -20"><span class='ocrx_word' id='word_1_122' title='bbox 1613 2116 1855 2200; x_wconf 89' lang='lat' dir='ltr'><strong>piorum</strong></span> <span class='ocrx_word' id='word_1_123' title='bbox 1920 2114 2077 2179; x_wconf 79' lang='lat' dir='ltr'><strong>falsa</strong></span> <span class='ocrx_word' id='word_1_124' title='bbox 2141 2113 2473 2199; x_wconf 84' lang='lat' dir='ltr'><strong>figmenta,</strong></span> <span class='ocrx_word' id='word_1_125' title='bbox 2542 2115 2680 2180; x_wconf 86' lang='lat' dir='ltr'><strong>falsi</strong></span> 
     </span>
     <span class='ocr_line' id='line_1_22' title="bbox 1613 2212 2681 2279; baseline 0 0"><span class='ocrx_word' id='word_1_126' title='bbox 1613 2215 1881 2279; x_wconf 90' lang='lat' dir='ltr'><strong>nominis</strong></span> <span class='ocrx_word' id='word_1_127' title='bbox 1908 2212 2242 2278; x_wconf 78' lang='lat' dir='ltr'><strong>Christiani</strong></span> <span class='ocrx_word' id='word_1_128' title='bbox 2275 2233 2347 2278; x_wconf 90' lang='lat' dir='ltr'><strong>ac</strong></span> <span class='ocrx_word' id='word_1_129' title='bbox 2376 2212 2532 2278; x_wconf 86' lang='lat' dir='ltr'><strong>falso</strong></span> <span class='ocrx_word' id='word_1_130' title='bbox 2559 2214 2681 2279; x_wconf 78' lang='lat' dir='ltr'><strong>exi-</strong></span> 
     </span>
     <span class='ocr_line' id='line_1_23' title="bbox 1615 2310 2680 2395; baseline -0.001 -17"><span class='ocrx_word' id='word_1_131' title='bbox 1615 2312 1850 2378; x_wconf 86' lang='lat' dir='ltr'><strong>stimati</strong></span> <span class='ocrx_word' id='word_1_132' title='bbox 1919 2310 2279 2387; x_wconf 84' lang='lat' dir='ltr'><strong>orthodoxi,</strong></span> <span class='ocrx_word' id='word_1_133' title='bbox 2363 2312 2467 2395; x_wconf 89' lang='lat' dir='ltr'><strong>qui</strong></span> <span class='ocrx_word' id='word_1_134' title='bbox 2539 2331 2680 2377; x_wconf 91' lang='lat' dir='ltr'><strong>cum</strong></span> 
     </span>
    </p>
   </div>
   <div class='ocr_carea' id='block_1_6' title="bbox 420 2405 1511 3578">
    <p class='ocr_par' dir='ltr' id='par_1_7' title="bbox 420 2405 1511 3578">
     <span class='ocr_line' id='line_1_24' title="bbox 422 2405 1506 2496; baseline 0.001 -25"><span class='ocrx_word' id='word_1_135' title='bbox 422 2405 1175 2496; x_wconf 72' lang='grc' dir='ltr'><strong><em>φθόρονᾎρτζηβούρην</em></strong></span> <span class='ocrx_word' id='word_1_136' title='bbox 1191 2406 1355 2492; x_wconf 75' lang='grc' dir='ltr'><strong><em>μετὰ</em></strong></span> <span class='ocrx_word' id='word_1_137' title='bbox 1377 2412 1506 2472; x_wconf 79' lang='grc' dir='ltr'><strong>τῶν</strong></span> 
     </span>
     <span class='ocr_line' id='line_1_25' title="bbox 421 2501 1505 2593; baseline -0.003 -21"><span class='ocrx_word' id='word_1_138' title='bbox 421 2501 769 2593; x_wconf 69' lang='grc' dir='ltr'><strong><em>αἱρετικιῦν</em></strong></span> <span class='ocrx_word' id='word_1_139' title='bbox 796 2505 1160 2590; x_wconf 70' lang='grc' dir='ltr'><strong><em>προθύμως</em></strong></span> <span class='ocrx_word' id='word_1_140' title='bbox 1184 2506 1505 2593; x_wconf 76' lang='grc' dir='ltr'><strong><em>νηστεύον-</em></strong></span> 
     </span>
     <span class='ocr_line' id='line_1_26' title="bbox 420 2603 1509 2692; baseline -0.001 -22"><span class='ocrx_word' id='word_1_141' title='bbox 420 2628 547 2682; x_wconf 67' lang='grc' dir='ltr'><strong>τες*</strong></span> <span class='ocrx_word' id='word_1_142' title='bbox 609 2603 719 2669; x_wconf 83' lang='grc' dir='ltr'><strong>καὶ</strong></span> <span class='ocrx_word' id='word_1_143' title='bbox 770 2604 1100 2692; x_wconf 77' lang='grc' dir='ltr'><strong><em>νοὴτωσαν</em></strong></span> <span class='ocrx_word' id='word_1_144' title='bbox 1158 2604 1273 2669; x_wconf 82' lang='grc' dir='ltr'><strong>τὸν</strong></span> <span class='ocrx_word' id='word_1_145' title='bbox 1319 2603 1509 2670; x_wconf 79' lang='grc' dir='ltr'><strong><em>δόλον</em></strong></span> 
     </span>
     <span class='ocr_line' id='line_1_27' title="bbox 424 2700 1510 2789; baseline 0 -20"><span class='ocrx_word' id='word_1_146' title='bbox 424 2703 661 2769; x_wconf 71' lang='grc' dir='ltr'><strong><em>αὐτῶν·</em></strong></span> <span class='ocrx_word' id='word_1_147' title='bbox 714 2701 814 2768; x_wconf 80' lang='grc' dir='ltr'><strong>ὅτι</strong></span> <span class='ocrx_word' id='word_1_148' title='bbox 864 2702 1141 2789; x_wconf 77' lang='grc' dir='ltr'><strong><em>βδελυρά</em></strong></span> <span class='ocrx_word' id='word_1_149' title='bbox 1186 2700 1287 2780; x_wconf 84' lang='grc' dir='ltr'><strong>τίς</strong></span> <span class='ocrx_word' id='word_1_150' title='bbox 1332 2703 1510 2769; x_wconf 76' lang='grc' dir='ltr'><strong><em>ἐστιν</em></strong></span> 
     </span>
     <span class='ocr_line' id='line_1_28' title="bbox 424 2798 1505 2890; baseline 0 -24"><span class='ocrx_word' id='word_1_151' title='bbox 424 2800 461 2888; x_wconf 78' lang='grc' dir='ltr'>ἡ</span> <span class='ocrx_word' id='word_1_152' title='bbox 492 2801 773 2889; x_wconf 74' lang='grc' dir='ltr'><strong><em>τοιαύτη</em></strong></span> <span class='ocrx_word' id='word_1_153' title='bbox 799 2801 1046 2867; x_wconf 75' lang='grc' dir='ltr'><strong><em>τούτων</em></strong></span> <span class='ocrx_word' id='word_1_154' title='bbox 1076 2798 1355 2890; x_wconf 80' lang='grc' dir='ltr'><strong><em>νηστεία·</em></strong></span> <span class='ocrx_word' id='word_1_155' title='bbox 1404 2801 1505 2866; x_wconf 81' lang='grc' dir='ltr'><strong>ὅτι</strong></span> 
     </span>
     <span class='ocr_line' id='line_1_29' title="bbox 429 2898 1509 2989; baseline -0.001 -24"><span class='ocrx_word' id='word_1_156' title='bbox 429 2898 700 2985; x_wconf 68' lang='grc' dir='ltr'><strong><em>Σέργιός</em></strong></span> <span class='ocrx_word' id='word_1_157' title='bbox 758 2925 891 2980; x_wconf 84' lang='grc' dir='ltr'><strong><em>τις,</em></strong></span> <span class='ocrx_word' id='word_1_158' title='bbox 957 2899 1344 2978; x_wconf 78' lang='grc' dir='ltr'><strong><em>διδάσκαλος</em></strong></span> <span class='ocrx_word' id='word_1_159' title='bbox 1400 2906 1509 2989; x_wconf 76' lang='grc' dir='ltr'><strong>τῆς</strong></span> 
     </span>
     <span class='ocr_line' id='line_1_30' title="bbox 422 2994 1505 3088; baseline -0.002 -24"><span class='ocrx_word' id='word_1_160' title='bbox 422 2998 805 3088; x_wconf 72' lang='grc' dir='ltr'><strong><em>Ἀρμενικῆς</em></strong></span> <span class='ocrx_word' id='word_1_161' title='bbox 833 2994 1133 3084; x_wconf 73' lang='grc' dir='ltr'><strong><em>αἱρέσεως</em></strong></span> <span class='ocrx_word' id='word_1_162' title='bbox 1154 2998 1505 3083; x_wconf 79' lang='grc' dir='ltr'><strong><em>γενόμενος,</em></strong></span> 
     </span>
     <span class='ocr_line' id='line_1_31' title="bbox 423 3090 1509 3181; baseline -0.003 -18"><span class='ocrx_word' id='word_1_163' title='bbox 423 3090 556 3178; x_wconf 79' lang='grc' dir='ltr'><strong>εἶχε</strong></span> <span class='ocrx_word' id='word_1_164' title='bbox 634 3096 798 3163; x_wconf 81' lang='grc' dir='ltr'><strong><em>κύνα</em></strong></span> <span class='ocrx_word' id='word_1_165' title='bbox 880 3096 1270 3181; x_wconf 81' lang='grc' dir='ltr'><strong><em>καλούμενον</em></strong></span> <span class='ocrx_word' id='word_1_166' title='bbox 1343 3095 1509 3162; x_wconf 72' lang='grc' dir='ltr'><strong><em>οἵτω</em></strong></span> 
     </span>
     <span class='ocr_line' id='line_1_32' title="bbox 423 3193 1508 3284; baseline 0 -24"><span class='ocrx_word' id='word_1_167' title='bbox 423 3193 927 3283; x_wconf 65' lang='grc' dir='ltr'><strong><em>Ἀρτζηβοίρην.</em></strong></span> <span class='ocrx_word' id='word_1_168' title='bbox 1007 3197 1213 3284; x_wconf 82' lang='grc' dir='ltr'><strong>Δηλοῖ</strong></span> <span class='ocrx_word' id='word_1_169' title='bbox 1240 3194 1308 3260; x_wconf 76' lang='grc' dir='ltr'><strong>δὲ</strong></span> <span class='ocrx_word' id='word_1_170' title='bbox 1342 3193 1378 3274; x_wconf 76' lang='grc' dir='ltr'>ἡ</span> <span class='ocrx_word' id='word_1_171' title='bbox 1405 3193 1508 3260; x_wconf 79' lang='grc' dir='ltr'><strong><em>λέ·-</em></strong></span> 
     </span>
     <span class='ocr_line' id='line_1_33' title="bbox 420 3293 1509 3382; baseline -0.003 -22"><span class='ocrx_word' id='word_1_172' title='bbox 420 3299 522 3377; x_wconf 82' lang='grc' dir='ltr'><strong>ξις</strong></span> <span class='ocrx_word' id='word_1_173' title='bbox 584 3295 707 3359; x_wconf 77' lang='grc' dir='ltr'><strong>τὸν</strong></span> <span class='ocrx_word' id='word_1_174' title='bbox 765 3293 1238 3382; x_wconf 72' lang='grc' dir='ltr'><strong><em>προμῃνύτορα.</em></strong></span> <span class='ocrx_word' id='word_1_175' title='bbox 1344 3300 1509 3358; x_wconf 80' lang='lat' dir='ltr'><strong>Tov-</strong></span> 
     </span>
     <span class='ocr_line' id='line_1_34' title="bbox 420 3392 1511 3483; baseline 0 -25"><span class='ocrx_word' id='word_1_176' title='bbox 420 3399 515 3479; x_wconf 80' lang='grc' dir='ltr'><strong>τῷ</strong></span> <span class='ocrx_word' id='word_1_177' title='bbox 560 3399 814 3482; x_wconf 80' lang='grc' dir='ltr'><strong><em>μηνυτῇ</em></strong></span> <span class='ocrx_word' id='word_1_178' title='bbox 859 3392 969 3458; x_wconf 85' lang='grc' dir='ltr'><strong>καὶ</strong></span> <span class='ocrx_word' id='word_1_179' title='bbox 1008 3393 1353 3483; x_wconf 81' lang='grc' dir='ltr'><strong><em>σημάντορι</em></strong></span> <span class='ocrx_word' id='word_1_180' title='bbox 1400 3398 1511 3482; x_wconf 85' lang='grc' dir='ltr'><strong>τῆς</strong></span> 
     </span>
     <span class='ocr_line' id='line_1_35' title="bbox 424 3488 1508 3578; baseline 0 -22"><span class='ocrx_word' id='word_1_181' title='bbox 424 3488 790 3578; x_wconf 74' lang='grc' dir='ltr'><strong><em>ἐπιδημίας</em></strong></span> <span class='ocrx_word' id='word_1_182' title='bbox 851 3489 1048 3558; x_wconf 67' lang='grc' dir='ltr'><strong><em>αἰτοῦ</em></strong></span> <span class='ocrx_word' id='word_1_183' title='bbox 1106 3490 1419 3569; x_wconf 81' lang='grc' dir='ltr'><strong><em>πολλάκις</em></strong></span> <span class='ocrx_word' id='word_1_184' title='bbox 1474 3491 1508 3556; x_wconf 80' lang='grc' dir='ltr'><em>ὁ</em></span> 
     </span>
    </p>
   </div>
   <div class='ocr_carea' id='block_1_7' title="bbox 488 3623 679 3629">
    <p class='ocr_par' dir='ltr' id='par_1_8' title="bbox 488 3623 679 3629">
     <span class='ocr_line' id='line_1_36' title="bbox 488 3623 679 3629; baseline 0 0"><span class='ocrx_word' id='word_1_185' title='bbox 488 3623 679 3629; x_wconf 95' lang='lat' dir='ltr'><strong> </strong></span> 
     </span>
    </p>
   </div>
   <div class='ocr_carea' id='block_1_8' title="bbox 1607 2408 2682 3579">
    <p class='ocr_par' dir='ltr' id='par_1_9' title="bbox 1607 2408 2682 3579">
     <span class='ocr_line' id='line_1_37' title="bbox 1615 2408 2672 2476; baseline -0.001 0"><span class='ocrx_word' id='word_1_186' title='bbox 1615 2410 1946 2476; x_wconf 87' lang='lat' dir='ltr'><strong>haereticis</strong></span> <span class='ocrx_word' id='word_1_187' title='bbox 1992 2408 2160 2474; x_wconf 91' lang='lat' dir='ltr'><strong>hunc</strong></span> <span class='ocrx_word' id='word_1_188' title='bbox 2209 2410 2428 2474; x_wconf 89' lang='lat' dir='ltr'><strong>animis</strong></span> <span class='ocrx_word' id='word_1_189' title='bbox 2468 2410 2672 2475; x_wconf 83' lang='lat' dir='ltr'><strong>exitio·</strong></span> 
     </span>
     <span class='ocr_line' id='line_1_38' title="bbox 1616 2507 2680 2574; baseline 0.001 -1"><span class='ocrx_word' id='word_1_190' title='bbox 1616 2529 1756 2574; x_wconf 89' lang='lat' dir='ltr'><strong>sum</strong></span> <span class='ocrx_word' id='word_1_191' title='bbox 1797 2509 2205 2573; x_wconf 87' lang='lat' dir='ltr'><strong>Artzeburem</strong></span> <span class='ocrx_word' id='word_1_192' title='bbox 2259 2507 2445 2573; x_wconf 87' lang='lat' dir='ltr'><strong>alacri</strong></span> <span class='ocrx_word' id='word_1_193' title='bbox 2477 2509 2680 2574; x_wconf 90' lang='lat' dir='ltr'><strong>animo</strong></span> 
     </span>
     <span class='ocr_line' id='line_1_39' title="bbox 1607 2607 2680 2691; baseline 0.001 -19"><span class='ocrx_word' id='word_1_194' title='bbox 1607 2607 1912 2691; x_wconf 86' lang='lat' dir='ltr'><strong>jejunant,</strong></span> <span class='ocrx_word' id='word_1_195' title='bbox 1963 2628 2034 2672; x_wconf 88' lang='lat' dir='ltr'><strong>ac</strong></span> <span class='ocrx_word' id='word_1_196' title='bbox 2065 2627 2275 2672; x_wconf 90' lang='lat' dir='ltr'><strong>eorum</strong></span> <span class='ocrx_word' id='word_1_197' title='bbox 2319 2608 2530 2672; x_wconf 91' lang='lat' dir='ltr'><strong>dolum</strong></span> <span class='ocrx_word' id='word_1_198' title='bbox 2579 2629 2680 2673; x_wconf 90' lang='lat' dir='ltr'><strong>co-</strong></span> 
     </span>
     <span class='ocr_line' id='line_1_40' title="bbox 1614 2708 2681 2792; baseline 0.002 -21"><span class='ocrx_word' id='word_1_199' title='bbox 1614 2708 1834 2792; x_wconf 88' lang='lat' dir='ltr'><strong>gitent,</strong></span> <span class='ocrx_word' id='word_1_200' title='bbox 1898 2712 1969 2772; x_wconf 91' lang='lat' dir='ltr'><strong>ut</strong></span> <span class='ocrx_word' id='word_1_201' title='bbox 2013 2708 2304 2772; x_wconf 88' lang='lat' dir='ltr'><strong>nimirum</strong></span> <span class='ocrx_word' id='word_1_202' title='bbox 2356 2727 2681 2773; x_wconf 83' lang='lat' dir='ltr'><strong>exsecran-</strong></span> 
     </span>
     <span class='ocr_line' id='line_1_41' title="bbox 1615 2806 2681 2891; baseline 0.001 -21"><span class='ocrx_word' id='word_1_203' title='bbox 1615 2807 1767 2870; x_wconf 90' lang='lat' dir='ltr'><strong>dum</strong></span> <span class='ocrx_word' id='word_1_204' title='bbox 1788 2807 2100 2891; x_wconf 85' lang='lat' dir='ltr'><strong>quoddam</strong></span> <span class='ocrx_word' id='word_1_205' title='bbox 2120 2806 2422 2889; x_wconf 89' lang='lat' dir='ltr'><strong>ejusmodi</strong></span> <span class='ocrx_word' id='word_1_206' title='bbox 2447 2807 2525 2871; x_wconf 89' lang='lat' dir='ltr'><strong>sit</strong></span> <span class='ocrx_word' id='word_1_207' title='bbox 2548 2807 2681 2872; x_wconf 91' lang='lat' dir='ltr'><strong>illo-</strong></span> 
     </span>
     <span class='ocr_line' id='line_1_42' title="bbox 1617 2904 2682 2991; baseline 0.001 -22"><span class='ocrx_word' id='word_1_208' title='bbox 1617 2925 1752 2969; x_wconf 91' lang='lat' dir='ltr'><strong>rum</strong></span> <span class='ocrx_word' id='word_1_209' title='bbox 1769 2904 2093 2987; x_wconf 86' lang='lat' dir='ltr'><strong>jejunium.</strong></span> <span class='ocrx_word' id='word_1_210' title='bbox 2157 2905 2404 2990; x_wconf 88' lang='lat' dir='ltr'><strong>Nempe</strong></span> <span class='ocrx_word' id='word_1_211' title='bbox 2427 2904 2682 2991; x_wconf 83' lang='lat' dir='ltr'><strong>Sergius</strong></span> 
     </span>
     <span class='ocr_line' id='line_1_43' title="bbox 1617 3003 2682 3086; baseline 0.003 -20"><span class='ocrx_word' id='word_1_212' title='bbox 1617 3003 1888 3086; x_wconf 89' lang='lat' dir='ltr'><strong>quidam,</strong></span> <span class='ocrx_word' id='word_1_213' title='bbox 1938 3004 2377 3069; x_wconf 82' lang='lat' dir='ltr'><strong>Armeniorum</strong></span> <span class='ocrx_word' id='word_1_214' title='bbox 2407 3003 2682 3069; x_wconf 88' lang='lat' dir='ltr'><strong>haeresis</strong></span> 
     </span>
     <span class='ocr_line' id='line_1_44' title="bbox 1620 3101 2682 3186; baseline 0.002 -20"><span class='ocrx_word' id='word_1_215' title='bbox 1620 3101 1947 3186; x_wconf 85' lang='lat' dir='ltr'><strong>magister,</strong></span> <span class='ocrx_word' id='word_1_216' title='bbox 2012 3121 2228 3166; x_wconf 88' lang='lat' dir='ltr'><strong>canem</strong></span> <span class='ocrx_word' id='word_1_217' title='bbox 2275 3101 2549 3167; x_wconf 87' lang='lat' dir='ltr'><strong>habebat</strong></span> <span class='ocrx_word' id='word_1_218' title='bbox 2593 3103 2682 3168; x_wconf 90' lang='lat' dir='ltr'><strong>sic</strong></span> 
     </span>
     <span class='ocr_line' id='line_1_45' title="bbox 1618 3200 2681 3285; baseline 0.001 -21"><span class='ocrx_word' id='word_1_219' title='bbox 1618 3200 1992 3285; x_wconf 88' lang='lat' dir='ltr'><strong>appellatum</strong></span> <span class='ocrx_word' id='word_1_220' title='bbox 2015 3201 2445 3267; x_wconf 85' lang='lat' dir='ltr'><strong>Artzeburem.</strong></span> <span class='ocrx_word' id='word_1_221' title='bbox 2486 3201 2681 3265; x_wconf 89' lang='lat' dir='ltr'><strong>Porro</strong></span> 
     </span>
     <span class='ocr_line' id='line_1_46' title="bbox 1619 3300 2681 3385; baseline 0.002 -23"><span class='ocrx_word' id='word_1_222' title='bbox 1619 3319 1691 3362; x_wconf 87' lang='lat' dir='ltr'><strong>ea</strong></span> <span class='ocrx_word' id='word_1_223' title='bbox 1759 3318 1875 3363; x_wconf 83' lang='lat' dir='ltr'><strong>vox</strong></span> <span class='ocrx_word' id='word_1_224' title='bbox 1919 3301 2375 3384; x_wconf 75' lang='lat' dir='ltr'><strong>praenuntium</strong></span> <span class='ocrx_word' id='word_1_225' title='bbox 2443 3300 2681 3385; x_wconf 88' lang='lat' dir='ltr'><strong>signifi-</strong></span> 
     </span>
     <span class='ocr_line' id='line_1_47' title="bbox 1619 3396 2681 3482; baseline 0.001 -20"><span class='ocrx_word' id='word_1_226' title='bbox 1619 3401 1735 3464; x_wconf 86' lang='lat' dir='ltr'><strong>cat.</strong></span> <span class='ocrx_word' id='word_1_227' title='bbox 1794 3439 1801 3448; x_wconf 92' lang='lat'>-</span> <span class='ocrx_word' id='word_1_228' title='bbox 1852 3396 2161 3462; x_wconf 88' lang='lat' dir='ltr'><strong>Utebatur</strong></span> <span class='ocrx_word' id='word_1_229' title='bbox 2233 3418 2681 3482; x_wconf 88' lang='lat' dir='ltr'><strong>saepenumero</strong></span> 
     </span>
     <span class='ocr_line' id='line_1_48' title="bbox 1619 3493 2682 3579; baseline 0.003 -21"><span class='ocrx_word' id='word_1_230' title='bbox 1619 3493 1873 3579; x_wconf 85' lang='lat' dir='ltr'><strong>Sergius</strong></span> <span class='ocrx_word' id='word_1_231' title='bbox 1922 3514 1994 3561; x_wconf 92' lang='lat' dir='ltr'><strong>eo</strong></span> <span class='ocrx_word' id='word_1_232' title='bbox 2034 3496 2334 3560; x_wconf 88' lang='lat' dir='ltr'><strong>adventus</strong></span> <span class='ocrx_word' id='word_1_233' title='bbox 2367 3497 2580 3561; x_wconf 88' lang='lat' dir='ltr'><strong>nuntio</strong></span> <span class='ocrx_word' id='word_1_234' title='bbox 2612 3517 2682 3561; x_wconf 89' lang='lat' dir='ltr'><strong>ac</strong></span> 
     </span>
    </p>
   </div>
   <div class='ocr_carea' id='block_1_9' title="bbox 420 3671 2685 3984">
    <p class='ocr_par' dir='ltr' id='par_1_10' title="bbox 420 3671 2685 3984">
     <span class='ocr_line' id='line_1_49' title="bbox 613 3671 2684 3744; baseline 0.001 -18"><span class='ocrx_word' id='word_1_235' title='bbox 613 3672 658 3739; x_wconf 90' lang='lat'><strong>¹)</strong></span> <span class='ocrx_word' id='word_1_236' title='bbox 713 3673 823 3727; x_wconf 83' lang='lat' dir='ltr'><strong>Cfr.</strong></span> <span class='ocrx_word' id='word_1_237' title='bbox 878 3672 1027 3726; x_wconf 91' lang='lat' dir='ltr'><strong>eund.</strong></span> <span class='ocrx_word' id='word_1_238' title='bbox 1079 3671 1326 3738; x_wconf 86' lang='lat' dir='ltr'><strong>Isaac.,</strong></span> <span class='ocrx_word' id='word_1_239' title='bbox 1383 3673 1502 3726; x_wconf 89' lang='lat' dir='ltr'><strong>ibid.</strong></span> <span class='ocrx_word' id='word_1_240' title='bbox 1555 3689 1605 3726; x_wconf 93' lang='lat' dir='ltr'><strong>n.</strong></span> <span class='ocrx_word' id='word_1_241' title='bbox 1645 3673 1694 3727; x_wconf 84' lang='lat'><strong>5.</strong></span> <span class='ocrx_word' id='word_1_242' title='bbox 1783 3672 1864 3726; x_wconf 85' lang='lat' dir='ltr'><strong>Ita</strong></span> <span class='ocrx_word' id='word_1_243' title='bbox 1914 3674 2071 3726; x_wconf 88' lang='lat' dir='ltr'><strong>etiam</strong></span> <span class='ocrx_word' id='word_1_244' title='bbox 2120 3674 2424 3728; x_wconf 81' lang='lat' dir='ltr'><strong>vocabulum</strong></span> <span class='ocrx_word' id='word_1_245' title='bbox 2476 3677 2684 3744; x_wconf 85' lang='lat' dir='ltr'><strong>exponit</strong></span> 
     </span>
     <span class='ocr_line' id='line_1_50' title="bbox 420 3752 2682 3824; baseline 0.001 -18"><span class='ocrx_word' id='word_1_246' title='bbox 420 3771 463 3807; x_wconf 88' lang='grc'><strong>3.</strong></span> <span class='ocrx_word' id='word_1_247' title='bbox 505 3753 799 3821; x_wconf 79' lang='lat' dir='ltr'><strong>NerseS,</strong></span> <span class='ocrx_word' id='word_1_248' title='bbox 841 3752 1225 3822; x_wconf 77' lang='lat' dir='ltr'><strong>Clajensi3‚</strong></span> <span class='ocrx_word' id='word_1_249' title='bbox 1264 3755 1601 3807; x_wconf 87' lang='lat' dir='ltr'><strong>Armenorum</strong></span> <span class='ocrx_word' id='word_1_250' title='bbox 1625 3754 1922 3822; x_wconf 85' lang='lat' dir='ltr'><strong>patriarcha</strong></span> <span class='ocrx_word' id='word_1_251' title='bbox 1959 3754 2023 3808; x_wconf 89' lang='lat' dir='ltr'><strong>ab</strong></span> <span class='ocrx_word' id='word_1_252' title='bbox 2050 3755 2292 3810; x_wconf 56' lang='grc'><strong>11111167</strong></span> <span class='ocrx_word' id='word_1_253' title='bbox 2332 3755 2395 3807; x_wconf 87' lang='lat' dir='ltr'><strong>ad</strong></span> <span class='ocrx_word' id='word_1_254' title='bbox 2422 3771 2502 3808; x_wconf 84' lang='lat' dir='ltr'><strong>an.</strong></span> <span class='ocrx_word' id='word_1_255' title='bbox 2527 3757 2682 3824; x_wconf 73' lang='lat'><strong>1172,</strong></span> 
     </span>
     <span class='ocr_line' id='line_1_51' title="bbox 421 3832 2685 3909; baseline 0.001 -22"><span class='ocrx_word' id='word_1_256' title='bbox 421 3834 473 3887; x_wconf 89' lang='lat' dir='ltr'><strong>in</strong></span> <span class='ocrx_word' id='word_1_257' title='bbox 500 3833 761 3904; x_wconf 75' lang='lat' dir='ltr'><strong>epistola,</strong></span> <span class='ocrx_word' id='word_1_258' title='bbox 798 3849 954 3903; x_wconf 89' lang='lat' dir='ltr'><strong>quam</strong></span> <span class='ocrx_word' id='word_1_259' title='bbox 979 3832 1227 3887; x_wconf 86' lang='lat' dir='ltr'><strong>absolutis</strong></span> <span class='ocrx_word' id='word_1_260' title='bbox 1254 3849 1366 3887; x_wconf 89' lang='lat' dir='ltr'><strong>cum</strong></span> <span class='ocrx_word' id='word_1_261' title='bbox 1387 3833 1672 3887; x_wconf 80' lang='lat' dir='ltr'><strong>Theoriano</strong></span> <span class='ocrx_word' id='word_1_262' title='bbox 1699 3833 2128 3902; x_wconf 85' lang='lat' dir='ltr'><strong>disputationibus</strong></span> <span class='ocrx_word' id='word_1_263' title='bbox 2154 3835 2294 3909; x_wconf 83' lang='lat' dir='ltr'><strong>dedit</strong></span> <span class='ocrx_word' id='word_1_264' title='bbox 2319 3834 2394 3888; x_wconf 86' lang='lat' dir='ltr'><strong>ad</strong></span> <span class='ocrx_word' id='word_1_265' title='bbox 2409 3835 2685 3902; x_wconf 78' lang='lat' dir='ltr'><strong>Alexium,</strong></span> 
     </span>
     <span class='ocr_line' id='line_1_52' title="bbox 422 3912 2685 3984; baseline 0.001 -18"><span class='ocrx_word' id='word_1_266' title='bbox 422 3912 687 3967; x_wconf 76' lang='lat' dir='ltr'><strong>Manuelis</strong></span> <span class='ocrx_word' id='word_1_267' title='bbox 727 3913 975 3967; x_wconf 88' lang='lat' dir='ltr'><strong>Comneni</strong></span> <span class='ocrx_word' id='word_1_268' title='bbox 1027 3913 1352 3982; x_wconf 86' lang='lat' dir='ltr'><strong>imperatoris</strong></span> <span class='ocrx_word' id='word_1_269' title='bbox 1392 3913 1490 3967; x_wconf 87' lang='lat' dir='ltr'><strong>GP.</strong></span> <span class='ocrx_word' id='word_1_270' title='bbox 1531 3930 1795 3982; x_wconf 84' lang='lat' dir='ltr'><strong>generum,</strong></span> <span class='ocrx_word' id='word_1_271' title='bbox 1848 3915 1980 3979; x_wconf 85' lang='lat' dir='ltr'><strong>apud</strong></span> <span class='ocrx_word' id='word_1_272' title='bbox 2020 3915 2152 3982; x_wconf 85' lang='lat' dir='ltr'><strong>Mai,</strong></span> <span class='ocrx_word' id='word_1_273' title='bbox 2204 3920 2309 3969; x_wconf 85' lang='lat' dir='ltr'><strong>vet.</strong></span> <span class='ocrx_word' id='word_1_274' title='bbox 2349 3916 2527 3984; x_wconf 86' lang='lat' dir='ltr'><strong>script.</strong></span> <span class='ocrx_word' id='word_1_275' title='bbox 2564 3932 2685 3971; x_wconf 81' lang='lat' dir='ltr'><strong>nov,</strong></span> 
     </span>
    </p>
   </div>
   <div class='ocr_carea' id='block_1_10' title="bbox 424 3993 1369 4139">
    <p class='ocr_par' dir='ltr' id='par_1_11' title="bbox 424 3993 1369 4139">
     <span class='ocr_line' id='line_1_53' title="bbox 424 3993 975 4062; baseline 0 -15"><span class='ocrx_word' id='word_1_276' title='bbox 424 3993 541 4047; x_wconf 83' lang='lat' dir='ltr'><strong>coll.</strong></span> <span class='ocrx_word' id='word_1_277' title='bbox 585 3999 627 4047; x_wconf 87' lang='lat' dir='ltr'><strong>t.</strong></span> <span class='ocrx_word' id='word_1_278' title='bbox 668 3994 720 4059; x_wconf 83' lang='lat'><strong>6,</strong></span> <span class='ocrx_word' id='word_1_279' title='bbox 760 4008 811 4062; x_wconf 90' lang='lat' dir='ltr'><strong>p.</strong></span> <span class='ocrx_word' id='word_1_280' title='bbox 850 3993 975 4048; x_wconf 80' lang='lat'><strong>423.</strong></span> 
     </span>
     <span class='ocr_line' id='line_1_54' title="bbox 613 4071 1369 4139; baseline 0.003 -12"><span class='ocrx_word' id='word_1_281' title='bbox 613 4071 659 4138; x_wconf 76' lang='lat'><strong>²)</strong></span> <span class='ocrx_word' id='word_1_282' title='bbox 701 4073 812 4128; x_wconf 82' lang='lat' dir='ltr'><strong>Cfr.</strong></span> <span class='ocrx_word' id='word_1_283' title='bbox 851 4072 1022 4128; x_wconf 86' lang='lat' dir='ltr'><strong>Isaac.</strong></span> <span class='ocrx_word' id='word_1_284' title='bbox 1059 4073 1092 4126; x_wconf 92' lang='lat' dir='ltr'><strong>l.</strong></span> <span class='ocrx_word' id='word_1_285' title='bbox 1131 4089 1193 4139; x_wconf 86' lang='lat' dir='ltr'><strong>c.‚</strong></span> <span class='ocrx_word' id='word_1_286' title='bbox 1231 4090 1281 4128; x_wconf 92' lang='lat' dir='ltr'><strong>n.</strong></span> <span class='ocrx_word' id='word_1_287' title='bbox 1320 4077 1369 4129; x_wconf 82' lang='lat'><strong>6.</strong></span> 
     </span>
    </p>
   </div>
   <div class='ocr_carea' id='block_1_11' title="bbox 426 4151 2683 4308">
    <p class='ocr_par' dir='ltr' id='par_1_12' title="bbox 426 4151 2683 4308">
     <span class='ocr_line' id='line_1_55' title="bbox 614 4151 2683 4225; baseline 0.003 -20"><span class='ocrx_word' id='word_1_288' title='bbox 614 4151 661 4220; x_wconf 81' lang='lat'><strong>⁸)</strong></span> <span class='ocrx_word' id='word_1_289' title='bbox 700 4152 855 4222; x_wconf 84' lang='lat' dir='ltr'><strong>Apud</strong></span> <span class='ocrx_word' id='word_1_290' title='bbox 894 4153 1083 4222; x_wconf 86' lang='lat' dir='ltr'><strong>Migne‚</strong></span> <span class='ocrx_word' id='word_1_291' title='bbox 1128 4152 1272 4208; x_wconf 85' lang='lat' dir='ltr'><strong>Patr.</strong></span> <span class='ocrx_word' id='word_1_292' title='bbox 1310 4171 1391 4223; x_wconf 83' lang='lat' dir='ltr'><strong>gr.</strong></span> <span class='ocrx_word' id='word_1_293' title='bbox 1431 4160 1553 4209; x_wconf 90' lang='lat' dir='ltr'><strong>tom.</strong></span> <span class='ocrx_word' id='word_1_294' title='bbox 1595 4156 1713 4221; x_wconf 77' lang='lat'><strong>132,</strong></span> <span class='ocrx_word' id='word_1_295' title='bbox 1766 4172 1849 4225; x_wconf 87' lang='lat' dir='ltr'><strong>pp.</strong></span> <span class='ocrx_word' id='word_1_296' title='bbox 1891 4157 2259 4212; x_wconf 73' lang='lat'><strong>1203—1204.</strong></span> <span class='ocrx_word' id='word_1_297' title='bbox 2335 4156 2403 4211; x_wconf 89' lang='lat' dir='ltr'><strong>Et</strong></span> <span class='ocrx_word' id='word_1_298' title='bbox 2440 4158 2522 4212; x_wconf 87' lang='lat' dir='ltr'><strong>hic</strong></span> <span class='ocrx_word' id='word_1_299' title='bbox 2559 4174 2683 4212; x_wconf 86' lang='lat' dir='ltr'><strong>sane</strong></span> 
     </span>
     <span class='ocr_line' id='line_1_56' title="bbox 426 4233 2682 4308; baseline 0.002 -22"><span class='ocrx_word' id='word_1_300' title='bbox 426 4234 773 4288; x_wconf 81' lang='lat' dir='ltr'><strong>vehementer</strong></span> <span class='ocrx_word' id='word_1_301' title='bbox 810 4233 989 4287; x_wconf 83' lang='lat' dir='ltr'><strong>mirari</strong></span> <span class='ocrx_word' id='word_1_302' title='bbox 1026 4235 1191 4300; x_wconf 89' lang='lat' dir='ltr'><strong>subit,</strong></span> <span class='ocrx_word' id='word_1_303' title='bbox 1246 4236 1330 4289; x_wconf 84' lang='lat' dir='ltr'><strong>vel</strong></span> <span class='ocrx_word' id='word_1_304' title='bbox 1368 4236 1533 4304; x_wconf 89' lang='lat' dir='ltr'><strong>ipsum</strong></span> <span class='ocrx_word' id='word_1_305' title='bbox 1570 4234 1795 4289; x_wconf 87' lang='lat' dir='ltr'><strong>Leonem</strong></span> <span class='ocrx_word' id='word_1_306' title='bbox 1833 4236 2080 4302; x_wconf 67' lang='lat' dir='ltr'><strong>Allatium</strong></span> <span class='ocrx_word' id='word_1_307' title='bbox 2133 4237 2310 4291; x_wconf 83' lang='lat' dir='ltr'><strong>Isaaco</strong></span> <span class='ocrx_word' id='word_1_308' title='bbox 2361 4240 2682 4308; x_wconf 86' lang='lat' dir='ltr'><strong>caeterisque</strong></span> 
     </span>
    </p>
   </div>
   <div class='ocr_carea' id='block_1_12' title="bbox 428 4313 2683 4547">
    <p class='ocr_par' dir='ltr' id='par_1_13' title="bbox 428 4313 2683 4547">
     <span class='ocr_line' id='line_1_57' title="bbox 428 4313 2683 4387; baseline 0.002 -20"><span class='ocrx_word' id='word_1_309' title='bbox 428 4314 715 4368; x_wconf 83' lang='lat' dir='ltr'><strong>neotericis</strong></span> <span class='ocrx_word' id='word_1_310' title='bbox 752 4313 965 4383; x_wconf 81' lang='lat' dir='ltr'><strong>graecis</strong></span> <span class='ocrx_word' id='word_1_311' title='bbox 1014 4316 1371 4387; x_wconf 84' lang='lat' dir='ltr'><strong>propudiosam</strong></span> <span class='ocrx_word' id='word_1_312' title='bbox 1423 4316 1633 4386; x_wconf 88' lang='lat' dir='ltr'><strong>hujusce</strong></span> <span class='ocrx_word' id='word_1_313' title='bbox 1678 4318 1860 4386; x_wconf 87' lang='lat' dir='ltr'><strong>jejunii</strong></span> <span class='ocrx_word' id='word_1_314' title='bbox 1912 4334 2119 4371; x_wconf 81' lang='lat' dir='ltr'><strong>causam</strong></span> <span class='ocrx_word' id='word_1_315' title='bbox 2169 4317 2500 4372; x_wconf 85' lang='lat' dir='ltr'><strong>afferentibus</strong></span> <span class='ocrx_word' id='word_1_316' title='bbox 2547 4319 2683 4372; x_wconf 82' lang='lat' dir='ltr'><strong>ultro</strong></span> 
     </span>
     <span class='ocr_line' id='line_1_58' title="bbox 429 4394 2682 4467; baseline 0.003 -18"><span class='ocrx_word' id='word_1_317' title='bbox 429 4394 697 4460; x_wconf 78' lang='lat' dir='ltr'><strong>assentiri,</strong></span> <span class='ocrx_word' id='word_1_318' title='bbox 738 4398 902 4464; x_wconf 85' lang='lat' dir='ltr'><strong>atque</strong></span> <span class='ocrx_word' id='word_1_319' title='bbox 939 4394 1081 4463; x_wconf 85' lang='lat' dir='ltr'><strong>haec,</strong></span> <span class='ocrx_word' id='word_1_320' title='bbox 1118 4412 1250 4467; x_wconf 87' lang='lat' dir='ltr'><strong>quae</strong></span> <span class='ocrx_word' id='word_1_321' title='bbox 1289 4413 1351 4450; x_wconf 84' lang='lat' dir='ltr'><strong>ex</strong></span> <span class='ocrx_word' id='word_1_322' title='bbox 1389 4398 1567 4451; x_wconf 88' lang='lat' dir='ltr'><strong>eodem</strong></span> <span class='ocrx_word' id='word_1_323' title='bbox 1605 4403 1817 4452; x_wconf 85' lang='lat' dir='ltr'><strong>auctore</strong></span> <span class='ocrx_word' id='word_1_324' title='bbox 1857 4399 1907 4451; x_wconf 90' lang='lat' dir='ltr'><strong>in</strong></span> <span class='ocrx_word' id='word_1_325' title='bbox 1933 4403 2080 4452; x_wconf 88' lang='lat' dir='ltr'><strong>textu</strong></span> <span class='ocrx_word' id='word_1_326' title='bbox 2117 4403 2294 4452; x_wconf 85' lang='lat' dir='ltr'><strong>nostro</strong></span> <span class='ocrx_word' id='word_1_327' title='bbox 2332 4398 2682 4455; x_wconf 78' lang='lat' dir='ltr'><strong>exsen&#39;bimus.</strong></span> 
     </span>
     <span class='ocr_line' id='line_1_59' title="bbox 430 4473 2260 4547; baseline 0 -17"><span class='ocrx_word' id='word_1_328' title='bbox 430 4473 583 4530; x_wconf 80' lang='lat' dir='ltr'><strong>docte</strong></span> <span class='ocrx_word' id='word_1_329' title='bbox 622 4478 791 4547; x_wconf 81' lang='lat' dir='ltr'><strong>atque</strong></span> <span class='ocrx_word' id='word_1_330' title='bbox 831 4479 1086 4530; x_wconf 78' lang='lat' dir='ltr'><strong>accurate</strong></span> <span class='ocrx_word' id='word_1_331' title='bbox 1123 4476 1186 4532; x_wconf 88' lang='lat' dir='ltr'><strong>ab</strong></span> <span class='ocrx_word' id='word_1_332' title='bbox 1226 4477 1401 4532; x_wconf 87' lang='lat' dir='ltr'><strong>eodem</strong></span> <span class='ocrx_word' id='word_1_333' title='bbox 1440 4478 1635 4533; x_wconf 81' lang='lat' dir='ltr'><strong>tradita</strong></span> <span class='ocrx_word' id='word_1_334' title='bbox 1673 4495 1788 4532; x_wconf 83' lang='lat' dir='ltr'><strong>esse</strong></span> <span class='ocrx_word' id='word_1_335' title='bbox 1827 4479 2083 4532; x_wconf 86' lang='lat' dir='ltr'><strong>affirmare</strong></span> <span class='ocrx_word' id='word_1_336' title='bbox 2122 4496 2171 4531; x_wconf 91' lang='lat' dir='ltr'><strong>n.</strong></span> <span class='ocrx_word' id='word_1_337' title='bbox 2211 4481 2260 4530; x_wconf 70' lang='lat'><strong>8.</strong></span> 
     </span>
    </p>
   </div>
  </div>
 </body>
</html>
