3514 5391
788 563 1039 631 Κυριακή
1076 562 1175 615 τοῦ
1207 561 1439 620 ἀσώτου,
1506 562 1774 617 Domiuiea
1809 562 2251 633 Septuagesimae.
2581 565 2648 619 19

397 778 515 818 esse
555 760 615 817 in
658 760 787 818 fide
828 760 1146 832 catholiea,
1184 761 1393 833 quibus
1441 776 1553 834 per
1588 766 1776 818 totum
1814 762 2089 819 muudum
2132 764 2316 820 omnis
2356 761 2651 822 Christia-

395 857 493 898 nus
514 838 951 914 adstringitur,
993 842 1176 900 veluti
1205 848 1299 899 est
1328 841 1661 901 auctoritas
1691 841 1844 900 Novi
1875 858 1947 900 ae
1973 842 2219 902 Veteris
2241 841 2648 922 Testamenti3

398 921 510 980 alia
546 937 766 980 rursus
808 938 943 979 esse
986 922 1262 983 instituta
1299 921 1570 992 Petrum,
1625 938 1662 981 a
1700 923 1911 994 quibus
1960 923 2108 980 nulli
2159 924 2307 982 lieet
2358 924 2650 983 catholieo

398 1002 659 1071 deviare,
699 1002 899 1060 veluti
936 1001 1191 1061 Nicaeni
1228 1019 1499 1074 canones
1539 1007 1604 1061 et
1627 1003 1683 1064 si
1709 1003 1849 1074 quid
1875 1002 2208 1075 huiusmodi
2235 1010 2353 1074 est;
2394 1005 2650 1077 itemque

398 1083 511 1142 alia
550 1100 717 1155 esse,
772 1100 926 1156 quae
968 1100 1352 1156 unaquaeque
1389 1083 1674 1159 Ecclesia
1724 1089 2008 1156 tanquam
2047 1085 2289 1157 propria
2325 1085 2552 1143 retinet
2591 1091 2653 1144 et

399 1180 431 1219 a
464 1164 587 1221 suis
626 1164 963 1236 magioribus
1000 1163 1230 1223 tradita
1267 1164 1383 1221 sibi
1420 1164 1695 1233 custodit,
1734 1181 1888 1237 quae
1927 1165 2098 1226 salva
2136 1164 2254 1223 fide
2293 1171 2355 1223 et
2378 1182 2526 1239 pace
2554 1183 2649 1225 ea-

396 1244 620 1303 tholiea
673 1262 806 1303 eum
849 1244 1102 1302 alterius
1139 1244 1400 1316 regionis
1450 1261 1564 1303 non
1617 1246 1902 1303 observat
1927 1245 2243 1317 Ecclesia,
2300 1252 2366 1303 ut
2404 1254 2497 1305 est
2531 1246 2652 1304 Ro·

398 1342 587 1395 mana,
628 1341 785 1397 quae
826 1325 1099 1383 sabbatis
1137 1324 1402 1383 omnibus
1434 1325 1690 1398 jejunat,
1744 1326 1897 1398 quod
1936 1326 2250 1384 orientalis
2288 1325 2497 1385 faeere
2535 1344 2651 1385 nou

396 1404 667 1477 videtum
724 1404 828 1462 vel
880 1404 1035 1478 quod
1082 1406 1179 1463 hie
1231 1411 1457 1480 septem
1511 1406 1740 1464 altaria
1798 1413 2254 1483 componuntur,
2312 1408 2462 1480 quod
2504 1408 2648 1465 alibi

398 1487 591 1549 nullus
633 1492 935 1556 attentat3
974 1492 1037 1544 et
1072 1504 1277 1546 rursus
1313 1486 1464 1545 fiant
1503 1488 1628 1545 alia
1666 1487 1831 1559 alibi,
1872 1504 2022 1560 quae
2060 1488 2158 1545 hie
2196 1487 2329 1545 fieri
2368 1505 2481 1547 non
2521 1505 2649 1561 pro-

396 1568 633 1626 bantur.
709 1567 891 1626 Haee
942 1573 1139 1626 autem
1192 1568 1388 1626 omnia
1436 1568 1525 1625 ita
1575 1568 1831 1627 diversis
1883 1568 2157 1626 eeclesiis
2206 1568 2442 1627 diverso
2482 1570 2649 1628 modo

388 1647 572 1719 fiunt3
612 1653 682 1706 ut
708 1654 915 1706 tamen
954 1665 1153 1705 omnes
1178 1648 1342 1706 illius
1367 1649 1615 1721 reginae
1642 1654 1872 1709 vestem
1897 1647 2144 1720 faciant,
2185 1649 2256 1707 de
2285 1667 2398 1721 qua
2426 1649 2645 1708 dietum

397 1736 516 1786 est:
560 1729 788 1787 Astitit
808 1730 1028 1801 regina
1054 1746 1090 1786 a
1117 1729 1345 1787 dextris
1374 1730 1491 1787 tuis
1518 1730 1579 1787 in
1604 1730 1829 1790 vestitu
1857 1728 2163 1800 deaurato,
2204 1729 2652 1802 circumamicta

396 1807 992 1885 varietatemOEsalm.
1032 1810 1115 1869 44.
1157 1809 1267 1882 10).
1317 1809 1507 1870 -Νἰὴίἰ
1548 1827 1691 1882 ergo
1730 1816 1985 1883 moveat,
2024 1827 2198 1882 quum
2235 1810 2517 1871 videntur
2552 1811 2651 1869 hie

397 1888 598 1961 aliqua
637 1890 698 1946 iu
736 1888 861 1948 Dei
899 1890 1175 1948 laudibus
1212 1889 1373 1962 fieri,
1426 1907 1577 1963 quae
1618 1891 1766 1948 alibi
1819 1890 1939 1948 alio
1989 1890 2157 1948 modo
2208 1890 2342 1949 fieri
2389 1908 2650 1964 ‚compro-

396 1971 635 2028 bantur.
711 1969 858 2029 Sive
898 1971 1053 2028 euim
1092 1984 1275 2044 usque
1316 1971 1393 2028 ad
1430 1970 1834 2028 Pentecosten
1873 1971 2116 2040 Alleluja
2154 1976 2447 2033 cantetur,
2499 1972 2650 2043 quod

399 2050 555 2123 apud
607 2067 714 2108 nos
766 2050 903 2109 fieri
955 2050 1331 2113 manifestum
1388 2059 1483 2110 est
1499 2051 1575 2124 ²),
1635 2052 1763 2109 sive
1813 2052 1964 2109 ‘alibi
2014 2056 2140 2109 toto
2182 2066 2335 2110 anno
2386 2052 2649 2121 dicatur;

398 2129 606 2188 laudes
661 2129 784 2189 Dei
845 2135 1056 2189 cantat
1099 2130 1397 2190 Ecclesia.
1485 2129 1606 2189 Sed
1657 2136 2011 2189 reservatur
2063 2131 2289 2204 aliquid
2340 2132 2502 2206 apud
2547 2149 2651 2190 nos

398 2210 671 2283 paschali
708 2211 1115 2280 reverentiae,
1172 2216 1239 2270 ut
1276 2212 1599 2285 majoribus
1637 2211 1875 2283 gaudiis
1926 2218 1988 2271 et
2025 2212 2194 2283 quasi
2233 2213 2529 2270 mentibus
2569 2212 2653 2270 in-

400 2292 633 2350 novatis
684 2291 763 2350 ad
797 2291 1038 2350 laudem
1076 2290 1199 2350 Dei
1251 2298 1528 2350 recurrat
1579 2290 1855 2361 affectum
1905 2293 2353 2370 propterquod
2405 2293 2649 2363 Alleluja

401 2373 586 2429 latino
611 2389 887 2431 sermone
913 2372 1167 2427 Laudare
1191 2374 1483 2429 Dominum
1511 2373 1746 2431 dieitur.
1806 2372 2154 2445 Quanquam
2187 2379 2250 2430 et
2280 2373 2418 2430 aliis
2447 2373 2650 2432 verbis

404 2453 461 2509 id
500 2453 763 2525 quotidie
808 2453 1154 2527 populorum
1204 2471 1318 2513 Vox
1358 2453 1678 2512 dicentium
1727 2459 1998 2513 resonet:
2055 2454 2309 2508 Laudate
2359 2455 2649 2507 Dominum

402 2532 467 2587 de
502 2534 712 2601 coelis„
742 2534 970 2591 laudate
1006 2551 1125 2588 eum
1164 2535 1219 2592 in
1260 2536 1493 2590 excelsis
1542 2533 1791 2602 (Psalm.
1833 2535 1953 2600 148,
1991 2534 2068 2602 1).
2141 2534 2446 2608 Itemque:
2503 2535 2650 2589 Lau-

404 2612 527 2667 dare
562 2614 879 2672 Dominum.
917 2631 1103 2669 omnes
1137 2616 1323 2685 unqeli
1357 2617 1479 2686 ejus
1516 2614 1681 2685 (ibid.
1718 2612 1797 2684 2).
1861 2614 1945 2672 Et
1984 2615 2224 2673 iterum:
2261 2615 2518 2670 Laudate
2542 2616 2650 2668 Do-

405 2695 602 2748 minum
653 2712 840 2750 omnes
879 2701 1075 2766 ,qentes
1120 2694 1369 2768 (Psalm.
1410 2698 1530 2767 116,
1573 2695 1645 2767 1).
1735 2692 1985 2768 Semper
2038 2712 2206 2767 erge,
2263 2713 2434 2770 quum
2477 2694 2651 2753 -Deus

408 2789 626 2847 quoquo
666 2776 834 2834 modo
874 2776 1042 2835 fideli
1082 2776 1261 2835 eorde
1296 2777 1596 2841 laudatur,
1636 2777 1878 2845 Alleluja
1919 2781 2212 2835 cantatur.

568 3023 898 3111 fEssdofaedg
944 3018 1056 3114 τῆς
1101 3025 1415 3111 ἀπόκρεω.
1518 3027 1935 3092 Hebdomada
1984 3027 2512 3114 Septuaqeeimae.

474 3179 481 3185 '
584 3165 771 3242 'Feria
795 3177 879 3243 Π.
924 3184 1063 3262 post
1090 3180 1483 3245 Dominieum
1531 3180 1701 3245 hune
1749 3180 1914 3245 diem
1961 3184 2077 3243 τοῦ
2110 3177 2362 3244 ἀσώτου
2406 3180 2648 3244 initium

415 3279 503 3337 est
547 3269 913 3358 ἑβδομάδος
956 3280 1070 3363 τῆς
1116 3275 1430 3363 ἅπόκρεω,
1496 3279 1671 3362 eujus
1719 3280 1851 3344 dies
1900 3279 2153 3343 ultimus
2201 3279 2472 3343 habetur
2529 3279 2690 3343 Do·-

414 3373 669 3438 minieus
717 3376 1070 3459 proximus,
1112 3389 1305 3461 vquem
1352 3375 1651 3464 κυριακὴν
1693 3381 1807 3464 τῆς
1854 3376 2150 3462 ἀπόκρεω
2196 3377 2292 3442 vel
2337 3380 2448 3465 τῆς
2488 3373 2649 3440 ἄπο-

414 3465 715 3553 κρεωσίας
759 3473 1095 3557 appellant,
1165 3476 1412 3541 nomine
1478 3496 1553 3540 ex
1609 3496 1677 3540 re
1723 3477 1945 3553 indito,
2017 3476 2179 3559 quod
2229 3476 2520 3539 nimirum
2573 3477 2648 3540 ab

414 3567 525 3634 hoe
572 3571 672 3636 die
721 3572 947 3638 Graeci
1009 3592 1193 3638 earne
1241 3574 1615 3652 abstineant,
1686 3593 1810 3657 qua
1854 3576 2069 3658 utique
2115 3574 2280 3638 laute
2330 3594 2443 3657 per
2488 3574 2645 3637 hane

414 3665 889 3747 hebdomadem,
940 3664 1451 3755 exeeptis'tamen
1482 3672 1652 3736 feriis
1689 3671 1799 3735 IV.
1851 3677 1912 3736 et
1941 3660 2070 3750 VI„
2121 3663 2286 3736 vesei
2335 3670 2534 3735 solent
2559 3671 2647 3754 ῆι

414 3766 569 3830 unde
618 3772 679 3831 et
725 3768 1145 3834 recentiorum
1175 3770 1560 3838 Graecorum
1610 3781 1811 3834 ortum
1863 3770 2118 3834 verbum
2155 3766 2491 3854 ἀποκρεύω
2539 3789 2648 3854 pro

415 3867 723 3946 comiseor,
772 3864 986 3954 epulis
1032 3865 1345 3952 indulgeo.

780 4029 833 4036 ᾤ

498 4181 503 4186 ,
591 4114 631 4182 ¹)
670 4114 723 4170 S.
764 4114 1055 4185 Gregorius
1092 4114 1157 4172 M.
1214 4116 1415 4172 demum
1466 4118 1757 4178 constituit,
1814 4119 1874 4170 ut
1921 4120 2082 4171 extra
2133 4117 2193 4171 id
2235 4079 2468 4186 tempu&
2514 4116 2654 4185 quod

421 4194 1150 4329 Ξοηῖἒηεῖίαζηδξρίιιαῃεείηια
1190 4200 1244 4250 et
1260 4192 1501 4262 Pasc'ha,
1538 4197 1772 4251 Allelu
1781 4198 1801 4265 j
1814 4214 1845 4251 a
1883 4197 2152 4250 diceret
2166 4213 2196 4249 u
2213 4213 2254 4249 r.
2312 4196 2484 4254 (Brev,
2507 4195 2650 4254 Rom.

453 4313 465 4326 ⁶
569 4315 635 4425 Ἀ)
676 4317 913 4412 (3τέ9005
945 4356 1055 4424 Jam
1102 4372 1133 4409 a
1170 4357 1301 4411 feria
1338 4356 1401 4410 II.
1441 4357 1589 4426 hujus
1634 4326 1963 4411 hebdomadis
2011 4374 2042 4410 a
2088 4357 2324 4411 carnibus
2376 4356 2649 4410 abst-inere.

420 4449 559 4488 error
593 4443 689 4504 est,
728 4437 815 4508 qui
859 4452 927 4503 ex
954 4435 1358 4505 Gueranger
1394 4437 1608 4508 (Annae
1633 4438 1732 4502 lit„
1775 4439 2019 4502 Carfime,
2057 4454 2105 4507 p.
2125 4439 2211 4503 31,
2252 4437 2329 4490 ed.
2350 4439 2405 4502 3)
2448 4435 2650 4487 transiit

426 4514 469 4566 in
506 4515 972 4571 Kircbenlexikon
1013 4534 1054 4568 s.
1093 4532 1141 4570 v,
1180 4517 1493 4584 Fastenzeit,
1532 4523 1572 4569 t.
1611 4519 1661 4578 4,
1701 4534 1748 4585 p.
1793 4520 1946 4585 1262,
1986 4519 2064 4571 ed.
2103 4520 2153 4571 2.

2373 4604 2436 4642 φ*
