3514 5391
1398 470 1479 529 De
1518 472 1693 531 ordine
1733 474 2134 547 evangeliorum.
2780 481 2888 536 447

820 671 939 735 Sed
975 677 1039 737 et
1070 673 1148 737 de
1178 677 1587 759 quaternario
1616 676 2148 761 evanqelistarum
2173 700 2392 741 numer
2394 700 2429 740 ο
2455 678 2620 743 idem
2645 678 2694 743 Τ
2712 678 2887 745 heo-

652 786 689 849 p
707 766 747 830 h
764 788 849 832 an
868 788 947 833 es
976 770 1076 855 pie
1098 771 1429 837 admodum
1456 772 1889 857 subtiliterque
1907 773 2422 858 philosophatur
2406 796 2466 840 16
2488 774 2749 841 homilia
2767 777 2888 861 (5.)

647 859 738 941 εἷς
779 863 890 953 τὴν
932 867 1235 957 κυριακὴν
1276 868 1437 951 μετὰ
1482 868 1597 956 τὴν
1641 868 1900 958 ὕψωσιν
1944 870 2132 960 ἤγουν
2178 871 2439 959 πρώτην
2483 877 2600 937 τοῦ
2628 878 2885 952 Λουκᾶ,

652 969 785 1047 post
830 966 1194 1051 explicatam
1260 968 1420 1039 hanc
1482 970 1623 1035 anni
1685 970 1848 1036 inter
1912 976 2177 1055 quatuor
2224 972 2637 1057 evangelistas
2685 974 2890 1039 distri-

652 1063 957 1129 butionem
1006 1077 1279 1151 quatuor
1334 1067 1639 1136 elementa
1694 1067 2018 1136 sensibilis
2062 1069 2286 1133 mundi
2351 1090 2493 1135 cum
2555 1071 2736 1135 virt

646 1167 905 1244 quatuor
951 1164 1414 1249 principalibu8‚
1466 1185 1625 1252 quae
1671 1166 1731 1230 in
1782 1166 2053 1231 hominis
2103 1188 2290 1251 parvo
2335 1169 2566 1233 mundo
2614 1168 2670 1234 61

645 1264 846 1324 torum
894 1264 1230 1345 quamdam
1291 1264 1598 1329 rationem
1644 1264 1912 1343 habent,
1983 1266 2436 1350 comparand0‚
2505 1271 2672 1351 atqu(

645 1362 904 1440 quatuor
967 1361 1287 1446 evangelia
1348 1365 1589 1447 (utpote
1638 1382 1798 1447 quae
1856 1355 1938 1428 ad'
1983 1363 2253 1428 hominis
2300 1364 2672 1430 informatiol

642 1455 775 1521 Deo
813 1457 959 1522 data
986 1458 1138 1540 sint)
1174 1480 1318 1525 cum
1349 1460 1616 1547 singulis
1648 1461 1972 1526 elementis
2021 1482 2092 1527 ac
2126 1462 2456 1527 virtutibus
2487 1464 2667 1528 conse

641 1552 969 1639 Ingeniose
1018 1562 1080 1621 et
1126 1566 1383 1625 venuste
1432 1560 1725 1644 scriptam
1776 1560 2256 1643 disputationem
2308 1560 2507 1626 doctis
2546 1581 2672 1625 ann

644 1652 824 1717 nibus
873 1654 1198 1720 illustravit
1242 1656 1740 1723 Franciscus
1788 1657 2096 1733 Scorsi,
2155 1657 2388 1723 relatus
2438 1660 2600 1743 apud
2649 1659 2672 1724 1

640 1750 808 1815 Patr.
856 1773 952 1836 gr.
1002 1758 1045 1818 t.
1101 1754 1246 1820 132.
1313 1777 1413 1839 pp.
1464 1755 1681 1820 :203—
1687 1750 1837 1839 210,
1902 1756 2007 1820 ubi
2057 1775 2191 1819 eam
2244 1775 2386 1821 cum
2435 1755 2570 1821 aliis
2617 1762 2672 1821 te

642 1847 721 1912 de
780 1850 997 1926 variis,
1066 1871 1222 1936 quas
1268 1852 1488 1919 Patres
1549 1854 1612 1917 in
1662 1855 2056 1937 quaternario
2119 1854 2579 1947 evangeliorum
2629 1876 2665 1920 n

629 1946 869 2017 ¹inesse
893 1949 1136 2027 docent,
1187 1950 1489 2038 mysticis
1514 1952 1859 2022 rationibus
1904 1951 2227 2022 consulere
2276 1953 2506 2036 poteris
2535 1954 2602 2038 ¹).

819 2099 919 2163 De
966 2124 1179 2165 annuo
1212 2102 1693 2167 Dominicarum
1725 2103 1961 2168 cuculo
2009 2103 2099 2167 ad
2117 2104 2460 2190 pericopas
2493 2128 2672 2170 evan<

642 2194 977 2285 descripto,

819 2313 1020 2395 Quum
1070 2316 1134 2381 in
1181 2318 1402 2384 diebus
1431 2318 1759 2383 dominicis
1806 2322 1922 2381 τοῦ
1950 2312 2264 2401 ἑξαμήνου
2297 2315 2672 2403 ἀνεορτάστι

641 2415 752 2496 τῆς
799 2409 1154 2502 Ὀκτωήχου
1196 2415 1369 2481 'nihil
1419 2422 1731 2490 occurrat,
1796 2417 2442 2501 quod-difficultatem
2507 2416 2604 2481 vol
2654 2438 2672 2483 ε

644 2510 811 2575 16166
856 2511 950 2602 1161
1000 2512 1248 2579 aliunde
1297 2520 1482 2592 creet,
1533 2515 1684 2580 satis
1731 2515 1936 2593 fuerit,
1988 2534 2201 2581 eorum
2251 2514 2502 2579 nomina
2551 2535 2626 2580 ex

643 2607 744 2673 hic
794 2610 1219 2695 adscripsisse,
1269 2613 1629 2698 praemissis
1676 2618 1908 2691 tamen,
1976 2629 2131 2698 quas
2180 2634 2230 2677 a·
2262 2613 2526 2698 propriis
2575 2613 2665 2677 sui

643 2709 846 2774 steriis
908 2710 1201 2794 appellari
1263 2711 1549 2790 diximuS,
1617 2712 1849 2777 Triodii
1915 2717 1976 2777 61
2022 2710 2469 2777 Pentecostarii
2519 2711 2672 2777 Dom

644 2812 710 2871 ut
754 2807 840 2871 ita
884 2806 1078 2874 lector
1124 2814 1477 2875 accuratam
1525 2809 1754 2876 habeat
1811 2816 1873 2875 61
1920 2811 2268 2894 simplicem
2334 2829 2580 2893 unoque
2628 2811 2672 2875 i1

641 2911 859 2989 spectu
924 2908 1189 2991 positam
1252 2908 1528 2973 omnium
1596 2909 1786 2973 totius
1834 2909 1977 2973 anni
2025 2908 2488 2973 Dominicarum
2541 2909 2672 2974 seri*

642 3002 1045 3072 divisionem:
1095 3025 1219 3089 qua
1264 3006 1437 3071 brevi
1470 3007 1723 3089 synopsi
1755 3005 1907 3072 nihil
1942 3007 2258 3072 efficacius
2289 3025 2425 3098 esse
2469 3025 2672 3090 comp(

642 3105 706 3164 61
751 3103 828 3166 ad
875 3100 1205 3169 levandum
1257 3104 1671 3169 studiosorum
1713 3104 1993 3169 laborem
2043 3111 2104 3170 et
2135 3105 2210 3169 ad
2246 3105 2668 3171 conservando

642 3200 987 3280 demiarum
1036 3202 1295 3269 fructus,
1388 3190 1725 3287 Sequimur
1787 3208 1996 3269 autem
2042 3202 2484 3268 Kalendarium
2544 3202 2671 3268 Juli

642 3298 828 3379 quod,
879 3300 983 3382 qui
1029 3300 1091 3364 in
1139 3300 1734 3386 Austro-Hungaria
1781 3304 2032 3367 servant
2078 3301 2263 3365 ritum
2309 3318 2626 3386 graecum,

642 3394 849 3460 datam
898 3396 1256 3463 Kalendarii
1304 3398 1569 3463 formam
1620 3399 1894 3463 nondum
1947 3404 2373 3482 susceperunt.

825 3575 866 3643 ¹)
906 3576 1039 3642 Quia
1074 3576 1431 3630 Francisci
1470 3575 1701 3630 Scorsi
1741 3591 1870 3645 opus
1907 3591 2007 3629 non
2044 3576 2276 3629 omnibus
2314 3579 2396 3629 est
2430 3576 2484 3629 in
2524 3576 2672 3629 manil

640 3671 704 3709 eo
740 3655 837 3713 huc
874 3658 1158 3711 transferre
1196 3658 1362 3710 visum
1400 3661 1497 3724 est,
1538 3671 1652 3710 esse
1691 3672 1755 3710 ex
1792 3656 2037 3710 Patribus
2088 3656 2173 3726 qui
2211 3656 2626 3725 quaternarium
2666 3682 2672 3708 1

637 3734 896 3789 listaram
932 3753 1219 3791 numerum
1258 3738 1646 3806 praesignatum
1684 3737 1736 3791 in
1775 3736 1892 3790 Vet.
1932 3730 2161 3789 Testem.
2201 3736 2416 3790 credant
2453 3740 2672 3805 quatuo}

638 3814 755 3869 disi
776 3817 1102 3885 fluminibus
1137 3821 1192 3870 et
1228 3815 1462 3886 quatuor
1500 3817 1741 3881 annuli-9,
1795 3815 1989 3885 quibus
2025 3830 2159 3871 arca
2199 3816 2426 3870 Domini
2454 3816 2672 3886 qestaba

639 3899 876 3964 quatuor
912 3898 1245 3953 animalibus
1281 3897 1594 3953 Ezechielis
1642 3900 1698 3952 et
1733 3895 2106 3966 Apocalypsis.
2182 3896 2577 3962 Quaternarium
2623 3913 2672 3950 m

638 3976 731 4031 alii
766 3978 881 4031 inde
919 3978 1175 4045 derivant,
1213 3978 1355 4047 quod
1388 3982 1624 4048 quatuor
1658 3980 1789 4032 sunt
1810 3980 2011 4046 partes
2044 3977 2196 4031 orbis
2217 3980 2428 4041 terrae,
2453 3992 2564 4044 pet·
2589 3979 2672 4044 cu)

636 4056 953 4110 venitatem
979 4057 1190 4113 Christi
1213 4059 1515 4115 Ecclest'am
1552 4058 1848 4114 dilataturi
1882 4057 2246 4127 evanqelistae
2281 4058 2380 4132 hoc
2414 4071 2612 4110 manus
2648 4055 2672 4124 ι]

634 4136 860 4190 numeri
889 4143 1238 4193 sacramento
1274 4139 1659 4208 quodammodo
1695 4138 2069 4193 declararunt.
2157 4138 2256 4191 Sed
2297 4139 2460 4207 ipsum
2499 4136 2672 4190 sonten

634 4216 693 4270 see·
726 4221 897 4271 raca!-
