3514 5391
648 505 710 555 K.
733 500 795 555 ε’.
824 504 937 553 τῶν
962 501 1236 566 νηστειῶν.
1280 501 1506 567 Μαρίας
1530 501 1620 562 τῆς
1642 501 1967 565 Αἰγυπτίας.
1997 530 2060 538 -
2089 501 2237 555 Dom.
2260 501 2537 556 Passionis.
2615 504 2718 558 189

482 699 779 763 tristitiam
844 700 1195 763 testandam
1255 700 1571 781 spectant,
1637 717 1823 780 quam
1873 698 2057 763 variis
2105 704 2509 768 caeremoniis
2571 705 2717 771 huic

480 800 732 882 tempori
782 798 1050 882 propriis
1097 797 1433 883 significari
1481 796 1794 872 diximus3
1857 803 2034 862 sonat
2097 799 2259 862 enim
2313 801 2481 867 Neci.
2528 803 2718 890 ylulza

484 896 650 962 Dom.
701 897 894 960 surda
919 896 1002 979 ¹);
1072 895 1237 960 Ned.
1292 895 1423 958 tiha
1484 895 1665 959 Dom.
1736 895 2067 980 tranquilla
2092 897 2177 980 2);
2259 899 2424 966 Ned.
2486 928 2718 970 czarna

458 996 601 1058 —sive
651 998 943 1084 cor-naja,
991 993 1298 1060 bohem.
1347 995 1559 1072 cernei,
1607 992 1790 1058 Dom.
1840 993 2106 1078 nigra3).

648 1118 945 1176 Rationes
984 1117 1234 1176 nominis
1271 1118 1559 1182 smrtelnd,
1610 1118 1845 1184 smrtmi,
1881 1118 2204 1186 emrtedlnd,
2253 1139 2363 1193 quo
2400 1123 2718 1188 Dominioa

477 1197 777 1257 Passionis
804 1199 865 1255 in
884 1198 1280 1256 Kalendariis
1307 1196 1734 1256 cechoslavicis
1764 1198 2055 1270 inscripta
2082 1200 2319 1273 legitur,
2348 1204 2720 1271 sufficienter

471 1279 591 1350 jam
629 1279 1069 1337 declaravimus
1106 1296 1201 1353 pp.
1242 1279 1558 1350 142—144‚
1613 1283 1891 1336 auctores
1932 1296 2005 1337 ea
2042 1279 2101 1338 in
2140 1297 2206 1338 re
2246 1284 2472 1356 peritos
2512 1291 2716 1349 secuti.

479 1359 625 1416 Sunt
686 1359 925 1431 quidem
990 1377 1062 1417 ex
1117 1359 1552 1417 recentioribus
1612 1360 2035 1432 scriptoribuS,
2100 1362 2197 1433 qui
2255 1366 2716 1438 appellationem

477 1442 733 1495 smrtelnd
771 1442 989 1507 necleta,
1026 1441 1221 1495 mortis
1258 1441 1565 1506 Domittica‚
1605 1457 1641 1497 a
1677 1445 1855 1495 morte
1893 1439 2138 1507 Christi,
2193 1445 2269 1500 ab
2307 1445 2418 1504 hoc
2457 1448 2552 1507 die
2591 1469 2720 1526 spe·

479 1521 684 1580 cialius
722 1522 1063 1593 recolenda,
1116 1521 1415 1579 deducere
1457 1521 1770 1592 studeant,
1824 1522 1974 1592 quod
2013 1522 2191 1580 ritum
2230 1541 2554 1601 nomenque
2594 1532 2719 1588 eth·

478 1602 642 1660 nicae
684 1603 1007 1661 vetustatis
1047 1619 1083 1660 a
1120 1603 1333 1675 populo
1372 1602 1698 1660 christiano
1736 1603 1975 1673 impune
2002 1603 2235 1661 servari
2261 1622 2430 1677 posse
2458 1626 2570 1668 non
2599 1613 2717 1670 exi·

477 1683 731 1743 stimeut.
804 1683 1032 1743 Verum
1070 1682 1175 1740 isti
1212 1682 1444 1750 timent,
1482 1682 1582 1740 ubi
1621 1698 1737 1739 non
1777 1687 1873 1739 est
1908 1683 2114 1753 timor3
2168 1701 2240 1740 ea
2280 1683 2432 1745 enim
2473 1707 2587 1748 non
2628 1698 2721 1749 est

476 1763 787 1822 Ecclesiae
826 1781 1010 1829 mens,
1049 1771 1115 1821 ut
1153 1764 1351 1822 cuncti
1388 1763 1542 1821 ritus
1580 1763 1897 1836 populares
1935 1769 2069 1835 post
2107 1768 2548 1827 conversionem
2589 1770 2720 1829 fun-

476 1844 630 1902 ditus
669 1845 1013 1902 evellantur
1051 1861 1123 1902 ac
1164 1844 1495 1916 deleantur,
1535 1843 1639 1901 sed
1667 1844 1879 1918 potius
1919 1852 1985 1902 ut
2010 1874 2078 1884 —
2107 1846 2383 1907 abstersa
2411 1852 2486 1909 ab
2509 1852 2718 1911 iisdem

481 1926 631 1983 omui
671 1924 1117 1998 superstitionis
1157 1924 1467 1998 impietate
1506 1953 1576 1963 —
1614 1923 1732 1982 rite
1773 1924 2016 1997 purgati
2055 1941 2127 1983 ac
2164 1930 2353 1987 veluti
2393 1934 2720 1992 exorcizati

477 2006 835 2063 orthodoxae
876 2005 1089 2079 pietati
1126 2004 1422 2064 fovendae
1471 2005 2015 2063 accommodentur:
2075 2008 2556 2079 quemadmodum
2611 2032 2721 2073 nec

477 2086 599 2159 ipsa
638 2086 1107 2144 execrandorum
1163 2085 1447 2143 idolorum
1500 2085 1646 2142 fana
1686 2085 1946 2151 destrui,
2000 2087 2104 2143 sed
2144 2089 2433 2159 expiando
2483 2108 2517 2148 a
2558 2096 2720 2153 cultu

477 2167 819 2225 daemonum
862 2168 923 2223 in
963 2167 1299 2240 obsequium
1340 2167 1473 2224 veri
1500 2165 1622 2224 Dei
1661 2167 2009 2224 commutari
2040 2167 2258 2226 Patres
2289 2169 2519 2240 jubent.
2550 2205 2617 2214 —
2645 2175 2720 2233 Id

478 2248 740 2319 quamvis
778 2246 1155 2306 sufficienter
1190 2249 1497 2320 probatum
1532 2246 1660 2319 jam
1700 2246 1889 2305 fuerit
1928 2254 2082 2305 tomo
2111 2250 2160 2320 1,
2199 2252 2495 2308 nonnullis
2532 2256 2721 2327 parti·

476 2330 775 2386 cularibus
816 2328 1337 2386 consuetudinibus
1377 2344 1447 2385 ac
1475 2328 1867 2386 caeremoniis
1907 2328 2181 2387 adductis
2197 2330 2265 2399 ⁴),
2305 2349 2413 2404 per
2449 2334 2604 2393 hanc
2631 2355 2720 2393 oc·

475 2410 769 2467 casionem
798 2415 1005 2465 tamen
1030 2409 1451 2467 universaliori
1479 2408 1731 2481 quadam
1763 2410 2060 2466 sententia
2089 2410 2318 2482 plenius
2341 2415 2720 2474 confirmasse

470 2490 714 2560 juverit.
788 2488 888 2546 Ea
940 2489 1012 2545 de
1061 2506 1126 2546 re
1180 2489 1368 2560 igitur
1421 2497 1677 2546 mentem
1731 2505 1895 2546 suam
1954 2491 2466 2560 &Gregorius
2505 2496 2579 2554 M.
2634 2498 2722 2554 ita

479 2571 712 2643 aperuit
750 2587 794 2626 s,
824 2569 1180 2640 Augustino,
1217 2569 1548 2641 Anglorum
1590 2569 1864 2642 episcopo
1881 2569 1958 2636 15);
1997 2569 2121 2627 Diu
2161 2588 2382 2629 mecum
2426 2575 2499 2631 de
2539 2592 2720 2634 causa

480 2651 807 2722 Anglorum
850 2649 1118 2723 cogitans
1156 2650 1439 2721 tractavi,
1480 2650 1784 2720 videlicet,
1825 2650 1964 2722 quia
2001 2649 2146 2707 fana
2180 2651 2464 2712 idolorum
2495 2655 2720 2716 destrui

477 2733 527 2790 in
568 2749 647 2790 ea
685 2738 867 2803 gente
909 2730 1144 2789 minime
1185 2732 1462 2803 debeant,
1514 2731 1620 2788 sed
1661 2733 1792 2804 ipsa
1830 2748 1980 2803 quae
2020 2731 2078 2789 in
2120 2732 2207 2789 eis
2246 2740 2384 2791 sunt
2422 2735 2585 2795 idola
2625 2738 2722 2794 de-

473 2813 867 2880 struantur⁸).
960 2812 1137 2883 Aqua
1187 2812 1505 2871 benedicta
1553 2811 1691 2881 flat,
1750 2813 1811 2868 in
1863 2811 2082 2869 eisdem
2133 2810 2292 2871 fanis
2346 2825 2723 2888 aspergatur,

473 2895 703 2952 altaria
742 2899 1182 2963 construantur,
1222 2893 1515 2963 reliquiae
1554 2898 1865 2965 ponantur,
1906 2892 2043 2964 quia
2080 2893 2129 2949 si
2157 2890 2303 2950 fana
2330 2893 2540 2951 eadem
2572 2898 2720 2953 bene

473 2982 821 3032 constructa
855 2981 1008 3045 sunt,
1049 2990 1291 3031 neccsse
1315 2980 1423 3043 est,
1462 2978 1529 3029 ut
1550 2990 1585 3029 a
1608 2974 1770 3030 cultu
1794 2972 2136 3030 daemonum
2160 2973 2219 3029 in
2235 2974 2571 3047 obsequium
2594 2979 2723 3034 veri

470 3055 591 3113 Dei
634 3056 902 3113 debeant
940 3055 1306 3125 commutari,
1344 3059 1411 3111 ut
1451 3053 1581 3110 dum
1622 3070 1769 3123 gens
1811 3053 1941 3124 ipsa
1980 3054 2186 3110 eadem
2227 3052 2373 3111 fana
2411 3072 2524 3112 non
2557 3057 2724 3116 videt

471 3134 721 3193 destrui,
777 3134 849 3191 de
891 3133 1065 3190 corde
1106 3151 1367 3192 errorem
1409 3133 1681 3205 deponat,
1742 3139 1820 3204 et,
1873 3131 2065 3190 Deum
2116 3151 2319 3192 verum
2362 3151 2721 3207 cognosceus

656 3331 701 3395 ¹)
743 3332 789 3383 A
828 3329 955 3382 slav.
990 3329 1171 3396 ylncle,
1207 3328 1403 3399 κωφός,
1443 3329 1642 3383 surdus·

653 3411 699 3477 2)
742 3413 785 3463 Α
826 3410 956 3462 slav.
994 3409 1121 3473 tiele,
1158 3414 1342 3478 πρᾷος,
1384 3410 1529 3477 lenis,
1568 3410 1738 3474 ἤπιος,
1779 3410 1936 3475 mitis,
1979 3408 2197 3478 ἥσυχος,
2238 3414 2561 3484 tranquillus.

652 3491 701 3559 ⁸)
744 3492 790 3544 A
829 3493 948 3553 ἴϊη,
971 3492 1151 3559 μέλας,
1180 3492 1345 3558 niger.
1404 3491 1510 3543 Cfr.
1538 3491 1587 3544 M
1606 3492 1618 3543 i
1639 3491 1742 3543 klo
1765 3490 1938 3555 sich,
1979 3491 2217 3545 Lexiron
2233 3494 2720 3561 palaeoslorenico·

465 3571 949 3641 praeco-latinum,
986 3588 1069 3624 vv.
1102 3572 1284 3639 ylarlae,
1320 3570 1445 3635 tiele,
1483 3571 1600 3625 ἔνη.
1646 3602 1707 3608 —-
1767 3570 1938 3624 Etiam
1978 3571 2025 3624 in
2067 3572 2390 3628 Kalendariis
2427 3576 2722 3643 hungaricis

469 3656 594 3709 haec
634 3651 911 3708 Dominica
942 3653 1051 3720 jam
1089 3652 1383 3706 inscribitur
1420 3651 1620 3705 Pekele
1657 3652 1952 3719 rctsdrmtp,
1990 3652 2148 3705 Dom.
2185 3653 2365 3721 niqra.

592 3792 601 3799 ,
648 3735 699 3801 ⁴)
742 3734 813 3788 Ut
852 3749 975 3786 usus
1013 3749 1275 3785 cereorum
1314 3750 1345 3784 a
1382 3732 1545 3785 sacris
1584 3731 1941 3800 Lupercalium
1981 3733 2044 3785 ad
2083 3734 2438 3788 celebritatem
2477 3735 2718 3790 Purifica-

469 3817 622 3871 tionis
663 3817 725 3869 B.
768 3814 835 3868 M.
878 3812 939 3866 V.
979 3813 1217 3865 translati
1260 3814 1363 3881 (pp.
1403 3813 1665 3871 92-93);
1715 3830 1837 3866 usus
1874 3813 1998 3866 item
2037 3813 2308 3867 herbarum
2347 3816 2721 3870 medicinalium

469 3898 585 3951 olim
624 3895 994 3966 superstitiose
1034 3893 1083 3945 in
1121 3892 1350 3945 domibus
1388 3909 1768 3961 suspensurum,
1808 3899 1988 3962 postca
2026 3895 2089 3948 ab
2112 3894 2343 3947 Ecclesia
2381 3896 2721 3950 intervenien-

469 3979 604 4032 tibus
644 3977 815 4031 sacris
855 3974 1037 4027 litibus
1076 3974 1374 4027 solemniter
1411 3973 1794 4027 benedictarum
1834 3984 1905 4041 (p.
1944 3975 2090 4037 ⁸249).

648 4057 695 4124 ὅ)
738 4054 921 4125 Epist.
960 4053 1035 4106 acl
1070 4053 1335 4107 Mellimm
1375 4054 1640 4117 abbatem,
1677 4054 1762 4106 lib.
1803 4055 1853 4117 9,
1892 4070 1971 4122 ep.
2001 4058 2086 4109 76.
2146 4056 2314 4124 (Apud
2349 4056 2536 4122 Migne,
2577 4056 2719 4110 Patr.

468 4139 559 4193 lat.
600 4145 640 4193 t.
682 4140 770 4203 77,
812 4151 896 4205 pp.
940 4135 1115 4188 1215-
1159 4135 1331 4197 1216.)

650 4222 697 4286 ⁸)
739 4218 798 4271 In
840 4215 1053 4269 caridem
1093 4215 1401 4268 sententiam
1452 4233 1491 4268 s.
1532 4214 1959 4281 Augustinus
2010 4216 2219 4283 scripsit
2268 4216 2317 4268 in
2364 4215 2588 4283 epistola
2630 4215 2719 4269 47.

470 4298 543 4352 ad
582 4296 964 4353 Publicolam:
1013 4296 1173 4359 Quum
1213 4295 1421 4364 templa,
1462 4296 1610 4357 idola,
1651 4295 1747 4347 luci
1790 4335 1802 4347 .
1844 4335 1857 4348 .
1898 4335 1910 4347 .
1953 4296 2000 4348 in
2040 4296 2282 4349 honorem
2321 4296 2428 4348 veri
2471 4296 2564 4348 Dei
2605 4312 2719 4349 cou-

469 4384 760 4441 vertuutur,
816 4376 914 4429 hoc
955 4374 1016 4427 de
1054 4375 1154 4428 illis
1192 4378 1264 4439 fit,
1315 4376 1447 4444 quod
1485 4376 1546 4428 de
1586 4375 1898 4439 hominibus,
1936 4392 2087 4443 quum
2127 4392 2191 4428 ex
2229 4376 2498 4442 sacrilegis
2537 4381 2590 4428 et
2629 4377 2718 4428 im-

471 4459 565 4527 piis
606 4461 654 4513 in
696 4472 881 4512 verum
922 4454 1221 4523 religionem
1257 4461 1536 4509 mutantur.
1614 4454 1763 4519 (lbid.
1805 4462 1842 4507 t.
1881 4458 1967 4517 33,
2007 4472 2055 4524 p.
2100 4456 2239 4519 185.)
2651 4460 2656 4467 ·
