3514 5391
860 484 932 539 82
1515 485 1674 543 Festa
1710 470 1918 544 mobilia
1955 488 2006 543 in
2044 488 2464 560 Quadragesima.

863 678 985 736 οἷον
1019 686 1490 754 προομαλίζεσθαι
1538 685 1665 744 τούς
1699 688 1930 755 μέλλον-

867 781 960 823 τας
1009 766 1283 818 εἰσελθεῖν
1335 768 1411 824 εἰς
1459 766 1558 818 τὸν
1604 764 1779 819 κόπον
1824 771 1932 820 τῶν

868 848 1145 908 νηστειῶν,
1184 843 1306 914 ἅμα
1341 843 1402 897 δὲ
1438 848 1528 897 καὶ
1551 850 1817 915 τιμῶντες
1839 847 1932 906 τοῖς

864 928 1112 990 νηστείας
1145 929 1222 991 τῷ
1246 925 1474 995 ἀριθμῷ
1509 930 1601 992 τῆς
1624 925 1788 994 ἁγίας
1810 942 1925 981 τεσ-

864 1011 1212 1075 σαρακοστῆς,
1242 1006 1311 1073 ἣν
1329 1006 1652 1073 ἑνήστευσεν
1677 1006 1708 1059 ὁ
1730 1008 1935 1077 Κύριος

864 1083 1037 1155 ἡμῶν.
1128 1089 1203 1138 Αἱ
1266 1087 1372 1157 yde
1434 1087 1572 1139 ὀκτώ
1632 1087 1935 1157 ἑβδομάδες

864 1166 1297 1238 ’ὑφαιρουμένων
1345 1172 1453 1221 τῶν
1497 1167 1799 1233 Σαββάτων
1846 1173 1932 1221 καὶ

865 1251 973 1300 τῶν
1012 1253 1318 1318 Κυριακῶν,
1363 1248 1767 1318 τεσσαράκοντα
1803 1248 1933 1319 ἦμέ-

866 1347 956 1398 ραι
993 1333 1261 1396 γίνονται,
1302 1333 1607 1400 τιμωμένης
1643 1329 1772 1381 καθ’
1809 1330 1935 1383 ἑαυ-

867 1409 965 1476 τὴν
1013 1414 1105 1475 τῆς
1153 1414 1402 1476 νηστείας
1450 1415 1550 1463 τοῦ
1588 1410 1756 1478 ἁγίου
1794 1414 1936 1475 Σαβ-

863 1489 1048 1555 βάτου,
1088 1489 1182 1543 tho?
1209 1491 1271 1544 τό
1293 1489 1431 1543 εἶναι
1451 1490 1621 1558 αὐτὴν
1640 1490 1937 1562 ἱερωτάτην

864 1574 950 1622 καὶ
997 1569 1180 1640 μόνην
1228 1576 1513 1638 νηστείαν,
1565 1571 1674 1623 α’πό
1714 1572 1936 1625 πάντων

864 1649 1167 1716 Σαββάτων
1230 1656 1330 1704 τοῦ
1385 1652 1656 1711 ἐνιαυτοῦ,
1751 1655 1828 1703 Αἱ
1877 1652 1936 1704 δὲ

865 1731 997 1784 ἕπτιὶ
1055 1730 1359 1802 ἑβδομᾶδες
1405 1734 1576 1803 χωρὶς
1631 1736 1738 1785 τῶν
1789 1736 1935 1796 Σαβ-

863 1811 1045 1876 βάτων
1082 1814 1171 1863 καὶ
1209 1816 1318 1865 τῶν
1355 1815 1646 1882 Κυριακῶν
1683 1816 1936 1880 γίνονται

881 1893 1178 1962 τριάκοντα
1238 1897 1394 1946 πέντε
1458 1891 1671 1963 ἡμέραι·
1742 1892 1940 1945 λοιπόν

867 1977 1308 2045 προστιθεμένου
1359 1978 1458 2026 τοῦ
1494 1973 1787 2037 Σαββάτου
1838 1976 1937 2025 τοῦ

864 2053 1132 2123 μεγάλου,
1170 2057 1259 2105 καὶ
1297 2058 1396 2106 τοῦ
1421 2052 1658 2123 ἡμίσεως
1682 2057 1772 2119 τῆς
1796 2055 1935 2121 λαμ-

865 2138 1004 2205 πρᾶς
1040 2137 1130 2187 καὶ
1167 2139 1489 2205 φωτοποιοῦ
1525 2132 1734 2195 νυκτός,
1785 2134 1937 2202 τριά-

865 2234 1030 2269 κοντα
1066 2214 1120 2280 ἓξ
1156 2214 1327 2285 ἥμισυ
1365 2213 1560 2285 ἡμέραι
1600 2218 1759 2267 εἰσίν·
1803 2211 1937 2282 ὅπερ

869 2297 980 2349 ἐστὶ
1035 2296 1097 2348 τό
1155 2297 1383 2349 δέκατον
1449 2300 1557 2349 τῶν
1613 2298 1939 2365 τριακοσίων

871 2375 1125 2442 ἑξήκοντα
1163 2380 1319 2429 πέντε
1357 2374 1577 2445 ἡμερῶν
1626 2378 1726 2427 τοῦ
1764 2375 1936 2427 ένιαυ·

867 2461 981 2521 τοῦ,
1029 2457 1170 2527 μετά
1210 2458 1406 2523 πολλῆς
1440 2456 1728 2527 ἀκριβείας.
1813 2458 1936 2508 Τῶν

867 2536 974 2610 γάρ
987 2541 1313 2608 τριακοσίων
1331 2536 1393 2589 τό
1412 2536 1642 2590 δέκατόν
1656 2537 1769 2589 ἔστι
1789 2534 1934 2606 τριά-

867 2636 1049 2682 κοντα,
1082 2623 1171 2671 καὶ
1198 2622 1306 2671 τῶν
1331 2618 1583 2684 ἐξήκοντα
1603 2617 1665 2668 ro*
1691 2617 1934 2681 δέκατον,

870 2698 990 2764 ἦς’,
1019 2704 1108 2752 καὶ
1128 2703 1237 2753 τῶν
1255 2704 1430 2760 πέντε,
1469 2699 1531 2751 τό
1551 2698 1741 2769 ἣμισυ.
1794 2697 1932 2749 ‘moe

869 2780 1159 2848 τριάκοντα
1195 2779 1251 2845 ἓξ
1288 2779 1459 2849 ἥμισυ
1496 2778 1709 2848 ἡμέραι,
1757 2777 1940 2835 καθώς

872 2864 1122 2931 εἴπομεν·
1162 2860 1297 2926 αὕτη
1333 2860 1481 2913 ἐστὶν
1517 2859 1547 2925 ἠ
1586 2858 1824 2920 δεκατία,
1871 2857 1941 2915 ὠς

872 2941 944 2993 ιῖν
983 2945 1106 3013 εἴπῃ
1146 2960 1240 3002 τις,
1292 2939 1497 2998 παντὸς
1533 2943 1632 2992 τοῦ
1669 2939 1939 2998 ἐνιαυτοῦ,

2044 703 2420 759 pararcmnr,
2472 695 2536 747 et
2584 689 2772 761 ipsum
2817 687 3106 759 jejunium

2041 784 2282 825 numero
2316 774 2563 826 sanctae
2598 767 3105 841 Quadragesimae

2042 864 2215 921 quam
2244 848 2534 907 Dominus
2572 854 2775 906 noster
2812 849 3105 920 integram

2034 927 2353 1000 jejunavit,
2393 929 2741 987 honoratius
2768 927 3107 986 redderent.

2044 1006 2196 1066 Octo
2237 1010 2388 1067 enim
2418 1009 2837 1080 hebdomades,
2876 1009 3109 1067 subtra-

2045 1091 2158 1147 ctis
2185 1088 2469 1148 Sabbatis
2498 1096 2561 1148 et
2584 1090 2934 1155 Dominicis,
2973 1105 3109 1160 qua·

2045 1170 2329 1242 draginta
2382 1171 2510 1229 dies
2559 1171 2893 1245 perficiunt,
2941 1184 3112 1241 prae·

2044 1250 2335 1309 honorato
2391 1268 2616 1325 qnoque
2662 1252 2719 1309 in
2761 1268 2825 1308 se
2864 1250 2993 1323 ipso
3024 1249 3111 1321 je·

2038 1331 2205 1402 junio
2233 1330 2488 1391 Sabbati
2527 1332 2737 1403 sancti,
2777 1329 2929 1404 quod
2956 1329 3115 1387 inter

2046 1419 2293 1469 caetera
2323 1412 2559 1484 jejunia
2590 1412 2773 1471 totius
2801 1409 2945 1469 anni
2983 1425 3114 1467 san-

2047 1492 2373 1550 ctissimum
2441 1498 2505 1551 et
2566 1492 2944 1550 verissimum
3005 1495 3097 1547 est

2044 1570 2285 1644 Septem
2325 1578 2522 1631 autem
2547 1571 2958 1630 hebdomadae
2987 1571 3115 1629 abs·

2044 1668 2155 1724 que
2196 1649 2480 1712 Sabbatis
2532 1657 2595 1709 et
2629 1650 2965 1710 Dominicis
3009 1649 3115 1707 tri-

2044 1733 2213 1804 ginta
2229 1732 2479 1805 quinqne
2496 1732 2624 1789 dies
2642 1732 2957 1804 complent,
2996 1730 3116 1803 qui-

2043 1813 2151 1870 bus
2205 1812 2444 1884 adjecto
2484 1810 2751 1871 Sabbato
2790 1816 3003 1869 sancto
3056 1816 3119 1867 et

2046 1892 2240 1950 media
2288 1900 2463 1966 parte
2524 1892 2781 1952 illustris
2829 1892 2999 1950 illins
3057 1897 3119 1948 et

2045 1974 2500 2047 splendissimae
2523 1974 2713 2032 noctis
2733 1972 2995 2044 triginta
3014 1987 3116 2029 sex

2035 2071 2173 2134 ,cum
2220 2054 2461 2112 dimidio
2501 2059 2917 2128 computantur
2958 2051 3116 2120 dies;

2046 2152 2196 2206 quae
2208 2133 2439 2192 decima
2458 2152 2600 2209 pars
2618 2140 2723 2201 est,
2746 2134 2797 2191 si
2819 2137 2991 2191 recte
3014 2148 3112 2190 nu·

2046 2233 2266 2286 mereS‚
2333 2221 2736 2274 trecentorum
2793 2213 3115 2286 sexaginta

2048 2296 2299 2366 quinque
2332 2295 2560 2353 dierum
2594 2295 2750 2353 anni.
2789 2293 3117 2353 Trecento-

2047 2392 2176 2433 rum
2198 2375 2353 2433 enim
2373 2375 2601 2433 dierum
2624 2374 3011 2447 decimapars
3029 2379 3121 2431 est

2046 2455 2854 2528 triginta;sexagenariivero
2866 2454 3118 2524 numeri,

2046 2552 2176 2606 sex;
2191 2535 2451 2607 quinarii
2461 2541 2661 2593 antem
2675 2534 2957 2593 dimidius
2972 2534 3116 2592 dies,

2046 2616 2222 2674 Haec
2249 2621 2343 2674 est
2369 2614 2703 2679 decimatio,
2745 2631 2917 2686 quam
2951 2614 3118 2672 nobis

2048 2698 2109 2754 in
2143 2695 2572 2771 poenitentiam
2610 2701 2673 2752 et
2700 2693 3115 2768 purgationem

2050 2782 2428 2849 peccatorum
2480 2780 2815 2832 nostrorum
2862 2775 3117 2847 apostoli

2049 2858 2243 2915 sancti
2284 2860 2722 2914 consecrarunt.

873 3022 938 3088 ἣν
966 3021 1203 3091 ἦγίασαν
1239 3018 1376 3091 ἡμῖν
1416 3024 1491 3079 εἰς
1519 3020 1824 3089 μετάνοιαν
1861 3021 1913 3069 οἱ
1950 3016 2101 3086 ἅγιοι
2128 3015 2441 3083 ἀπόστολοι,
2479 3015 2786 3085 καθάρσιον
2815 3014 2993 3069 οὖσαν
3012 3019 3119 3067 τῶν

874 3102 1174 3174 ἁμαρτιῶν,
1213 3100 1283 3160 ὥς
1321 3099 1490 3164 εἶπον,
1529 3100 1733 3160 παντὸς
1770 3103 1871 3152 τοῦ
1908 3100 2178 3154 ἐνιαυτοῦ.

1051 3209 1152 3267 Ab
1179 3209 1270 3267 his
1299 3224 1414 3266 non
1440 3208 1804 3279 discrepant,
1842 3224 1992 3279 quae
2027 3205 2299 3276 Τριῴδιον
2338 3205 2409 3262 de
2437 3203 2872 3276 significatione
2910 3209 2977 3262 et
3002 3203 3117 3260 fine

878 3290 1393 3363 quadragesimae
1445 3289 1620 3347 docet
1637 3287 1711 3359 ¹):
1767 3287 1973 3341 Ἰστέον
2011 3287 2099 3350 δὲ,
2148 3285 2218 3346 ὥς
2254 3282 2691 3353 ἀποδεκατισμός
2726 3284 2875 3336 ἐστιν
2912 3282 3052 3349 αὕτη
3088 3283 3119 3348 ἢ

873 3371 1009 3439 ιῖγία
1045 3374 1135 3423 καὶ
1159 3369 1373 3442 μεγάλη
1398 3367 1797 3439 τεσσαρακοστὴ
1836 3371 1936 3420 τοῦ
1973 3367 2105 3421 ὅλου
2143 3367 2413 3419 ἐνιαυτοῦ·
2451 3363 2633 3430 ἐπειδὴ
2670 3363 2778 3433 γάρ
2803 3363 2912 3415 ἀπὸ
2939 3363 3120 3434 (ia-⁹11-

875 3457 1006 3521 μίας
1044 3457 1144 3504 τοῦ
1181 3450 1465 3517 νηστεύειν
1509 3453 1596 3501 καὶ
1636 3453 1743 3502 τῶν
1779 3453 1956 3502 κακῶν
1994 3448 2188 3519 ἀργεῖν
2225 3447 2337 3516 οὐχ
2374 3445 2712 3517 αἱρούμεθα,
2761 3443 2831 3503 ὥς
2866 3463 2918 3495 τι
2958 3447 3119 3514 θέρος

876 3537 1077 3602 ψυχῶν
1102 3531 1303 3598 ταύτην
1330 3534 1381 3582 οἱ
1402 3530 1700 3583 ἀπόστολοι
1724 3533 1815 3581 καὶ
1840 3532 1895 3581 οἵ
1924 3534 2071 3583 θεῖοι
2092 3532 2315 3599 πατέρες
2339 3526 2666 3598 παρέδοσαν·
2690 3523 2761 3584 ὥς
2777 3525 2864 3591 ἄν,
2891 3523 2997 3576 ὅσα
3022 3525 3116 3576 διά

875 3617 973 3666 τοῦ
996 3613 1250 3686 ἐνιαυτοῦ
1270 3610 1401 3665 ὅλου
1414 3611 1593 3663 ἄτοπα
1605 3609 2041 3682 διεπραξάμεθα,
2062 3614 2166 3662 νῦν
2179 3606 2620 3678 συντριβόμενοι,
2644 3608 2734 3658 καὶ
2752 3605 2846 3657 δια
2868 3609 3119 3671 νηστείας

877 3693 1321 3762 ταπεινούμενοι,
1371 3691 1779 3760 ἅπολείψωμεν,
1828 3691 1894 3756 ἢν
1930 3695 2018 3742 καὶ
2048 3689 2346 3760 φυλάττειν
2385 3688 2686 3759 ὀφείλομεν
2721 3686 3115 3758 ἀκριβέστερον.

943 3880 1051 3940 De
1101 3878 1513 3938 minoribus
1563 3878 1953 3949 utriusque
2000 3877 2374 3936 Ecclesiae
2423 3873 3045 3946 Quadragesimis.

1055 4017 1131 4080 In
1179 4013 1466 4080 Ecclesia
1509 4036 1757 4100 yraeca.
1795 4052 1869 4060 --
1922 4009 2452 4098 Τεσσαρακοστάς
2498 4019 2760 4095 quatuor
2784 4010 3113 4074 observant

879 4115 1120 4192 Graeci,
1170 4117 1473 4202 majorem
1520 4114 1755 4178 scilieet
1804 4117 1945 4176 ante
1992 4111 2270 4188 Pascha;
2332 4111 2589 4176 alteram
2636 4103 3114 4194 Apostolovwn}

879 4214 1124 4278 tertiam
1177 4213 1643 4299 Assumptionis
1689 4211 2053 4296 Deiparae;
2100 4214 2380 4294 quartam
2433 4207 2838 4284 Nativitatis,
2883 4224 3113 4268 τεσσα-

1065 4444 1103 4511 ¹)
1145 4443 1202 4496 In
1240 4442 1490 4512 Synaxar.
1535 4443 1805 4510 Κυριακῆς
1841 4443 1932 4504 τῆς
1970 4443 2200 4506 τυρινῆς.
