3514 5391
1113 520 1426 589 Ὀκτώηχος.
1482 522 1743 576 Semestre
1783 523 2019 575 aestatis.

2582 523 2689 577 437

437 725 856 809 pronuntiant.
952 723 1155 789 Hodie
1213 729 1422 788 tamen
1490 729 1551 788 et
1598 725 1734 808 ipsa
1794 726 2230 808 complectitur
2288 727 2497 810 plures
2558 729 2690 793 dies

434 823 629 887 festos
656 823 1072 908 conceptivo8‚
1106 841 1371 906 quorum
1397 821 1676 887 nonnulli
1701 827 1829 887 toto
1864 823 2015 888 orbe
2046 825 2362 909 praecipui
2390 846 2400 889 1

432 942 553 1005 que
600 922 774 1006 digni
823 926 987 999 sunt,
1039 941 1195 1004 quos
1244 921 1416 986 brevi
1456 922 1911 985 'commentario
1961 921 2362 989 illustremus,

612 1027 846 1093 Octavo
896 1029 995 1094 die
1046 1034 1185 1113 post
1232 1027 1645 1092 Pentecosten
1712 1029 2042 1093 exhibetur
2072 1029 2319 1115 festum
2367 1030 2400 1094 fi

431 1128 698 1205 nitatis5
759 1127 917 1192 feria
962 1126 1039 1192 V.
1105 1126 1383 1209 proxime
1445 1129 1727 1210 sequenti
1771 1127 2021 1213 festum
2074 1126 2376 1214 Corporis

426 1232 488 1290 et
536 1247 705 1291 nono
754 1231 897 1311 post
943 1226 1042 1289 die
1074 1224 1322 1311 festum
1352 1222 1466 1290 SS.
1513 1222 1738 1289 Cordis
1771 1226 1965 1304 Jesu5
2015 1246 2229 1291 mense
2261 1226 2400 1291 Juli‹

419 1325 879 1411 pretiosissimi
926 1322 1275 1410 Sanquinis
1322 1324 1404 1389 D.
1457 1325 1545 1389 N.
1595 1325 1661 1390 J.
1707 1323 1857 1404 Gk,
1904 1346 2120 1389 mense
2141 1326 2400 1410 August«

421 1423 830 1502 s.Joaclzim;
878 1442 1091 1488 mense
1128 1423 1485 1506 Septembri
1500 1422 1746 1507 festum
1779 1434 2010 1509 septem
2043 1423 2331 1488 dolorum
2355 1423 2400 1486 Ε

422 1542 647 1588 mense
699 1521 951 1587 Octobri
994 1519 1194 1607 plura
1235 1519 1374 1584 alia
1405 1520 1713 1585 solemnia
1743 1521 2020 1611 ejusdem
2051 1520 2165 1586 SS.
2204 1522 2400 1607 Deiye

420 1620 758 1685 mensibus
806 1619 1147 1685 Novembri
1198 1625 1260 1685 et
1308 1620 1641 1685 Decembri
1691 1625 1941 1704 tempus
1992 1621 2332 1686 Adventus.

606 1727 955 1811 Perpauca.
1014 1733 1083 1791 ut
1132 1728 1333 1806 videa,
1398 1728 1763 1812 conceptiva
1810 1727 2113 1793 solemnia
2156 1748 2400 1793 numerz

418 1826 887 1912 longitudinem
935 1825 1269 1891 Semestris
1328 1830 1604 1908 spectes;
1665 1831 1942 1912 segetem
2010 1831 2219 1891 tamen
2285 1847 2396 1912 arg

419 1948 564 1992 rum
616 1927 685 1990 in
733 1926 808 1990 iis
856 1925 1160 1990 habemus
1209 1925 1391 2009 plane
1453 1925 1743 2003 uberem,
1809 1945 1966 2009 quae
2030 1946 2140 2009 pro
2190 1926 2400 2008 scripti

416 2026 592 2091 tione
624 2024 1014 2109 expedienda
1043 2029 1227 2107 atque
1258 2021 1624 2088 illustranda
1650 2029 1813 2102 sunt,
1865 2044 1942 2089 ne
1970 2024 2294 2089 materiam
2322 2028 2400 2088 tra

416 2125 710 2209 dignam,
774 2128 1070 2206 tanquam
1117 2122 1195 2186 ad
1244 2122 1476 2187 exitum
1517 2123 1652 2205 jam
1701 2128 2136 2208 properantes,
2200 2123 2400 2187 intact¹

418 2222 645 2306 quisse
696 2221 1034 2286 videamur.

607 2329 703 2394 Ut
741 2334 944 2394 autem
994 2348 1152 2412 quae
1186 2348 1297 2413 pro
1329 2329 1787 2393 academiarum
1822 2349 1937 2393 usu
1972 2329 2250 2393 adnotari
2286 2331 2400 2411 pot?

419 2429 715 2501 interest,
766 2427 1013 2492 lectoris
1061 2428 1340 2491 animum
1389 2426 1650 2493 utilitate
1700 2427 1905 2511 aliqua
1935 2428 2090 2492 citra
2117 2427 2400 2491 fastidius

420 2526 707 2610 possint,
775 2532 913 2591 ante
963 2526 1171 2590 omnia
1218 2524 1637 2590 occidentales
1684 2524 1940 2590 tabulas
1977 2524 2316 2612 paschales
2360 2549 2400 2587 u

416 2624 779 2708 Breviarii,
841 2622 1034 2687 latini
1093 2633 1151 2686 et
1194 2622 1565 2710 ylayolitici,
1632 2624 1711 2689 ob
1762 2623 1973 2689 oeulos
2022 2624 2400 2708 explicandas

420 2744 603 2801 mus;
658 2723 888 2788 etenim
938 2743 1129 2807 quum
1179 2723 1420 2788 novitas
1470 2728 1531 2788 et
1577 2725 1842 2789 varietas
1892 2724 2218 2788 mirificam
2268 2723 2400 2786 hab«

422 2822 854 2899 lectationem,
894 2822 1141 2904 juvenis
1174 2823 1568 2887 academicus
1596 2823 1656 2887 in
1692 2821 2173 2905 contemplanda
2198 2819 2400 2903 scripti

416 2921 683 3006 golitica
726 2921 945 3004 (quam
995 2921 1047 2985 si
1102 2941 1224 2985 non
1270 2920 1403 3002 jam
1449 2921 1512 2985 in
1555 2920 1779 3005 prioris
1829 2921 1981 2985 tomi
2035 2918 2276 3003 paginis
2323 2917 2400 2981 50

421 3020 598 3103 typis
648 3039 1006 3103 expressam
1058 3019 1295 3095 viderit,
1360 3019 1480 3103 ipsi
1529 3023 1694 3083 certe
1742 3020 2012 3084 maxime
2060 3037 2219 3082 nova
2265 3016 2400 3081 acci¹

420 3118 761 3183 commode
808 3118 959 3182 satis
992 3137 1135 3182 cum
1159 3116 1588 3182 delectationis
1622 3120 1807 3200 atque
1834 3117 2113 3181 utilitatis
2146 3115 2350 3179 fructu
2382 3120 2400 3178 t

420 3215 867 3280 immorabitur
926 3214 1332 3280 mirabundus
1360 3215 1443 3299 ι);
1512 3215 1777 3280 alacrius
1826 3216 2045 3280 exinde
2095 3214 2396 3279 studiosiu

422 3317 732 3390 caeteraS,
782 3333 941 3396 quae
975 3314 1255 3379 residuae
1291 3320 1453 3390 sunt,
1489 3313 1780 3378 materias
1812 3313 2254 3397 perdiscendas
2288 3332 2397 3378 exc

617 3563 659 3630 ¹)
698 3562 905 3618 Literas
944 3563 1272 3632 glagoliticas
1299 3562 1417 3617 olim
1455 3563 1907 3632 hleronymianas
1943 3562 2232 3632 appellatas
2273 3562 2397 3614 fuiss

424 3648 767 3698 monumenta
794 3660 825 3697 a
849 3644 995 3698 nobis
1022 3644 1184 3697 allata
1210 3649 1350 3697 tomo
1373 3645 1419 3710 1,
1460 3659 1541 3712 pp.
1564 3644 1865 3707 eoa—505,
1905 3643 2140 3695 nimirum
2169 3659 2231 3696 ex
2259 3641 2396 3711 spuri

425 3726 739 3779 clericorum
765 3723 1057 3777 Dalmatiae
1085 3723 1378 3788 traditione,
1410 3723 1613 3777 saeculo
1636 3724 1722 3776 13.
1749 3729 1881 3789 ort-a,
1921 3722 1987 3776 de
2011 3723 2191 3776 sancti
2205 3722 2400 3776 Hierot

424 3806 587 3860 sione
630 3804 835 3859 slavica
879 3807 1063 3857 textus
1110 3805 1279 3871 sacri,
1328 3804 1494 3857 literis
1542 3804 1831 3857 dalmaticis
1886 3821 1975 3857 seu
2018 3803 2332 3873 glagoliticis
2377 3817 2400 3870 p

427 3885 687 3939 Consules
732 3900 861 3953 quae
902 3884 964 3938 de
1001 3884 1097 3938 hac
1134 3885 1434 3954 quaestione
1474 3884 1631 3939 habet
1670 3885 1749 3937 vir
1786 3901 1955 3938 rerum
1995 3885 2301 3938 slavicarum
2337 3898 2400 3951 pe

427 3965 715 4018 Dobrow
734 3964 883 4033 sky,
922 3964 1300 4019 Instit'utiones
1323 3965 1542 4034 linquae
1575 3965 1811 4018 slavicae
1848 3963 2070 4017 dialecti
2103 3964 2321 4029 veleris,
2361 3962 2400 4016 P

426 4045 515 4116 qui
543 4046 707 4100 etiam
730 4048 1013 4113 opportune
1053 4045 1434 4110 animadvertit,
1475 4049 1674 4097 tantum
1712 4041 1845 4111 apud
1883 4042 1997 4095 illos
2036 4042 2217 4095 Slavos
2258 4043 2400 4107 (meri

427 4126 515 4195 qui
557 4141 625 4177 ex
664 4123 985 4191 indulgentia
1022 4125 1168 4178 Sedis
1207 4125 1533 4193 Apostolicae
1566 4125 1718 4193 juxta
1757 4123 1913 4176 ritum
1951 4122 2165 4175 latinum
2215 4124 2381 4176 officia

430 4206 617 4273 lingua
660 4202 861 4259 slavica
899 4204 1174 4270 celebrant,
1214 4204 1394 4258 literas
1431 4203 1761 4276 'glagoliticas
1800 4204 1851 4256 in
1887 4219 1981 4255 usu
2020 4219 2149 4256 esse.
