3514 5391
830 446 968 517 '534
1498 463 1658 517 Festa
1694 464 1903 517 mobilia
1941 466 2060 532 post
2097 463 2457 517 Pentecosten.

863 660 1213 726 celebratur
1261 661 1551 727 Officium
1601 660 1766 726 illius
1816 661 2208 737 Dominicse,
2269 681 2428 745 quae
2475 661 2538 726 in
2586 660 2760 727 libris
2806 661 3096 747 liturgicis

860 759 1218 825 inscribitur
1266 760 1558 824 vicesima
1609 770 1842 846 quarta
1887 770 1946 823 et
1992 758 2214 823 ultima
2256 769 2406 845 post
2435 760 2840 825 Pentecosten
2854 783 2878 839 ,·
2923 760 3096 843 hujus

863 858 1153 923 Officium
1204 859 1365 923 enim
1417 877 1665 941 semper
1708 857 1929 922 ultima
1958 857 2287 923 Dominica
2334 859 2642 942 agendum
2679 858 2813 937 erit,
2865 859 3094 924 etiamsi

862 956 1245 1033 Dominicae,
1297 976 1454 1040 quae
1501 977 1613 1041 pro
1665 956 1806 1020 anni
1857 956 1989 1020 vice
2039 961 2178 1039 post
2203 955 2617 1041 Epiphaniam
2666 957 3092 1041 superfuerint,

861 1054 1271 1121 assumendae
1319 1055 1461 1120 sint.

1039 1160 1101 1225 Si
1151 1160 1527 1225 Dominicae
1582 1172 1734 1247 post
1793 1163 2191 1227 Pentecoslen
2253 1182 2580 1228 numerum
2631 1164 2715 1228 24
2779 1165 3091 1241 excedunt,

859 1266 1004 1326 tunc
1068 1264 1209 1343 post
1272 1259 1661 1346 Domini-cam
1712 1259 1817 1324 23.
1888 1265 2290 1325 resumuntur
2350 1261 2755 1341 Dominio-ae,
2822 1282 2979 1347 quae
3026 1283 3092 1327 eo

859 1379 1018 1423 anno
1056 1368 1210 1444 post
1256 1358 1692 1445 Epiphaniam
1737 1360 2023 1425 residuae
2071 1365 2467 1437 manserunt;
2531 1359 2827 1425 nimirum
2874 1361 2927 1426 si
2975 1362 3092 1426 Do-

859 1459 1123 1537 minicae
1170 1461 1312 1541 post
1356 1456 1775 1522 Pentecosten
1822 1458 2054 1524 fuerint
2101 1458 2206 1537 25,
2256 1465 2405 1524 tunc
2452 1458 2796 1524 Dominica
2828 1460 2932 1523 24.
2984 1461 3092 1524 erit

798 1616 805 1620 ,
858 1577 1015 1640 quae
1064 1560 1158 1621 est
1206 1556 1387 1619 Dom.
1438 1558 1500 1621 6.
1537 1565 1692 1640 post
1741 1557 2209 1642 Epiphaniam;
2254 1558 2305 1622 si
2354 1557 2588 1622 fuerint
2634 1557 2740 1634 26,
2791 1563 2940 1623 tunc
2971 1558 3090 1621 Do·

856 1655 1092 1717 minica
1139 1655 1243 1717 24.
1296 1654 1411 1717 erit
1472 1673 1632 1737 quae
1680 1659 1776 1719 est
1822 1655 2004 1718 Dom.
2055 1659 2117 1720 5.
2164 1668 2311 1741 post
2360 1655 2701 1742 Epiphan„
2767 1660 2830 1721 et
2877 1656 3091 1719 Domi-

856 1754 1003 1815 nica
1051 1756 1155 1818 25.
1208 1751 1325 1815 erit
1373 1771 1530 1834 quae
1579 1755 1674 1817 est
1719 1753 1905 1817 Dom.
1953 1756 2013 1817 6.
2058 1764 2208 1840 poet
2239 1754 2603 1841 Eq2iphan.‚·
2651 1753 2700 1818 si
2733 1754 2966 1820 fuerint
2990 1754 3089 1829 27,

857 1855 1004 1915 tunc
1054 1850 1392 1913 Dominio-a
1438 1851 1543 1914 24.
1596 1850 1713 1915 erit
1769 1871 1926 1934 quae
1976 1857 2070 1917 est
2118 1853 2300 1919 Dom.
2351 1855 2415 1917 4.
2455 1862 2609 1938 post
2655 1852 2914 1939 Epiph„
2963 1854 3085 1917 Do·

853 1949 1089 2012 minica
1133 1952 1239 2013 25.
1291 1952 1499 2013 autem
1557 1968 1715 2032 quae
1764 1956 1858 2014 est
1905 1952 2088 2018 Dom.
2137 1954 2199 2015 5.
2240 1961 2392 2036 post
2436 1951 2696 2037 Epiph,
2761 1955 2824 2016 et
2873 1952 3090 2015 Domi·

854 2046 1003 2109 nica
1049 2049 1155 2110 26.
1209 2046 1460 2111 tandem
1509 2067 1667 2130 quae
1717 2052 1814 2112 est
1858 2048 2041 2115 Dom.
2094 2051 2152 2113 6.
2193 2050 2344 2135 poet
2388 2050 2621 2136 Epiph.

1029 2153 1313 2238 Denique
1361 2153 1412 2218 si
1460 2154 1688 2219 fuerint
1736 2154 1841 2232 28,
1893 2159 2041 2221 tunc
2088 2157 2429 2221 Dominica
2478 2159 2585 2223 24.
2636 2159 2755 2223 erit
2802 2178 2962 2242 quae
3001 2166 3093 2223 est

857 2250 1035 2317 Dom.
1087 2254 1150 2318 3.
1195 2262 1342 2337 post
1388 2252 1658 2337 Epiph.,·
1706 2254 2051 2318 Dominica
2096 2257 2203 2322 25.
2255 2274 2412 2340 quae
2462 2261 2556 2322 est
2602 2257 2789 2322 Dom.
2839 2258 2902 2322 4.
2942 2265 3092 2343 poet

854 2350 1126 2435 Epipm
1189 2351 1530 2414 Dominica
1578 2354 1681 2417 26.
1743 2373 1902 2435 quae
1950 2358 2047 2418 est
2093 2354 2275 2420 Dom.
2324 2356 2389 2419 5.
2428 2364 2581 2441 poet
2629 2354 2899 2441 Epiph.,·
2966 2355 3091 2418 Do·

850 2448 1086 2511 minica
1130 2449 1236 2513 27.
1286 2468 1442 2532 quae
1493 2455 1588 2514 est
1635 2451 1818 2516 Dom.
1870 2453 1931 2515 6.
1972 2462 2125 2537 post
2172 2452 2429 2539 Epiph„
2479 2458 2542 2519 et
2587 2453 2933 2518 Dominica
2978 2456 3088 2518 28.

852 2545 967 2609 erit
1013 2565 1170 2630 quae
1218 2546 1282 2611 in
1332 2547 1646 2612 Breviario
1674 2552 1760 2613 *et
1791 2548 2030 2614 Missali
2081 2554 2177 2615 est
2222 2550 2572 2635 diciturque
2620 2553 2727 2617 24.
2779 2562 2838 2615 et
2868 2550 3093 2615 ultima

840 2654 993 2729 post
1039 2644 1437 2709 Pentecosten
1452 2669 1475 2726 ;
1520 2645 1677 2713 haec
1725 2647 1889 2713 enim
1941 2668 2192 2733 semper
2237 2648 2527 2716 ultimum
2573 2649 2780 2717 locum
2811 2656 3090 2736 occupat,

851 2747 916 2807 ut
964 2744 1201 2808 dictum
1240 2743 1372 2826 jam
1423 2749 1536 2809 est.

1029 2922 1114 2974 De
1149 2921 1331 2975 sacris
1366 2922 1528 2976 libris
1562 2924 1617 2976 in
1659 2895 1838 2977 ‹li'vino
1881 2923 2073 2995 Officio
2111 2928 2238 2979 ante
2279 2924 2576 2979 Adventum
2613 2926 2877 2996 leyendia.

1028 3029 1394 3083 Nocturnales
1428 3029 1704 3095 lectione-3,
1759 3031 1948 3102 inquit
1985 3030 2316 3090 Durand.
2357 3033 2635 3088 Rational.
2691 3033 2729 3091 l.
2768 3035 2830 3103 6,
2882 3049 2930 3091 o.
2975 3034 3090 3102 143,

847 3125 881 3161 a
908 3109 1097 3178 prima
1138 3110 1426 3165 Dominica
1451 3116 1582 3180 post
1606 3112 1962 3167 Pentecosten
2000 3130 2172 3183 usqne
2197 3113 2273 3168 ad
2295 3115 2595 3169 Adventum
2622 3114 2851 3168 Domini
2872 3114 3092 3183 quidam

845 3205 948 3242 non
990 3190 1323 3244 ite-subtiliter·
1358 3195 1617 3262 referunt
1652 3192 1727 3246 ad
1763 3193 1914 3247 illam
1951 3195 2212 3263 temporis
2246 3195 2468 3260 seriem,
2506 3211 2646 3264 quae
2673 3193 2808 3264 fluit
2843 3211 2879 3247 a
2909 3194 3095 3250 David

845 3285 1017 3338 nsque
1054 3269 1128 3323 ad
1164 3271 1461 3325 Adventum
1502 3273 1727 3327 Domini
1742 3289 1766 3336 ,⁸
1800 3274 1902 3327 sed
1936 3277 1990 3328 et
2025 3274 2101 3329 ad
2135 3274 2287 3329 illam
2324 3291 2561 3345 conqrue
2596 3275 2816 3345 referri
2837 3278 3092 3344 possunt,

846 3366 985 3418 quae
1021 3365 1055 3403 a
1082 3351 1367 3419 primitiva
1405 3352 1577 3421 coepit
1613 3353 1881 3408 Ecclesia.
1956 3353 2041 3411 Et
2077 3355 2229 3412 haec
2267 3354 2499 3428 quidem
2540 3354 2844 3427 ingeniose
2895 3372 2969 3414 ac
3008 3355 3088 3413 di·

845 3429 1110 3501 ligenter
1147 3447 1257 3502 per
1293 3431 1558 3503 singulas
1598 3439 1834 3490 aetates
1888 3435 2044 3507 apud
2083 3435 2271 3508 ipsum
2313 3435 2617 3509 explicata
2652 3435 2923 3509 reperies
2961 3438 3001 3495 l.
3041 3454 3088 3494 c.

848 3527 942 3567 nn.
984 3511 1138 3566 1*4‚
1215 3510 1435 3568 Eorum
1478 3513 1607 3570 loco
1657 3530 1762 3570 nos
1799 3513 1895 3572 hic
1935 3531 2216 3573 canonem
2257 3515 2554 3574 indicasse
2594 3517 2747 3575 satis
2785 3517 3086 3584 habemus

844 3607 954 3661 quo
993 3607 1273 3662 expresse
1324 3591 1655 3662 indicatur,
1704 3595 1941 3664 quinam
1992 3596 2135 3653 libri
2185 3612 2398 3654 sacrae
2449 3597 2787 3670 scripturae
2839 3597 3086 3670 singulis

846 3670 987 3727 anni
1025 3671 1298 3742 partibus
1338 3670 1460 3729 sint
1499 3672 1697 3731 divino
1738 3673 1954 3732 Officio
2009 3674 2317 3749 assignati.
2393 3676 2506 3734 Est
2559 3683 2756 3736 autem
2798 3695 2846 3736 c.
2885 3679 3086 3733 Sancto

846 3749 1093 3804 Romana
1129 3752 1182 3808 3.
1222 3750 1383 3810 Dist.
1424 3753 1508 3822 15,
1561 3754 1657 3825 qui
1696 3754 1844 3812 licet
1880 3755 2111 3828 origine
2150 3773 2258 3814 sua
2297 3757 2532 3828 spurius
2571 3765 2748 3830 esset,
2799 3757 3084 3818 ratihabi-

842 3830 1004 3887 tione
1043 3830 1357 3889 Pontificis
1407 3832 1665 3891 Romani
1713 3840 1914 3892 tamen
1964 3853 2147 3894 verae
2186 3837 2338 3909 legis
2389 3839 2572 3896 robur
2609 3838 2862 3911 accepit.
2934 3837 3084 3910 Ejus

843 3917 1259 3980 argumentum
1296 3911 1541 3970 rudibus
1581 3914 2065 3985 comprehensum
2103 3917 2392 3989 versibu8‚
2434 3935 2510 3976 ex
2545 3917 2762 3991 priscis
2799 3918 3083 3992 glossato-

841 3989 1007 4048 ribus
1049 3990 1427 4066 depromptiS‚
1468 3995 1750 4052 nonnulla
1777 3994 2100 4054 Breviaria
2127 3997 2437 4068 exhibent;
2478 4005 2541 4056 et
2566 4003 2706 4055 sunt
2727 3997 3084 4071 hujusmodi:

1680 4133 1870 4194 Ordo
1909 4135 2248 4197 librorum

990 4240 1117 4296 per
1166 4225 1331 4282 anni
1382 4226 1730 4284 circulum
1782 4227 1852 4284 in
1901 4228 2222 4287 ecclesia
2269 4228 2409 4288 Dei
2455 4229 2939 4303 legendorum.

1052 4329 1238 4390 Disce
1276 4349 1384 4405 per
1420 4332 1530 4390 hoc
1568 4334 1871 4407 scriptum,
1910 4336 2050 4408 quid
2088 4336 2170 4395 sit
2204 4337 2302 4396 vel
2342 4335 2576 4409 quando
2613 4337 2945 4412 legendum.

1052 4411 1368 4471 Adventus
1406 4414 1644 4491 proprie
1685 4416 1816 4474 vult
1853 4433 2156 4477 sermones
2193 4416 2412 4479 Isaiae.
