3514 5391
987 517 1189 572 Novum
1216 519 1424 574 Decret.
1464 519 1542 574 De
1580 520 1940 575 observatione
1971 522 2168 592 jejunii.
2597 524 2702 579 729

1472 632 1579 637 —-.—
1612 633 1749 638 ,μ-
1825 634 1966 638 ---·—-
2199 636 2258 641 -.τ
2309 635 2462 642 Μ.
2515 636 2636 643 -.-—-⁴

458 716 756 781 festorum
806 715 1010 792 „infra
1055 721 1400 783 octavam“.
1495 717 1648 803 Ipso
1690 720 1876 785 etiam
1934 719 2034 785 die
2083 720 2411 787 Dominico
2469 723 2577 788 fiat
2623 722 2700 789 de

458 835 627 880 more
676 814 990 899 processio
1039 835 1179 881 cum
1206 815 1423 883 SSmo.
1471 823 1612 901 post
1659 817 1998 884 orationem
2048 824 2214 885 retro
2249 819 2554 905 pulpitum
2603 842 2703 888 re-

458 913 736 992 citatam,
804 913 1043 979 scilicet
1087 914 1165 979 de
1211 913 1497 980 Ecclesia
1556 916 1635 980 ad
1682 920 1948 1000 quatuor
1996 916 2212 983 altaria
2258 923 2466 984 erecta
2530 925 2702 985 extra

458 1010 799 1077 Ecclesiam
865 1033 977 1098 per
1036 1011 1237 1096 spatia
1300 1032 1496 1097 aeque
1553 1010 1717 1079 inter
1775 1034 1841 1079 se
1903 1012 2216 1082 distantia.
2309 1015 2436 1082 Ubi
2492 1022 2699 1084 autem

456 1108 577 1174 hoc
625 1108 1005 1194 impossibile
1053 1110 1221 1176 factu
1266 1109 1471 1188 fuerit,
1521 1114 1673 1177 tunc,
1717 1111 1869 1177 satis
1899 1112 2016 1178 erit
2064 1115 2524 1197 processionem
2564 1117 2701 1200 qui-

454 1208 600 1272 dem
666 1207 743 1272 ab
809 1208 989 1284 altariv
1034 1208 1352 1274 Ecclesiae
1416 1207 1720 1293 incipere,
1793 1215 1856 1275 et
1901 1230 2024 1276 uno
2073 1210 2334 1277 circuitu
2383 1211 2701 1279 Ecclesiae

454 1325 600 1371 cum
628 1306 843 1374 SSmo.
872 1311 1142 1391 peracto,
1177 1306 1557 1374 functionem
1589 1327 1830 1373 sacram
1863 1329 2006 1374 cum
2036 1309 2467 1377 benedictione
2499 1311 2699 1381 SSmi.

455 1405 519 1470 iu
565 1404 849 1471 Ecclesia
912 1425 1101 1490 super
1164 1407 1378 1471 codem
1444 1405 1619 1471 altari
1682 1407 2071 1473 concludere.
2168 1408 2380 1490 Quoad
2437 1415 2703 1494 quatuor

454 1501 813 1589 Evangelia,
863 1523 1127 1588 quorum
1177 1506 1661 1590 unumquodque
1709 1526 1899 1591 super
1944 1526 2066 1571 uno
2114 1528 2191 1572 ex
2238 1511 2503 1592 quatuor
2548 1508 2701 1574 alta-

448 1601 632 1667 ribus
692 1621 767 1667 ex
814 1622 987 1668 more
1050 1602 1151 1669 hic
1197 1602 1259 1668 in
1308 1602 1741 1688 septentrione
1806 1603 2083 1670 adhibito
2148 1605 2284 1671 cani
2333 1606 2507 1684 solet,
2572 1607 2699 1673 dis-

455 1699 662 1782 posuit
708 1701 1004 1785 synoduS,
1055 1706 1122 1767 ut
1168 1700 1273 1767 illa
1318 1701 1691 1788 seligantur,
1755 1722 1916 1786 quae
1963 1704 2040 1768 de
2091 1702 2246 1771 Ven.
2297 1705 2701 1772 Sacramento

455 1802 744 1878 tractant,
795 1801 871 1865 ad
904 1800 1284 1885 praescripta
1332 1800 1569 1868 ritualis
1617 1803 1820 1886 quoad
1868 1801 2038 1868 hunc
2068 1802 2233 1869 diem
2284 1803 2511 1870 festum
2541 1805 2611 1888 ¹).

1422 2156 1463 2171 &s
1480 2155 1551 2170 -l'x-
1566 2155 1605 2170 x)
1621 2157 1653 2168 υ
1664 2153 1733 2168 ur»

459 2458 843 2545 Appendlx
893 2460 981 2527 ad
1027 2461 1084 2527 t.
1140 2449 1203 2538 l,
1252 2479 1370 2545 pp.
1403 2460 1763 2528 230--231
1820 2463 1892 2526 et
1936 2463 1992 2528 t.
2026 2461 2093 2539 2,
2145 2480 2262 2546 pp.
2311 2461 2702 2531 456-457,

1116 2630 1215 2685 De
1262 2627 1736 2685 observatione
1780 2627 2041 2697 jejunii.

1192 2728 1480 2815 (ex-eadem
1522 2728 1716 2798 synodo
1755 2727 1837 2781 tit.
1867 2729 1975 2794 11).
2065 2730 2071 2735 '

562 2869 569 2873 ·
638 2853 1026 2938 Jejuniorum
1091 2855 1366 2920 omnium
1434 2855 1494 2919 in
1559 2853 1841 2920 Ecclesia
1901 2857 2113 2919 nostra
2177 2854 2701 2940 praescriptorum

460 2956 811 3017 accuratam
860 2953 1315 3018 observantiam
1365 2953 1640 3038 synodus
1681 2952 1931 3036 quidem
1968 2952 2257 3018 fidelibus
2287 2955 2701 3031 commendat,

459 3048 855 3134 pluriumque
905 3070 979 3116 ex
1012 3052 1101 3116 eis
1149 3056 1427 3117 tenacem
1462 3049 1626 3116 hanc
1659 3050 2118 3116 observantiam
2148 3049 2388 3128 laudat;
2439 3050 2705 3138 injungit

462 3168 706 3232 quoque
756 3150 1104 3214 animarum
1151 3148 1532 3235 pastoribus,
1591 3154 1660 3214 ut
1707 3149 2044 3215 eorundem
2094 3149 2534 3233 praestantiam
2583 3149 2704 3214 uti-

463 3246 822 3332 litatemque
870 3247 1096 3333 populo
1143 3248 1203 3314 in
1245 3248 1645 3315 concionibus
1692 3267 1879 3332 saepe
1908 3247 2138 3313 diserte
2167 3246 2505 3331 explicent3
2554 3245 2702 3330 quin

460 3345 652 3410 immo
714 3346 832 3430 ipsi
894 3345 1176 3430 exemplo
1237 3365 1349 3411 suo
1414 3345 1870 3412 observantiam
1936 3344 2099 3411 hanc
2147 3350 2570 3430 promoveant,
2635 3348 2706 3411 ut

464 3442 570 3508 tali
621 3445 804 3508 modo
852 3444 1104 3528 propius
1152 3449 1451 3528 quantum
1492 3444 1625 3510 fieri
1660 3443 1857 3528 possit
1889 3444 1966 3509 ad
1994 3441 2488 3527 praeclar-issima
2517 3443 2706 3529 majo·

465 3560 599 3605 rum
650 3545 1003 3606 nostrorum
1052 3541 1337 3626 exempla
1380 3547 1442 3608 et
1480 3542 1826 3626 primorum
1858 3540 2352 3607 Christianorum
2398 3540 2706 3607 servorem

467 3639 762 3704 accedere
810 3638 1071 3706 valeant.
1138 3639 1563 3706 Nihilominus
1593 3644 1800 3706 tamen
1833 3638 2121 3724 quoniam
2155 3638 2485 3724 postremis
2533 3638 2706 3705 hisce

468 3737 851 3821 temporibus
898 3736 1103 3802 fervor
1149 3737 1420 3822 plurium
1468 3737 1965 3804 Christianorum
1997 3738 2302 3823 refriguit,
2353 3742 2538 3821 atque
2572 3758 2706 3803 cor·

468 3835 633 3919 poris
681 3834 967 3900 valetudo
1014 3835 1310 3920 paulatim
1359 3836 1667 3902 debilitari
1717 3835 1979 3914 videtur,
2030 3836 2116 3901 ita
2144 3839 2212 3902 ut
2236 3835 2478 3917 ,iejunia
2506 3835 2706 3902 eccle-

470 3932 715 3999 siastiea
760 3932 1074 3999 multoties
1122 3936 1619 4018 pessumdentur,
1670 3935 1811 4000 ideo
1858 3954 1937 3999 ne
1967 3938 2224 4018 peccata
2261 3933 2472 4018 populi
2503 3933 2708 4001 multi-

473 4031 775 4113 plicentur
820 4037 1074 4117 propter
1119 4032 1476 4116 hujusmodi
1522 4032 2101 4119 transgressionem,
2152 4031 2428 4116 synodus
2458 4032 2712 4097 obtenta

472 4150 506 4193 a
550 4129 612 4195 S.
663 4129 823 4196 Sede
883 4130 1176 4196 facultate
1213 4130 1454 4215 judicat
1500 4132 1563 4196 in
1612 4131 1880 4197 Domino
1941 4131 2259 4196 remittere
2305 4129 2584 4195 nonnihil
2632 4130 2708 4195 de

473 4228 671 4313 rigore
714 4230 978 4313 pristino
1018 4228 1271 4313 jejunii,
1337 4233 1398 4294 et
1445 4230 1698 4314 quidem
1750 4228 1931 4317 juxta
1978 4230 2342 4319 sequentem
2388 4248 2706 4296 normam:

654 4475 695 4549 ι)
733 4476 872 4540 Edit.
909 4479 1016 4546 cit„
1055 4494 1137 4557 pp.
1174 4477 1407 4543 49-54.
