3514 5391
830 513 934 566 730
1780 512 2118 582 Appendices.
2236 544 2266 566 ,ι

830 629 961 636 ——---
988 632 1069 638 -ι
1142 633 1167 638 ,-
1206 634 1243 640 ...
1909 628 2216 637 -—-—..-—..--
2267 609 2656 634 ----‚..t-.-.„-
2739 623 2782 629 --
2821 623 2930 628 ’,ρ
2983 623 3056 628 u..

1008 728 1068 799 a)
1095 717 1164 782 In
1185 720 1674 806 Quadragesima
1696 723 1827 784 tum
1855 721 1996 781 ante
2015 713 2282 791 Pascha,
2304 719 2435 778 tum
2458 716 2598 776 ante
2617 711 2866 777 Domini
2887 711 3059 776 Nati·

829 814 1082 879 x·1tatem
1104 837 1345 888 necnon
1370 821 1511 884 ante
1540 818 1702 883 diem
1732 816 1962 881 festum
1987 813 2102 880 SS.
2127 811 2564 898 Apostolorum
2581 810 2755 876 Petri
2779 814 2842 875 et
2868 809 3058 886 Pauli,

828 916 889 976 et
910 919 1050 979 ante
1072 915 1235 980 diem
1264 917 1490 982 festum
1515 914 1921 982 Dormitionis
1941 914 2014 979 Β.
2035 913 2108 978 V.
2130 910 2365 976 Mariae
2386 909 2757 976 servandum
2778 909 2895 974 erit
2900 908 3058 992 jeju·

825 1011 997 1077 nium
1045 1013 1321 1098 qnalibet
1367 1016 1520 1081 feria
1566 1017 1625 1092 2,
1674 1015 1718 1078 4
1765 1019 1829 1079 et
1873 1013 1936 1089 6,
1985 1011 2212 1096 quibus
2257 1009 2568 1075 lacticinia
2592 1009 3057 1093 permittuntur;

827 1109 1080 1194 reliquis
1127 1119 1392 1197 quatuor
1436 1114 1868 1180 hebdomadae
1915 1112 2137 1177 diebus
2184 1110 2582 1193 dispensatur
2636 1109 2838 1193 quoad
2888 1127 3058 1171 esum

827 1210 1124 1288 carnium,
1174 1213 1261 1277 ita
1305 1217 1535 1290 tamen,
1583 1218 1652 1277 ut
1699 1215 1965 1295 quatuor
2007 1210 2143 1275 istis
2192 1207 2411 1274 diebus
2458 1210 2866 1291 compensent
2903 1205 3059 1289 jeju·

827 1309 1016 1387 nium,
1068 1309 1274 1377 clerici
1323 1312 1570 1396 quidem
1624 1332 1735 1396 per
1782 1309 2204 1376 recitationem
2247 1307 2469 1392 psalmi
2505 1306 2615 1383 50,
2665 1306 2887 1390 reliqui
2918 1326 3058 1371 vero

826 1427 938 1491 per
982 1409 1405 1476 recitationem
1455 1410 1497 1476 5
1546 1411 1738 1474 Pater
1786 1414 1847 1474 et
1894 1408 2045 1486 Ave,
2096 1411 2178 1473 et·
2205 1406 2324 1472 hoc
2373 1412 2503 1471 tum
2538 1411 2679 1470 ante
2711 1406 3057 1489 prandium,

825 1511 957 1570 tum
1006 1511 1149 1573 ante
1199 1529 1474 1575 coenam.
1998 1501 2010 1510 ’

1004 1606 1072 1689 b)
1134 1606 1334 1692 Supra
1394 1609 1671 1693 exposita
1731 1627 1950 1672 norma
2010 1608 2088 1672 de
2147 1605 2594 1671 lacticiniorum
2655 1602 3059 1687 permissione

826 1702 1025 1768 valeat
1072 1705 1254 1770 etiam
1305 1707 1509 1789 quoad
1558 1713 1764 1773 cetera
1813 1706 1951 1770 anni
1992 1704 2250 1789 jejunia.

1004 1805 1065 1886 c)
1114 1803 1327 1888 Excipi
1380 1809 1588 1871 tamen
1636 1807 1713 1870 ab
1753 1804 1871 1870 hae
1900 1803 2176 1890 generali
2204 1803 2344 1889 lege
2373 1802 2561 1867 debet
2591 1802 2835 1887 integra
2864 1801 3059 1884 prima

827 1899 1217 1967 hebdomada
1263 1904 1807 1990 Quadragesimae,
1875 1902 2111 1968 scilicet
2156 1921 2264 1967 sex
2311 1901 2445 1966 dies
2493 1921 2528 1964 a
2573 1898 2730 1965 feria
2775 1899 2817 1963 2
2865 1919 3058 1983 usque

824 1999 901 2063 ad
949 1999 1288 2065 Sabbatum
1336 2002 1654 2079 inclusive,
1703 2007 1889 2086 atque
1937 2002 2122 2068 etiarn
2152 1999 2547 2066 hebdomada
2575 1998 2806 2064 Sancta
2837 2019 2874 2064 a
2908 1997 3058 2064 feria

824 2098 1097 2162 secunda
1159 2119 1354 2183 usque
1401 2102 1477 2166 ad
1526 2101 1867 2167 Sabbatum
1911 2099 2059 2165 'ante
2107 2099 2500 2164 Dominicam
2547 2096 3054 2172 ResurrectioniS,

824 2196 1050 2279 quibus
1110 2198 1361 2263 omnino
1423 2199 1789 2284 prohibetur
1850 2219 1992 2265 esus
2040 2198 2352 2274 carnium,
2421 2197 2797 2282 permittitur
2851 2201 3052 2261 tamen

822 2295 1269 2362 lacticiniorum
1319 2318 1468 2364 usus
1515 2298 1735 2365 diebus
1784 2298 2025 2377 Martia,
2091 2298 2285 2375 Jovis‚
2350 2302 2411 2364 et
2456 2297 2738 2376 Sabbati,
2806 2297 3056 2382 reliquis

822 2395 1021 2462 tribus
1068 2397 1289 2484 diebus
1337 2397 1748 2463 adhibeantur
1797 2399 2048 2467 omnino
2095 2397 2214 2462 cibi
2266 2397 2580 2474 esuriales,
2630 2397 2668 2464 i.
2697 2417 2774 2473 e.,
2823 2396 3053 2483 absque

819 2493 1163 2561 lacticiniis,
1522 2507 1529 2516 '

1000 2604 1069 2688 d)
1115 2602 1186 2667 In
1238 2603 1633 2672 hebdomada
1679 2603 2125 2670 lacticiniorum
2184 2604 2350 2669 dicta
2410 2624 2592 2670 casea
2652 2605 2737 2669 ita
2783 2609 3055 2670 servetur

815 2700 1150 2785 jejunium,
1218 2708 1287 2769 ut
1335 2703 1639 2769 lacticinia
1687 2704 2101 2770 adhibeantur
2159 2704 2314 2770 feria
2362 2704 2423 2782 2,
2472 2705 2516 2768 4
2563 2710 2625 2769 et
2671 2705 2741 2782 6,
2807 2704 3054 2789 reliquis

823 2804 1087 2884 quatuor
1149 2801 1369 2867 diebus
1429 2802 1788 2888 indulgetur
1852 2804 2014 2868 vesci
2079 2803 2369 2868 carnibus
2435 2808 2575 2888 post
2635 2804 3051 2870 recitationem

823 2918 1098 2983 precum,
1148 2921 1302 2984 quas
1350 2921 1536 2985 supra
1582 2902 2007 2966 indicavimus,

1000 3033 1067 3099 Si
1116 3036 1254 3119 quis
1301 3040 1506 3101 autem
1558 3057 1675 3100 non
1727 3036 2012 3101 obstante
2061 3036 2179 3101 hac
2226 3036 2590 3101 remissione
2637 3037 2861 3120 rigoris
2908 3036 3053 3121 jeju-

824 3132 938 3206 nii,
1004 3138 1257 3217 propter
1319 3136 1588 3220 aliquam
1654 3136 2082 3207 rationabilem
2150 3156 2402 3202 causam
2466 3136 2742 3222 indigeat
2786 3136 3052 3203 alteriori

820 3231 1311 3315 dispensatione,
1381 3235 1676 3318 expositis
1737 3235 2080 3301 rationibus
2141 3240 2387 3301 tenetur
2434 3236 2716 3302 eamdem
2769 3238 2977 3320 petere
3024 3258 3056 3299 a

823 3332 1068 3413 proprio
1118 3331 1459 3401 Ordinario,

998 3446 1367 3531 Temperata
1430 3448 1533 3514 tali
1600 3453 1786 3514 modo
1841 3451 2427 3533 ‚jeJu11i01·un1·loge
2490 3458 2698 3533 sperat
2761 3453 3050 3535 synodus,

824 3543 1037 3608 fideles
1084 3547 1442 3612 eorumdem
1505 3549 1919 3614 observationi
1969 3550 2219 3614 studere
2269 3570 2385 3612 non
2437 3550 2778 3614 omissuros
2797 3537 2823 3625 ,’
2883 3571 3052 3635 prae·

821 3642 1032 3707 sertim
1084 3648 1287 3708 autem
1340 3646 1683 3712 animarum
1736 3653 2016 3732 pastores
2065 3667 2315 3731 operam
2366 3649 2640 3727 (laturos,
2702 3668 2782 3713 ne
2827 3648 2934 3713 illa
2978 3649 3052 3713 ob

821 3740 1087 3825 aliquam
1139 3743 1685 3822 circumstantiam,
1735 3766 1894 3829 quae
1942 3746 2340 3811 omissionem
2390 3746 2748 3811 eorumdem
2799 3748 3054 3811 suadere

822 3842 1117 3919 videatur,
1170 3842 1503 3908 violentur:
1555 3864 1630 3907 ne
1662 3845 1822 3909 forto
1862 3844 2077 3910 fideles
2109 3844 2468 3909 scandalum
2503 3846 2834 3928 patiantur,
2888 3864 3054 3929 prae-

821 3940 1035 4003 sertim
1084 3941 1131 4004 si
1184 3942 1255 4004 ad
1310 3940 1699 4006 violationem
1754 3942 2129 4023 jejuniorum
2183 3944 2490 4008 addantur
2534 3945 2720 4008 etiam
2772 3943 3052 4010 choreae.

997 4055 1279 4139 Denique
1340 4062 1619 4140 pastores
1679 4057 2024 4122 animarum
2089 4060 2392 4123 instruant
2453 4058 2670 4124 fideles
2726 4059 2842 4123 sibi
2894 4079 3054 4123 com-

823 4156 1043 4219 missos
1103 4155 1181 4219 de
1232 4156 1414 4220 modo
1476 4156 1759 4221 servandi
1802 4154 2148 4239 jejunium,'
2209 4176 2286 4221 ne
2346 4156 2581 4222 scilicet
2641 4158 2715 4223 ad
2777 4157 3050 4222 ciborum

820 4252 1252 4317 abstinentiam
1317 4252 1660 4319 limitentur
1724 4259 1786 4319 et
1835 4254 2115 4320 vitiorum
2177 4255 2458 4321 habenas
2519 4277 2640 4321 non
2706 4262 3049 4323 coarctent:

820 4352 1108 4416 insistant
1154 4351 1406 4436 insupm·
1451 4373 1705 4436 operum
1769 4351 2128 4418 salutarium
2196 4353 2721 4438 multiplicationi‚
2791 4356 3052 4422 maxime

820 4452 1113 4533 caritatis,
1180 4454 1376 4535 prouti
1428 4459 1573 4518 sunt
1620 4454 2050 4538 eleemosynae
2113 4460 2174 4519 et
2201 4455 2338 4520 alia
2389 4455 2633 4539 pietatis
2687 4474 2896 4540 opera.
2944 4457 3048 4521 do-
