3514 5391
842 537 947 598 256
1490 537 1651 598 Festa
1686 536 1898 600 mobilia
1933 537 1985 597 in
2023 532 2448 612 Quadragesima.

843 739 1324 813 bedeutunqslosen
1368 741 1705 796 Ueremoniel
1740 741 1855 795 und
1889 757 2070 815 opus
2108 746 2497 814 operatum
2536 741 2725 797 'serub‘
2747 740 2827 814 (p.
2857 740 3001 814 105).
3024 771 3086 780 —

842 824 952 877 Die
992 823 1372 877 Censet-ration
1411 821 1442 890 (
1437 821 1539 875 der
1566 820 2211 891 Praesanctificatorum)
2242 820 2482 892 qest-hale
2521 820 2576 875 in
2616 821 2718 876 den
2750 821 2969 892 Crypte‘s
2993 862 3006 874 .
3034 862 3047 876 .
3075 861 3087 874 .

842 904 1215 959 Katakomben
1256 943 1269 957 .
1310 944 1323 957 .
1362 943 1375 957 .
1452 903 1576 956 Das
1604 902 1853 974 Officium
1885 902 2039 956 Rom.
2078 902 2235 957 redet
2260 918 2357 956 von
2383 902 2557 957 einen·
2585 901 2820 971 „locus
2848 909 3086 978 aptam,

842 986 963 1044 ubi
1002 984 1196 1042 calix
1251 1001 1396 1042 cum
1449 983 1690 1040 hostia
1740 982 2170 1056 reponatur“
2225 982 2304 1056 (p.
2344 982 2489 1053 110).
2546 1013 2610 1020 -
2667 983 2769 1037 Von
2808 983 2928 1036 dem
2968 982 3086 1039 In·

843 1066 1112 1124 troitus
1151 1063 1419 1121 Missae
1460 1061 1597 1134 (fer.
1634 1062 1709 1123 V.
1748 1063 1810 1120 in
1837 1063 2042 1122 Coena
2067 1062 2267 1131 Doni.)
2305 1065 2466 1118 weiss
2492 1062 3084 1121 dasBreviarinm

843 1148 929 1205 ad
978 1163 1170 1204 usum
1212 1145 1646 1216 Congregat.
1701 1162 1746 1202 s.
1786 1143 2016 1202 Mauri
2068 1145 2247 1199 nichts
2296 1143 2416 1218 (pp.
2455 1144 2785 1215 112--113).
2826 1173 2888 1185 -
2945 1145 3087 1214 (Am

842 1224 1273 1298 Charfreytag)
1328 1225 1626 1280 anter-lim
1676 1241 1806 1282 man
1861 1225 1967 1280 das
2015 1225 2366 1295 Kniebeaqen
2429 1226 2527 1295 bey
2581 1225 2684 1280 der
2743 1225 3086 1280 Communia

842 1308 922 1380 (p.
963 1305 1110 1378 132).
1147 1336 1220 1345 -
1258 1304 1431 1378 Quae
1469 1304 1520 1363 si
1561 1321 1688 1363 cum
1730 1305 1804 1363 iis
1845 1302 2229 1364 conferantur
2280 1320 2432 1377 quae
2472 1304 2532 1362 in
2573 1304 2827 1363 decursu
2863 1305 3087 1362 Kalen·

844 1387 1000 1445 darii
1040 1386 1100 1444 in
1142 1386 1480 1456 Meursium,
1530 1383 1641 1445 Dr.
1682 1386 1812 1455 Alt,
1872 1385 2148 1458 aliosque.
2176 1386 2503 1457 scriptores
2544 1385 3086 1451 animadvertimus

842 1484 1063 1541 aequus
1102 1483 1299 1526 rerum
1343 1466 1697 1523 aestimator
1734 1463 1918 1524 facile
1955 1465 2299 1540 perspiciet,
2357 1471 2635 1538 quantum
2676 1466 2916 1538 gratiae
2957 1483 3085 1523 con·

841 1548 1007 1621 sequi
1066 1549 1142 1607 ab
1192 1547 1458 1606 omnibus
1515 1547 1708 1605 simile
1746 1552 2159 1617 argumentum
2209 1547 2676 1620 pertractaturis
2734 1547 2957 1605 debeat
3012 1547 3064 1604 cl

837 1627 947 1689 Dr.
970 1628 1088 1686 Ad.
1103 1628 1412 1694 Harnack,
1441 1626 1744 1701 professor
1759 1628 1896 1686 olim
1914 1626 2270 1690 Giessensis‚
2300 1644 2451 1684 nunc
2467 1627 2900 1700 Berolinensis,
2933 1628 3086 1700 quod

842 1708 1105 1768 eruditos
1144 1709 1402 1767 lectores
1442 1708 1808 1767 acatholicos
1847 1709 2026 1767 etiam
2067 1709 2146 1768 ad
2174 1715 2451 1767 recentes
2480 1708 2904 1767 catholicorum
2934 1725 3088 1778 com<

841 1788 1162 1847 mentarios
1214 1787 1541 1847 identidem
1594 1793 1858 1848 attentos
1908 1790 2155 1854 reddat.
2216 1794 2282 1848 ut
2320 1788 2593 1847 nimirum
2633 1789 2858 1861 sciant,
2911 1788 3082 1858 unde,

841 1869 944 1927 ubi
984 1886 1127 1943 opus
1166 1867 1371 1942 fuerit,
1410 1867 1641 1928 ‘certam
1680 1870 1899 1928 rituum
1941 1870 2211 1929 notitiam
2251 1867 2495 1928 haurire
2533 1868 2838 1942 possint¹).

852 2115 961 2223 Τῷ
982 2131 1143 2223 ἁγίῳ
1171 2136 1279 2203 καὶ
1301 2135 1554 2224 μεγάλῳ
1574 2138 1908 2225 σαββάτῳ.
2269 2138 2548 2204 Sabbato
2597 2148 2834 2205 sancto,

1019 2299 1219 2367 slav.
1284 2299 1344 2363 V
1378 2302 1657 2390 evjamju
1702 2265 2045 2388 ivezikuju
2071 2298 2371 2379 suffoca,-
2417 2319 2716 2364 rumen.
2768 2299 2843 2363 In
2871 2266 3085 2366 saara

839 2399 898 2476 si
942 2420 1161 2462 marea
1204 2396 1511 2463 sambata.

956 2539 1084 2628 Τὴν
1112 2539 1455 2623 θεόσωμον
1474 2541 1528 2625 ¹)
1557 2538 1770 2627 ταφὴν
1798 2538 1906 2604 καὶ
2127 2539 2356 2603 Divina·
2377 2541 2668 2625 corporis
2694 2538 3084 2626 sepulturam

838 2637 952 2728 τὴν
1008 2632 1102 2717 εἷς
1148 2636 1309 2727 ᾅδου
1328 2638 1379 2725 ³)
1438 2637 1733 2704 κάθοδον
1791 2642 1908 2703 τοῦ
2018 2638 2283 2703 Domini
2320 2637 2448 2702 Dei
2493 2647 2552 2701 et
2583 2635 2947 2707 Salvator-is
2979 2660 3079 2702 no·

844 2733 1087 2824 Κυρίου
1115 2737 1223 2803 καὶ
1258 2739 1425 2803 Θεοῦ
1465 2736 1573 2802 καὶ
1610 2741 1907 2826 Σωτῆρος
2015 2738 2138 2802 stri
2180 2737 2341 2801 Jesu
2395 2734 2631 2801 Clarias·
2689 2741 2939 2825 ejusque
2999 2736 3083 2800 ad

840 2833 1013 2920 ἡμῶν
1068 2834 1272 2923 Ἰησοῦ
1328 2839 1619 2921 Χριστοῦ
1680 2830 1904 2919 ἑορτά-
2013 2835 2263 2920 inferos
2290 2835 2653 2899 descensum
2680 2833 3079 2912 celebramus,

839 2934 1048 3018 ζομεν,
1083 2931 1171 2998 δι’
1205 2924 1293 2998 ὧν
1321 2937 1432 3021 τῆς
1459 2937 1721 3022 φθορᾶς
1735 2935 1791 3017 ⁴)
1828 2931 1904 2997 τὸ
2007 2955 2129 3019 per
2172 2957 2332 3020 quae
2355 2933 2709 3017 (mysteria)
2755 2955 2949 3020 yeuus
2977 2956 3057 2997 πο

1025 3223 1065 3290 ¹)
1104 3222 1212 3277 Cfr.
1251 3220 1623 3289 Theologische
1660 3219 2157 3288 Literaturzeitung‚
2197 3219 2352 3283 1878,
2391 3215 2456 3271 N.
2485 3218 2571 3272 19.
2612 3220 2718 3287 (pp.
2745 3218 3079 3285 469-470):

844 3303 999 3368 1880,
1037 3301 1104 3356 Ν.
1142 3302 1376 3370 26.‚(pp.
1415 3302 1754 3367 635—636);
1797 3300 1954 3368 1881,
1993 3299 2057 3354 N.
2098 3303 2147 3354 1.
2188 3300 2294 3368 (pp.
2332 3297 2512 3367 6-7).

1019 3381 1064 3450 ¹)
1110 3380 1402 3450 Θεόσωμος
1440 3380 1601 3451 ταφή,
1654 3382 1819 3435 slav.
1859 3380 2252 3451 boqotblesnoJe
2275 3378 2651 3449 poqrebenjee;
2699 3393 2949 3433 rumen.
2986 3378 3079 3432 Im·

837 3466 1241 3518 mormentarea
1288 3478 1381 3516 cea
1419 3460 1846 3516 indamnedtetta
1882 3462 2156 3530 {rupe-sca.
2211 3489 2273 3498 —
2323 3457 2642 3527 ’Θεόσωμος,
2693 3458 2956 3512 ἐπίθετον
3005 3475 3079 3512 se·

837 3545 1075 3614 pulturae
1112 3542 1284 3597 dlvini
1316 3541 1564 3611 corporis
1603 3540 1831 3607 Christi,
1867 3541 1999 3610 quod
2036 3557 2138 3595 non
2173 3540 2365 3595 habent
2390 3539 2757 3609 lexicographi.
2820 3539 3082 3595 Tribuitur

837 3630 1011 3679 autem
1048 3623 1342 3693 sepulturae
1371 3622 1595 3689 Domini,
1633 3622 1766 3694 quod
1792 3638 2073 3692 exsangue
2108 3637 2305 3691 corpas
2344 3619 2554 3675 Christi
2587 3619 2643 3674 in
2682 3620 2868 3675 triduo
2890 3621 3082 3675 mortis

837 3705 957 3759 sine
989 3703 1341 3774 separatione
1378 3719 1411 3755 α
1450 3702 1733 3761 diuinitate
1770 3702 2055 3761 adorabile
2081 3701 2202 3773 fuit
2248 3701 2304 3755 in
2343 3699 2629 3769 sepulchro
2643 3739 2660 3766 ,
2710 3705 2769 3754 ut
2812 3702 2890 3755 ait
2926 3701 3081 3754 Pius

838 3786 938 3840 ΡΡ.
977 3785 1064 3839 vl.
1104 3784 1283 3839 Const.
1322 3784 1611 3841 Auctorem
1642 3782 1783 3853 fidei
1817 3783 1896 3837 ed.
1935 3782 1983 3837 d.
2023 3780 2109 3837 28.
2148 3784 2281 3850 Aug.
2323 3780 2479 3847 1794,
2518 3795 2662 3849 prop.
2701 3782 2788 3835 63.

1018 3862 1062 3932 ⁸)
1104 3867 1198 3921 Ele,-
1234 3862 1374 3929 ᾅδου
1412 3864 1599 3918 dicitur
1636 3864 1960 3925 ἐλλιπτικῶς,
1999 3863 2269 3917 subaudito
2295 3859 2592 3915 accusativo
2630 3858 2797 3923 οἶκον,
2836 3863 2971 3916 sicut
3008 3866 3083 3920 εὶς

837 3943 1173 3997 διδασκάλου
1210 3960 1303 4014 pro
1342 3947 1419 4001 εἰς
1454 3942 1605 3997 οἶκον
1640 3942 1993 3995 διδασκάλου.
2059 3944 2138 3997 De
2165 3941 2481 4014 etymologia
2517 3942 2750 3996 vocabuli
2778 3958 2880 3996 non
2905 3943 3079 3996 eadem

837 4028 1059 4081 omnium
1096 4025 1355 4080 sententia
1393 4030 1491 4079 est.
1566 4025 1714 4078 Multi
1753 4025 1958 4095 quidem
1994 4029 2196 4094 putant,
2233 4039 2412 4078 vocem
2450 4018 2582 4089 ᾅδης
2620 4021 2718 4076 dici
2744 4023 2889 4093 quasi
2927 4020 3081 4088 ιὶΐδης

835 4124 931 4177 per
967 4108 1288 4176 συναίρεσιν
1325 4122 1389 4159 ex
1427 4122 1462 4155 α
1498 4105 1687 4175 privat.
1737 4110 1795 4160 et
1833 4104 1966 4171 ἴδης,
2004 4105 2068 4159 ab
2109 4103 2252 4171 εἴδω,
2291 4103 2474 4171 ι’ἰιίεο,
2525 4104 2671 4176 quasi
2719 4104 2862 4158 dicas
2898 4103 3079 4158 inci-31⁰·

838 4178 994 4242 bilem
1033 4203 1125 4241 seu
1162 4186 1392 4240 incisum
1430 4186 1619 4240 locum.
1693 4186 1885 4241 Verum
1911 4203 2011 4241 non
2039 4186 2239 4253 desunt,
2279 4186 2362 4256 qui
2391 4187 2522 4241 alias
2548 4186 2751 4241 omnino
2788 4186 3076 4239 notationes

837 4272 1099 4335 statuant,
1149 4265 1571 4336 quemadmodum
1620 4265 1798 4320 videre
1836 4267 2031 4337 poteris
2084 4282 2148 4319 ex
2184 4265 2363 4320 lexicis
2403 4265 2777 4339 etymologici&
2851 4265 2932 4320 De
2969 4266 3075 4335 ipso

838 4348 1086 4419 mysterio
1135 4350 1225 4412 τῆς
1260 4344 1603 4409 καταβάσεως
1653 4346 1763 4401 sive
1803 4348 1892 4411 τῆς
1927 4345 2179 4397 καθόδου
2233 4349 2334 4398 τοῦ
2375 4348 2624 4413 Χριστοῦ
2662 4348 2737 4405 εἰς
2773 4344 2942 4412 ᾅδου,
2992 4343 3076 4398 de-

835 4445 1060 4483 scensus
1100 4426 1310 4481 Christi
1343 4426 1420 4480 ad
1454 4427 1687 4497 inferos,
1723 4427 1928 4481 videndi
1968 4432 2107 4491 sunt,
2143 4426 2228 4496 qui
2267 4428 2514 4482 articulos
2551 4426 2667 4481 fidei
2706 4432 2983 4496 exponunt.

1016 4508 1060 4577 ⁴)
1107 4504 1323 4576 Φθοριί,
1376 4508 1652 4576 corruptio,
1693 4508 1951 4575 interitus,
1989 4508 2227 4577 perditio,
2266 4525 2297 4562 a
2323 4508 2482 4562 verbo
2520 4508 2754 4578 φθεῖραι,
2795 4520 3074 4576 corrumpo.
