3514 5391
813 494 920 546 390
1399 549 1402 554 ,
1537 491 1694 544 Festa
1735 490 1941 545 mobilia
1980 497 2098 559 post
2134 490 2348 543 Pascha.

817 688 1058 760 gant‘);
1099 687 1360 762 seposita
1400 686 1578 744 etiam
1618 683 1895 744 iaIsitate
1932 685 2223 744 historica
2262 703 2481 759 eorum,
2519 702 2668 759 quae
2697 686 2835 744 inde
2870 702 2907 743 a
2934 701 3062 743 sae·

821 769 951 827 culo
995 770 1061 827 12
1101 785 1137 826 a
1173 767 1412 826 Latinis
1453 766 1782 825 adinventa
1821 767 2117 825 dicuntur.

999 848 1169 921 Quod
1211 864 1518 906 censuram
1560 847 1870 906 doctrinae
1911 848 2244 906 catholicae
2286 848 2358 905 de
2385 851 2660 919 potestate
2686 848 2899 903 Summi
2922 849 3062 902 Pon·

817 931 979 1001 tificis
1022 929 1476 1000 supereffluentia
1531 932 1844 984 sanctorum
1900 929 2098 983 merita
2155 929 2211 983 in
2268 929 2410 983 alios
2464 928 2756 984 derivandi
2809 933 3061 1000 spectat,

819 1011 974 1068 omni
1025 1012 1346 1068 verborum
1393 1010 1787 1082 ambiguitate
1836 1011 2136 1081 resoluta,
2195 1009 2521 1083 captiosam
2570 1009 3061 1078 criminationem,

820 1092 1244 1166 praeeuntibus
1272 1091 1564 1162 theologis
1591 1091 1812 1148 nostris
1831 1090 1897 1161 ²),
1937 1090 2362 1150 convenienter
2389 1090 2565 1148 diluit
2590 1106 2701 1147 uon
2730 1089 2859 1147 sine
2885 1088 3061 1146 laude

821 1171 1205 1230 nominandus
1255 1171 1534 1230 sacerdos
1581 1188 1836 1244 graecus
1875 1171 1952 1228 M.
2002 1171 2063 1229 in
2114 1170 2559 1229 lucubratione:
2616 1169 2943 1235 Ἀπόντησις
2992 1172 3066 1226 εἰς

819 1253 917 1317 τὴν
953 1255 1075 1321 περὶ
1114 1256 1222 1304 τῶν
1259 1253 1613 1321 χωριζουσῶν
1653 1251 1746 1310 ui,-
1783 1251 1887 1305 δύο
1925 1251 2200 1316 ἐκκλησίας
2235 1250 2522 1322 διαφορῶν
2548 1249 2952 1321 πατριαρχικῆν
2975 1251 3064 1301 καὶ

819 1333 1114 1399 συνοδικήν
1151 1331 1431 1401 ἐγκύκλιον
1457 1336 1547 1398 τῆς
1571 1333 1845 1398 ἐκκλησίας
1871 1331 2506 1392 Κωνσταντινουπόλεως
2521 1331 2585 1403 ³),
2620 1332 2816 1402 κεφαλ.
2839 1330 2905 1393 ζ’·
2943 1333 3065 1400 περὶ

817 1415 1155 1466 λυσιποίνων
1192 1411 1444 1481 α’φέσεων
1481 1412 1580 1483 (de
1622 1407 2036 1485 indulgentiis)
2075 1431 2168 1486 pp.
2207 1413 2438 1471 55—62.

1001 1495 1170 1567 Quae
1208 1493 1448 1551 taudem
1499 1494 1558 1551 in
1602 1500 1870 1551 extremo
1922 1493 2188 1566 ejusdem
2238 1493 2455 1566 capitis
2505 1493 2690 1552 inciso
2745 1461 2868 1563 (hio
2905 1493 3064 1550 intra

819 1575 1222 1649 parenthesim
1262 1575 1479 1647 posito)
1520 1573 1592 1631 de
1630 1575 1812 1648 plena
1851 1574 2136 1646 justorum
2179 1573 2553 1632 beatitudine
2600 1590 2784 1645 usque
2825 1573 2903 1630 ad
2939 1572 3062 1630 uni·

820 1657 1117 1714 versalem
1158 1654 1410 1713 omnium
1450 1656 1951 1713 resurrectionem
1987 1654 2181 1712 dilata
2215 1651 2616 1728 proferuntur,
2656 1654 2871 1726 eajam
2900 1670 3064 1729 supe·

818 1737 941 1795 rius
982 1755 1019 1796 a
1055 1737 1222 1795 nobis
1259 1741 1697 1809 praeoccupata
1735 1737 1975 1809 relegas
2012 1753 2106 1831 pp.
2145 1735 2378 1808 24-30,
2420 1742 2482 1793 et
2507 1736 2560 1793 si
2584 1734 2804 1808 placet,
2842 1750 3063 1807 graeca

821 1817 1225 1875 illustratione
1277 1822 1417 1914 apte
1467 1817 1763 1875 adornata
1809 1817 2017 1875 videas
2071 1817 2131 1874 in
2182 1816 2391 1875 eadem
2428 1814 2781 1882 Ἀπαντήσει,
2837 1833 2962 1885 κεφ.
3000 1812 3065 1879 η’.

819 1901 943 1967 περὶ
982 1903 1072 1964 τῆς
1109 1897 1321 1967 ἀμέσου
1358 1894 1696 1967 ἄνταμοιβῆς
1733 1899 1843 1950 τῶν
1878 1895 2071 1965 ἁγίων,
2111 1914 2205 1969 pp.
2243 1897 2473 1955 63-67.
2977 1930 2985 1936 -

1016 2077 1253 2161 Viyilia
1299 2078 1711 2141 Pentecostes.
1795 2078 2143 2166 Jejunium.
2234 2076 2602 2141 Benedictio
2633 2076 2851 2162 sontis
2896 2075 3063 2162 bapt.

999 2213 1170 2291 Quas·
1213 2212 1434 2277 Graeci
1483 2211 1546 2275 in
1594 2210 2001 2276 celeberrima
2047 2211 2437 2278 solemnitate
2484 2212 2888 2277 Pentecoste‘s
2945 2233 3061 2274 ser·

819 2310 935 2374 vili
978 2308 1198 2373 habitu,
1245 2315 1548 2394 peragunt
1596 2310 2079 2394 genuflexioueS‚
2128 2311 2349 2375 diebus
2379 2310 2722 2375 Dominicis
2760 2328 3061 2374 canonum

819 2407 1183 2473 auctoritate
1231 2406 1576 2517 prohibitas
1599 2408 1672 2492 ⁴),
1724 2429 1830 2474 eas
1878 2408 2078 2474 Latini
2127 2409 2189 2473 in
2239 2408 2561 2494 pervigilio
2603 2408 2731 2493 jam
2784 2427 2925 2473 cum
2968 2408 3061 2491 je-

811 2506 986 2590 junio
1044 2505 1450 2592 suscipimus,
1518 2516 1588 2569 ut
1648 2544 1732 2552 —
1797 2506 1987 2572 verba
2045 2511 2190 2571 sunt
2235 2507 2635 2584 Durandi,
2712 2504 3062 2583 Rational„

819 2604 856 2670 l.
908 2605 968 2682 6,
991 2627 1070 2669 c.
1125 2605 1183 2669 ’.7.
1234 2641 1318 2649 -
1373 2627 1495 2689 per
1538 2605 1863 2693 jejunium
1916 2604 2212 2669 mundati
2273 2615 2331 2668 et
2369 2605 2701 2693 purificati
2756 2602 3065 2690 Spiritum

819 2715 1102 2769 sanctum
1148 2703 1334 2789 dique
1381 2705 1698 2789 suscipere
1744 2726 2095 2768 mereamur
2117 2704 2221 2788 ⁵)..

999 2802 1070 2867 In
1119 2802 1410 2867 omnibus
1455 2801 1766 2878 ecclesiis,
1836 2823 1993 2887 quae
2057 2803 2428 2867 scrutinium
2485 2811 2547 2866 et
2591 2803 2909 2889 baptis-ma
2960 2801 3060 2863 hac

819 2902 968 2965 benc
987 2901 1059 2985 ⁶),
1107 2900 1292 2965 hodie
1339 2899 1478 2979 fons
1525 2899 1912 2984 baptismalis
1954 2902 2358 2979 benedicitur,
2410 2902 2555 2984 quia
2582 2901 2811 2966 festum
2843 2899 3062 2964 Pente-

819 3008 1022 3065 costes
1069 2999 1307 3064 Latinis
1355 3004 1450 3063 est
1495 2998 1845 3085 legitimum
1878 3000 2172 3073 solemnis
2204 2999 2501 3083 baptismi
2532 3004 2799 3083 tempus
2848 3018 3059 3083 quem·

824 3099 1160 3163 admodum
1211 3117 1284 3162 ex
1331 3098 1466 3180 ipso
1505 3097 1648 3179 jure
1695 3098 2020 3163 docuimus
2067 3102 2237 3163 tomo
2290 3100 2345 3173 1,
2397 3119 2454 3182 p.
2502 3097 2608 3163 60.

1009 3327 1049 3393 ¹)
1091 3327 1191 3381 Pro
1228 3328 1324 3382 hac
1362 3333 1512 3398 parte
1552 3331 1799 3383 lectorem
1836 3329 2122 3383 remiserim
2173 3329 2238 3382 ad
2284 3329 2531 3398 optimum
2568 3329 2785 3383 eruditis
2761 3330 3061 3398 ssimumque

819 3409 871 3461 S.
914 3409 979 3462 M.
1019 3408 1300 3469 Brandi
1340 3410 1574 3478 superius
1612 3409 1875 3463 laudatum
1914 3426 1961 3479 p.
2000 3410 2123 3463 224.

999 3486 1041 3555 ²)
1081 3486 1158 3542 Ex
1193 3489 1257 3542 iis
1295 3493 1645 3542 memorantur
1692 3489 1955 3559 praecipui
2004 3489 2139 3559 apud
2178 3489 2458 3556 Hurter,
2518 3489 2765 3558 Theoloy.
2813 3488 3058 3557 doymat..

819 3574 1032 3623 tractat.
1072 3569 1169 3639 „de
1209 3567 1592 3637 indulgentiis&
1634 3573 1671 3623 t.
1710 3571 1761 3636 3,
1801 3586 1884 3639 pp.
1923 3570 2029 3624 479
2066 3586 2207 3640 seqq.
2248 3569 2370 3623 edit.
2410 3570 2459 3623 9.
2502 3570 2605 3633 (an.
2646 3570 2828 3635 1896).

1000 3650 1043 3715 ⁸)
1083 3648 1471 3717 Constantinop.
1507 3650 1672 3716 1895,
1713 3655 1822 3719 typ.
1861 3650 2071 3717 Zellitz,
2130 3650 2213 3704 ubi
2259 3650 2417 3705 etiam
2458 3650 2510 3703 in
2547 3650 2775 3719 linguam
2823 3649 3054 3719 gallicam

826 3729 1084 3783 translata
1122 3733 1341 3798 prostat.

1002 3809 1146 3875 ⁴)C.
1189 3809 1451 3875 Quoniam
1489 3813 1631 3864 sunt.
1685 3814 1770 3864 10.
1808 3810 1944 3865 Dist.
1982 3811 2034 3863 3.
2081 3810 2143 3863 de
2192 3810 2344 3869 Cous·
2378 3809 2676 3876 (Concil.
2731 3809 3050 3873 Nicaea.)¹

820 3892 877 3945 C.
918 3890 985 3944 Si
1019 3889 1143 3958 quis
1167 3888 1479 3959 presbyter.
1523 3892 1604 3944 17.
1643 3890 1780 3944 Dist.
1819 3890 2555 3957 30.(Goneil.B1-acar.;)
2608 3890 2665 3945 C.
2706 3890 2967 3957 Quoniam
3001 3888 3052 3941 in

814 3974 983 4040 parte
1020 3972 1069 4023 2.
1109 3969 1174 4022 Χ.
1213 3969 1274 4025 de
1314 3969 1457 4023 feriis
1496 3971 1820 4036 (Alexand.
1860 3970 1959 4024 ΡΡ.
1998 3970 2130 4037 ΙΙΙ.).

996 4048 1041 4116 ⁶)
1080 4047 1338 4120 Jejunium
1375 4049 1596 4117 Vigiliae
1635 4050 1972 4105 Pentecostes
2021 4066 2120 4103 non
2157 4055 2240 4103 est
2275 4067 2341 4104 ex
2371 4051 2488 4120 jure
2526 4049 2748 4118 positivo
2794 4048 3055 4111 sancitum,

817 4132 906 4185 sed
945 4148 1009 4185 ex
1047 4130 1277 4200 generali
1316 4130 1682 4185 consuetudine
1720 4130 1987 4200 Ecclesiae
2039 4131 2231 4184 latinae
2280 4130 2511 4200 legitime
2562 4134 2827 4198 receptum
2877 4134 2933 4184 et
2966 4127 3053 4181 sub

816 4214 966 4281 gravi
1017 4212 1329 4280 obligatione
1383 4211 1718 4281 servandum,
1777 4206 1835 4266 ut
1889 4212 1999 4265 fuse
2040 4211 2266 4278 explicat
2302 4210 2557 4275 Tetam„
2614 4210 2781 4264 Βίαν.
2831 4210 3053 4264 aii-hunc

816 4294 968 4361 diem,
1006 4308 1091 4345 nn.
1130 4294 1359 4347 26-29.

997 4372 1040 4437 ⁶)
1081 4372 1162 4425 lta
1200 4372 1256 4426 C.
1296 4372 1544 4426 Dilectus
1568 4372 1743 4442 filiae.
1795 4373 1844 4426 2.
1898 4372 1963 4425 Χ.
2020 4372 2099 4425 De
2152 4371 2363 4441 capellis
2416 4371 2653 4439 monach
2710 4370 3053 4437 (Innocent.

817 4452 1087 4509 PP.111.›
1165 4452 1240 4505 De
1278 4452 1541 4505 scrutznio
1579 4457 1760 4525 repete
1799 4467 1929 4525 quae
1969 4452 2108 4509 dicta
2146 4457 2266 4507 sunt
2304 4467 2386 4525 pp.
2429 4452 2743 4511 144—145.
