3514 5391
810 538 1058 608 Κυριακή
1096 543 1188 605 τῆς
1224 541 1455 608 τυρινῆς.
1512 538 1781 593 Dominica
1818 537 2300 609 Quinquagesimae.
2607 537 2678 593 59

486 818 492 827 ,
596 736 682 801 Et
738 735 918 801 initio
979 737 1232 820 quidem
1296 737 1599 801 rationem
1664 735 1999 802 lectionum
2063 755 2140 800 ex
2199 736 2422 800 divinis
2482 735 2677 799 literis

429 835 941 917 desumptarum·
966 835 1180 918 paucis
1240 833 1603 913 afferemus;
1683 835 1909 903 deinde
1970 834 2088 899 tria
2148 833 2253 898 illa
2314 833 2677 918 disciplinae

434 933 656 1017 capita,
708 952 871 1017 quae
923 934 1241 1017 proposita
1285 933 1584 998 festorum
1635 935 1925 1017 synopsis
1972 933 2294 998 annuntiat
2338 932 2487 1017 p.·2,
2536 932 2677 997 bre-

426 1032 577 1096 viter
628 1031 1113 1114 explicabimuS,
1144 1027 1149 1033 ’
1178 1031 1413 1097 scilicet
1460 1031 1679 1117 officia
1724 1032 2161 1117 mysteriomcm
2208 1041 2267 1095 et
2310 1032 2677 1094 immmen-

429 1140 631 1194 torum
666 1131 1005 1216 passionis
1054 1130 1136 1194 D.
1191 1129 1274 1195 N.
1324 1130 1391 1195 J.
1450 1128 1584 1212 Ch„
1647 1132 1953 1195 stationes
2000 1129 2062 1194 in
2111 1129 2351 1195 Missali
2399 1129 2678 1193 Romano

430 1228 564 1293 huic
617 1229 887 1313 tempori
937 1229 1320 1313 assignataS,
1388 1229 1595 1293 officia
1650 1229 2059 1312 reparationis
2116 1248 2324 1292 coram
2390 1227 2676 1314 eaeposito

425 1351 498 1393 ss.
552 1326 973 1392 Sacramento
1023 1332 1291 1410 peract‘a.

602 1507 703 1570 De
752 1504 1128 1571 lectionibus
1173 1529 1253 1571 ea·
1299 1530 1485 1572 sacra
1531 1509 1854 1595 scriptura
1887 1507 2332 1593 praescriptis.

604 1630 679 1695 In
726 1631 937 1696 divino
986 1630 1196 1696 officio
1244 1632 1434 1718 igitur
1480 1652 1515 1697 a
1547 1631 2022 1718 Septuagesima
2070 1633 2146 1697 ad
2181 1632 2568 1697 Dominicam
2602 1632 2678 1696 de

425 1728 727 1794 Passione
766 1728 947 1813 juxta
994 1753 1043 1795 c.
1081 1728 1323 1794 Sancta
1364 1731 1662 1794 Romana
1688 1733 1750 1796 3.
1800 1731 1968 1796 Dist.
1999 1734 2103 1796 15.
2156 1731 2383 1817 legitur
2417 1730 2681 1796 Genesis

425 1834 482 1892 et
528 1826 827 1903 Emodus,
876 1828 1026 1912 quia
1071 1829 1424 1913 passionem
1476 1829 1725 1894 Domini
1785 1830 2156 1895 celebraturi
2203 1848 2523 1895 recurrere
2570 1829 2678 1894 de-

426 1925 669 1990 bemus·
699 1926 777 1990 ad
826 1927 1005 1991 Adae
1060 1932 1421 2011 peccatum,
1488 1948 1600 2013 pro
1650 1948 1773 2012 quo
1821 1948 2042 2011 passus
2091 1933 2217 2006 est;
2281 1931 2348 1993 'et
2394 1927 2542 1992 dum
2593 1925 2678 1992 le-

422 2024 593 2108 gitur
639 2025 720 2088 de
767 2025 1141 2108 patriarchis
1167 2026 1510 2105 Abraham,
1557 2025 1735 2091 Isaac
1766 2031 1827 2090 et
1852 2026 2069 2103 Jacob,
2114 2026 2292 2110 quasi
2317 2027 2395 2091 de
2420 2025 2681 2090 diversis

408 2122 738 2201 ,aetatibus
804 2124 881 2187 ad
946 2122 1265 2189 Christum
1329 2125 1553 2190 choros
1614 2124 1872 2189 Patrum
1947 2124 2335 2189 deducimus,
2445 2123 2681 2208 Repete

427 2222 617 2286 etiam
666 2238 828 2305 quae
876 2222 955 2287 de
1000 2222 1179 2307 lapsu
1227 2224 1409 2308 primi
1458 2223 1729 2288 hominis
1791 2223 1891 2288 die
1938 2223 2249 2287 dominico
2310 2223 2374 2286 in
2421 2214 2689 2306 Septuass

425 2321 670 2404 gesima
718 2320 992 2386 diximus
1038 2342 1228 2406 supra
1272 2343 1332 2407 p.
1386 2322 1483 2388 15.

606 2447 683 2512 In
732 2442 933 2511 Missa
965 2454 1169 2513 autem
1195 2447 1539 2511 Dominica
1569 2445 2081 2534 Septuayesimae
2110 2445 2493 2531 proponitur,
2545 2450 2682 2528 post

431 2545 759 2630 epistolam
790 2545 866 2608 de
893 2545 1131 2625 bravio,
1160 2546 1436 2631 legitime
1468 2547 1859 2612 currentibus
1885 2545 2094 2611 debito
2126 2545 2203 2630 (l.
2234 2542 2375 2611 Cor.
2408 2542 2680 2626 9—10),

432 2643 825 2730 evangelium
888 2645 965 2709 de
1023 2644 1288 2710 denario
1338 2644 1602 2724 diurno,
1670 2644 1730 2711 in
1791 2645 1973 2711 vinea
2033 2643 2283 2710 Domini
2347 2640 2682 2727 promerito

433 2743 691 2826 (Matth.
742 2742 893 2827 20),
975 2747 1044 2807 ut
1105 2743 1391 2812 homines
1452 2749 1740 2809 aeternae
1802 2743 2204 2809 beatitudinis
2264 2741 2542 2826 praemio
2603 2740 2680 2804 ob

435 2842 647 2906 oculos
698 2841 920 2925 posito,
972 2841 1157 2907 alacri
1188 2835 1391 2907 studio
1426 2843 1866 2927 poenitentiam
1911 2848 2099 2927 agant
2144 2845 2206 2906 et
2238 2839 2457 2922 majori
2487 2859 2682 2921 usque

439 2940 834 3005 contentione
884 2938 1107 3004 virium
1155 2940 1232 3004 ad
1282 2944 1510 3004 metam
1575 2959 1684 3006 seu
1733 2959 1998 3024 regnum
2049 2938 2360 3003 coelo'rum
2412 2941 2678 3001 currant.

612 3065 958 3129 Dominica
990 3061 1436 3150 Seaeayesimae
1467 3064 1693 3151 legitur
1725 3064 2116 3149 evangelium
2150 3063 2228 3127 de
2253 3063 2482 3125 semine
2515 3061 2686 3125 verbi

439 3164 616 3240 (Luc.
669 3163 761 3248 8),
810 3168 880 3228 ut
928 3162 1164 3240 fideleS,
1216 3163 1629 3247 poenitentiae
1676 3164 1971 3247 operibus
2000 3162 2134 3246 jam
2163 3160 2434 3237 exerciti,
2485 3161 2685 3245 magis

438 3262 783 3327 excitentur
846 3261 927 3325 ad
989 3261 1356 3326 seminanda
1414 3280 1605 3345 opera
1670 3261 2128 3327 misericordiae
2192 3260 2407 3342 sicque
2454 3269 2686 3322 certam

439 3383 615 3424 suam
662 3359 1385 3447 vocationem'faciant,
1453 3360 1808 3445 exemplum
1871 3381 1920 3425 s.
1976 3359 2152 3425 Pauli
2212 3358 2442 3439 secuti,
2510 3356 2685 3439 cujus

439 3458 724 3544 egregios
770 3457 1020 3523 labores
1069 3458 1329 3542 epistola
1375 3463 1825 3524 commemorat
1881 3458 1987 3544 (ΙΙ.
2041 3457 2178 3522 Cor.
2236 3455 2556 3539 11-12)‚
2626 3461 2684 3518 et

441 3557 515 3620 ad
560 3577 747 3642 quem
798 3557 987 3621 etiam
1037 3557 1220 3622 statio
1267 3560 1512 3642 signata
1557 3558 1882 3642 reperitur.

613 3680 963 3745 Dominica
1013 3678 1583 3770 Quinquaqesimae
1643 3680 2034 3767 evangelium
2090 3687 2186 3745 est
2246 3681 2324 3745 de
2371 3681 2495 3744 fide
2544 3699 2684 3762 pas-

443 3779 625 3845 sionis
673 3783 736 3844 et
766 3780 1259 3858 resurrectioniS,
1310 3800 1422 3865 per
1453 3799 1639 3863 quam
1676 3780 1846 3845 caeci
1873 3779 2301 3844 illuminantur
2331 3778 2510 3862 (Luc.
2543 3777 2683 3861 18);

442 3876 571 3942 ideo
619 3877 835 3943 statim
884 3877 1168 3961 sequitur
1213 3880 1379 3946 caeci
1411 3878 1800 3954 illuminati0‚
1849 3878 1972 3962 qui,
2023 3882 2276 3944 notante
2307 3876 2685 3942 Durando

447 3972 482 4038 Ι.
526 3997 574 4041 c.
624 3997 678 4042 c.
732 3976 844 4052 27,
897 3995 958 4040 n.
1014 3975 1115 4052 11,
1165 3975 1339 4041 valde
1386 3976 1699 4060 sapienter
1745 3976 1919 4060 petit,
1969 3976 2215 4040 dicens:
2281 3975 2569 4052 Domine,
2619 3984 2688 4036 ut

448 4073 696 4155 videam,
765 4074 921 4158 quia
965 4073 1119 4138 visio
1167 4075 1281 4139 erit
1328 4079 1457 4139 tota
1506 4095 1767 4140 merces
1863 4075 2168 4155 Quoniam
2215 4094 2359 4138 vero
2416 4072 2685 4155 reliquae

446 4170 684 4242 virtutes
736 4171 903 4238 nihil
966 4169 1172 4235 valent
1231 4174 1307 4236 ad
1355 4172 1474 4237 hoc
1539 4173 1884 4257 praemium
1950 4172 2389 4247 obtinendum,
2458 4170 2687 4234 idcirco

448 4277 779 4350 praemissa
832 4273 935 4335 est
982 4268 1240 4352 epistola
1286 4271 1362 4334 de
1410 4271 1683 4334 caritate
1743 4270 1820 4354 (I.
1872 4269 2010 4336 Cor.
2067 4271 2194 4353 13).
2258 4305 2341 4313 —
2409 4267 2532 4331 Sed
2579 4268 2686 4330 ad-

444 4375 597 4441 eundi
646 4372 783 4460 ipsi
839 4373 1130 4434 auctores
1174 4367 1445 4442 indicati,
1497 4389 1533 4431 a
1578 4368 1805 4451 quibus
1838 4369 2062 4447 omnia,
2112 4386 2272 4452 quae
2306 4366 2382 4430 ad
2412 4365 2685 4428 divinum

443 4467 699 4542 officium
754 4467 1154 4550 missamque
1200 4471 1504 4551 spectant,
1554 4467 1753 4532 fusius
1803 4473 1862 4530 et
1907 4467 2161 4530 uberius
2199 4463 2598 4546 explicantur.
