3514 5391
748 492 849 544 168

746 697 1103 771 miscentur,
1154 696 1214 759 in
1266 695 1491 778 quibus
1542 694 1875 760 recitandis
1924 695 2141 760 sedere
2188 694 2350 759 licet.

1391 489 1550 543 Festa
1586 489 1794 542 mobilia
1832 488 1882 541 in
1920 487 2344 556 Quadragesima.

2436 693 2764 758 Acathisto
2815 712 2991 775 prae-

748 793 1011 858 mittitur
1056 793 1115 856 in
1167 794 1372 858 officio
1422 793 1541 858 hoc
1588 790 1941 876 τροπάριον
1989 789 2375 874 adtondent.-

1598 962 1838 1050 Ἦχος
1884 969 2005 1035 πλ,
2057 967 2135 1034 δ’.

759 1115 846 1178 Τὸ
894 1114 1304 1199 προςταχθέν
1348 1117 1668 1196 μυστικῶς

837 1213 1054 1295 λαβὼν
1102 1211 1170 1276 ἓν
1217 1211 1462 1296 γνώσει,

838 1307 905 1375 ἐν
950 1318 1029 1398 τῇ
1074 1317 1268 1399 σκηνῇ
1311 1316 1427 1374 τοῖ’
1474 1309 1705 1396 Ἰωσζφ

838 1408 1092 1497 σπουδῇ
1138 1407 1379 1496 ἐπέστη

839 1507 873 1572 ὁ
923 1506 1283 1591 ἀσώματος,
1333 1504 1529 1589 λέγων

837 1612 915 1695 τῇ
961 1604 1397 1691 (ἷπειρσγάμιιιν

838 1704 873 1768 ὁ
908 1700 1125 1780 κλίνας
1168 1709 1245 1791 τῇ
1274 1702 1629 1786 καταβάσει
1671 1701 1821 1779 τοὶ-ς

1489 1799 1821 1886 [offecerat-g

838 1903 1135 1987 χωρεῖται
1186 1899 1633 1976 άναλλοιώτως
1673 1897 1823 1974 ὅλος

1552 1996 1645 2083 [ἐν
1692 1990 1818 2060 σοι’·

839 2095 913 2162 ὃν
950 2096 1057 2161 καὶ
1082 2095 1345 2179 βλέπων
1375 2095 1441 2160 ἓν
1472 2121 1513 2179 μ
1526 2095 1680 2183 ἡτρᾳ
1704 2116 1822 2158 σου

840 2194 1126 2277 λαβόντα
1174 2193 1405 2258 δούλου
1450 2191 1720 2281 μορφήν,

842 2289 1180 2375 ἐξίσταμαι
1229 2290 1595 2376 κραυγάζων
1642 2311 1769 2354 σοι·

936 2386 1158 2475 Χαίρε,
1207 2389 1418 2478 νύμφη
1446 2388 1822 2478 ἄνι’·μφεῑτε.

764 2576 853 2658 Ἰζῐ]
922 2568 1266 2656 ὑπερμάχει)
1336 2574 1665 2657 στρατηγῷ
1741 2567 1823 2632 τὰ

1450 2666 1821 2754 [νικητήρια,

841 2766 927 2844 (ὃς
973 2767 1381 2853 λυτρωῧεῖσα
1425 2771 1552 2830 τῶν
1577 2765 1821 2846 δεινῶν,

1354 2863 1825 2950 [εὐχαριστὴρια

844 2961 1190 3051 ἄναγράφω
1237 2985 1339 3027 σοι
1395 2962 1426 3049 ἡ
1459 2963 1654 3039 πόλις
1685 2984 1822 3041 σου,

1492 3058 1824 3146 [Θεστόκε·

844 3157 984 3223 ἀλλ’
1046 3156 1133 3235 ὠς
1179 3153 1415 3239 ἔχουσα
1474 3158 1550 3223 τι)
1596 3158 1827 3245 κράτος

1286 3254 1824 3345 [άπροςμάχητον,

844 3354 913 3420 ἐκ
938 3349 1289 3419 παντοίων
1332 3378 1412 3437 με
1460 3355 1765 3420 κινδύνων

845 3451 1305 3539 ἕλευθέρωσον,
1337 3454 1445 3518 ἵνα
1469 3453 1677 3540 κράζω
1696 3477 1824 3520 σοι·

934 3556 1162 3640 Χαῖρε,
1210 3551 1420 3640 νύμφη
1451 3551 1824 3641 α’νύμφευτε.

757 3729 839 3797 α’.
882 3729 1181 3813 Ἄγγελος
1229 3730 1686 3819 πρωτοστάτης

892 3827 1249 3914 σῦρανόθεν
1295 3828 1611 3918 ἐπέμφθη

890 3921 1102 3992 εἰπεῖν
1184 3932 1262 4016 τῇ
1343 3926 1643 4013 Θεοτόκῳ
1728 3928 1825 3993 τό·

1555 4028 1789 4111 [Χαῖρε
1803 4034 1829 4090 !

890 4120 998 4187 καὶ
1022 4121 1140 4186 σὺν
1167 4127 1246 4211 τῇ
1278 4120 1598 4207 ἀσωμάτῳ
1629 4130 1826 4213 φωνῇ,

891 4221 1385 4306 σωματσύμενόν
1432 4243 1505 4287 σε
1542 4226 1826 4309 θεωρῶν,

981 4319 1199 4406 Κύριε,

892 4413 1192 4499 ἐξίστατο
1240 4419 1347 4483 καὶ
1394 4419 1646 4499 ἵστατο,

2035 1114 2070 1177 J
2081 1135 2292 1179 ussum
2336 1134 2562 1179 arcana
2589 1118 2792 1177 mente
2824 1133 2993 1176 com-

1929 1213 2144 1297 plexus
2221 1214 2622 1297 incorporeus
2689 1210 2996 1295 (Gabriel)

1928 1311 2188 1395 Joscphi
2227 1313 2482 1375 domum
2509 1310 2874 1375 festinanter
2903 1314 2993 1374 in-

1925 1431 2182 1495 gressus
2230 1416 2324 1476 est
2370 1410 2584 1475 dicens
2614 1408 2834 1493 virgini
2883 1429 2993 1472 nu-

1928 1510 2199 1592 ptiarum
2259 1507 2536 1572 nesciae:
2616 1507 2732 1587 Qui
2795 1506 2996 1570 coelos

1928 1607 2243 1672 inclinavit
2306 1607 2611 1670 descensu
2660 1606 2816 1670 citra
2861 1625 2994 1668 mu-

1929 1707 2226 1771 tationem
2274 1707 2441 1769 totus
2488 1703 2641 1768 inte
2683 1703 2994 1786 recipitur,

1930 1825 2118 1888 quem
2184 1823 2300 1887 ego
2362 1803 2612 1885 quidem
2662 1802 2875 1866 videns
2937 1801 2995 1865 in

1932 1909 2107 1967 utero
2155 1905 2259 1965 tuo
2309 1900 2469 1965 servi
2517 1900 2782 1964 formam
2822 1919 2997 1964 accc-

1930 2001 2116 2085 pisse‚
2167 2019 2315 2084 prae
2363 1999 2765 2064 admiratione
2813 1999 2888 2062 ad
2940 2003 2998 2061 tc

1933 2100 2165 2164 clamo:

2040 2200 2195 2275 Ave,
2245 2216 2475 2279 sponsa
2522 2198 2795 2279 innupta.
2856 2277 2861 2282 ⁸

2045 2571 2453 2635 Prooemium.
2541 2569 2677 2633 Tibi
2739 2570 3002 2634 invictae

1935 2668 2313 2754 imperatrici
2363 2667 2517 2734 haec
2569 2687 2679 2752 pro
2726 2669 2871 2733 data
2917 2668 3002 2733 vi·

1936 2768 2128 2833 ctoria
2145 2768 2483 2853 gratiarum
2508 2769 2766 2845 cantica,
2798 2788 2833 2831 o
2855 2767 3002 2831 Dci-

1937 2887 2116 2951 para,
2195 2886 2308 2951 ego
2373 2870 2479 2929 tua
2544 2865 2694 2929 urbs
2760 2866 3000 2942 dedicO,

1935 2965 2195 3030 liberata
2244 2986 2280 3029 a
2326 2964 2728 3029 barbarorum
2758 2966 3001 3048 pericu-

1938 3063 2030 3127 lis.
2105 3062 2226 3127 Sed
2275 3068 2339 3127 tu
2389 3082 2584 3146 quum
2628 3061 2863 3127 habeas
2893 3084 3001 3146 po-

1937 3166 2228 3227 testatem
2290 3159 2867 3245 inexpugnabilem,
2930 3182 3002 3226 ex

1939 3260 2121 3324 variis
2170 3280 2269 3324 me
2315 3260 2511 3324 libera
2558 3259 2868 3343 periculis,
2936 3263 3004 3323 ut

1940 3362 2182 3422 cantem
2217 3359 2361 3423 tibi:
2412 3358 2609 3435 Salve,
2652 3378 2879 3441 sponsa
2912 3358 3002 3423 in-

1939 3460 2149 3540 nupta.

2048 3733 2104 3796 1.
2155 3731 2479 3796 Adventus
2510 3732 2738 3817 anyeli.
2793 3736 3004 3820 Ange·

1935 3831 2032 3895 lus
2080 3831 2440 3914 praesidens
2489 3830 2745 3896 coelitus
2777 3832 3004 3898 missus

1936 3929 2070 4007 fuit,
2107 3933 2173 3992 ut
2207 3930 2440 3995 diceret
2471 3930 2744 4015 Virgini:
2795 3930 3002 3996 Salve!

1937 4027 2017 4091 Et
2065 4047 2206 4091 cum
2242 4028 2603 4112 incorporea
2634 4049 2786 4094 voce
2836 4031 3003 4115 (spe-

1938 4125 2152 4190 culans
2173 4131 2252 4203 te,
2283 4126 2567 4203 Domine,
2594 4128 3001 4204 incarnatum,

1937 4225 2168 4309 stupuit
2219 4230 2280 4290 et
2327 4226 2529 4311 stetit)
2577 4226 2655 4290 ad
2685 4247 2822 4291 eam
2850 4226 3004 4291 haec

1937 4325 2121 4389 dixit:
2181 4323 2417 4401 „Salve,
2469 4345 2579 4408 per
2625 4344 2813 4408 quam
2851 4346 3002 4411 gau-

1945 4424 2148 4501 „dium
2174 4421 2428 4488 lucebit.
2467 4422 2666 4500 Salve,
2691 4444 2802 4507 per
2820 4444 3002 4508 quam
