3514 5391
715 527 962 595 Κυριακή
997 527 1061 591 β’.
1103 531 1211 581 τῶν
1249 531 1526 593 νηστειῶν.
1589 527 1857 582 Dominica
1896 527 1958 581 11.
1998 526 2452 595 Quadragesimae.
2602 526 2703 581 123

464 728 722 793 cundum
777 728 1238 813 evangeliorum
1287 748 1399 811 per
1445 747 1678 792 annum
1724 727 2226 792 distributionem
2257 727 2304 810 ¹)
2353 726 2580 812 legitur
2628 747 2699 790 ex

465 825 640 891 Marci
668 826 728 910 ²)
779 826 981 911 capite
1026 827 1088 904 2,
1138 826 1216 890 de
1253 825 1394 910 filio
1436 825 1708 913 prodiyo
1759 829 2001 891 tantum
2048 824 2287 910 agitur:
2347 825 2511 908 quod
2561 822 2699 889 offi-

459 924 603 989 cium
656 930 724 990 et
774 925 1151 991 recentiores
1196 925 1499 991 editiones
1548 923 1889 989 catholicae
1937 912 2287 990 exhibents
2345 922 2417 988 In
2448 923 2699 1007 antiquo

455 1023 656 1088 codice
709 1023 1158 1089 Barberiniano
1208 1046 1243 1089 a
1290 1025 1456 1089 card.
1507 1022 1745 1105 Quirini
1793 1022 1959 1088 edito
2005 1022 2473 1107 inscriptionem
2508 1020 2699 1087 habet

453 1143 504 1205 p.
550 1122 723 1186 211:
774 1115 898 1198 Εἷς
933 1118 1054 1187 τὸν
1095 1118 1366 1190 ἄσωτον.

621 1228 1079 1318 Κατανυκτικὴ
1140 1237 1235 1296 est
1294 1230 1596 1296 hodierna
1658 1222 2054 1305 ἀκολουθία,
2124 1249 2196 1293 co
2244 1233 2567 1311 spectans,
2630 1234 2698 1291 ut

447 1328 863 1410 poenitentiae
932 1333 994 1395 et
1041 1330 1461 1394 conversionis
1509 1327 1893 1413 propositum
1960 1332 2101 1393 ante
2149 1331 2414 1410 quatuor
2459 1324 2695 1395 hebdo-

447 1427 680 1505 madae.
731 1427 871 1511 ipsa
918 1427 1247 1493 Dominica
1290 1430 1406 1491 τοῦ
1452 1424 1726 1505 ἀσώτου,
1787 1447 1931 1493 cum
1979 1426 2105 1491 filio
2154 1425 2414 1510 prodigo
2462 1424 2695 1490 factum

437 1534 925 1609 perseum-anter
949 1525 1316 1609 impleamus
1340 1524 1414 1609 ⁸).
1482 1524 1680 1591 Simul
1716 1531 1924 1591 autem
1957 1528 2289 1589 monentur
2321 1524 2695 1599 sacerdoteS,

446 1626 510 1686 ut
553 1624 784 1688 intimo
833 1625 1129 1689 caritatis
1175 1622 1404 1711 affectu
1452 1626 1853 1711 poenitentes
1917 1643 1989 1688 ac
2051 1643 2195 1688 cum
2256 1621 2381 1687 filio
2437 1621 2697 1706 prodigo

445 1726 830 1788 revertentes
882 1729 1240 1808 peccatores
1287 1724 1662 1810 suscipiant,
1724 1724 1885 1787 sicut
1933 1722 2246 1786 Dominus
2292 1719 2567 1785 ostendit
2613 1721 2695 1804 (c.

442 1818 884 1887 Poenitentem
931 1824 992 1887 9.
1046 1820 1112 1887 O.
1165 1821 1269 1886 26.
1323 1843 1382 1906 q.
1433 1822 1524 1906 7).
1619 1822 1871 1887 Etenim
1902 1824 2094 1903 pater,
2146 1823 2214 1883 ut
2243 1819 2514 1902 primum
2547 1818 2695 1883 vidit

445 1918 636 1984 filium
687 1924 1140 1999 revertentem,
1206 1921 1647 1987 misericordia
1704 1929 1909 1984 motus
1965 1929 2057 1983 est
2120 1911 2696 2003 (ἐσπλαγχνίσθη),

443 2036 560 2082 non
608 2018 1062 2104 indignatione,
1114 2018 1290 2102 cujus
1338 2039 1592 2084 causam
1640 2018 1964 2084 habuisset
1989 2017 2462 2101 aequissimam3
2515 2015 2694 2081 mise-

443 2115 905 2202 ricordiamque
966 2118 1347 2184 abscondere
1394 2139 1517 2187 non
1567 2118 1776 2184 valens
1834 2116 2102 2183 accurrit
2148 2112 2506 2201 (δραμών),·
2571 2135 2693 2180 non

445 2218 625 2280 modo
677 2217 848 2282 vadit
895 2216 1134 2295 obviuS‚
1203 2218 1370 2301 quod
1416 2217 1682 2283 multum
1732 2217 1985 2295 fuisset,
2051 2217 2161 2281 sed
2224 2235 2410 2299 passu
2470 2214 2694 2279 festino

443 2312 688 2379 advolat
735 2313 1069 2381 clementia
1115 2315 1242 2381 alas
1291 2317 1572 2382 addente.
1654 2315 1845 2382 Cadit
1893 2336 2081 2401 cuper
2107 2312 2335 2378 collum
2365 2315 2499 2401 ejus
2547 2308 2695 2397 (ἐπὶ

442 2408 549 2474 τὸν
594 2409 920 2499 τράχηλον
964 2409 1164 2478 αὐτοῦ
1208 2408 1582 2499 ἐπέπεσεν),
1649 2424 1709 2477 ct
1753 2412 2078 2478 osculatur
2124 2434 2261 2476 eum
2321 2408 2462 2497 (καὶ
2509 2431 2692 2473 κατε-

445 2502 710 2598 φίλησεν
758 2508 1008 2598 αὐτόν),
1072 2534 1107 2578 a
1155 2533 1277 2597 quo
1325 2514 1469 2579 olim
1520 2518 1653 2579 erat
1699 2516 1872 2578 tanta
1918 2511 2307 2577 contumacia
2362 2510 2691 2575 fastiditus

449 2608 887 2694 Trepidantem
937 2610 1132 2677 filium
1196 2611 1609 2697 amplectitur,
1678 2612 1954 2695 paternis
2014 2608 2287 2674 brachiis
2349 2607 2692 2673 arctissime

450 2710 835 2796 constringit.
930 2709 1244 2795 Quidquid
1292 2711 1559 2777 malitiae
1607 2710 2003 2796 perlongum
2041 2715 2288 2792 tempus
2337 2713 2540 2772 aetum
2578 2711 2689 2774 est.

446 2814 618 2891 pater
683 2813 1002 2875 momento
1063 2809 1478 2888 obliviscitum
1548 2815 1610 2876 et
1669 2811 1759 2875 sic
1806 2810 2080 2894 degener
2125 2806 2262 2885 ille,
2316 2807 2451 2891 jam
2514 2826 2693 2871 carus

445 2906 630 2982 filius,
681 2908 925 2992 primae
972 2907 1253 2973 felicitati
1299 2910 1660 2975 restituitur.
1726 2909 1818 2973 Ut
1850 2910 1933 2972 ita
1948 2907 2373 2994 poenitentem
2405 2927 2486 2968 ece
2509 2903 2693 2968 corde

444 3006 801 3091 mancipiant
847 3005 1229 3085 confessarii,
1279 3007 1465 3092 hujus
1512 3009 1632 3073 diei
1682 3007 1889 3073 officio
1938 3008 2258 3071 docentur.

443 3201 682 3256 minicam
720 3206 875 3255 vocet
911 3202 1154 3268 tertiam,
1190 3205 1471 3258 numeratis
1507 3205 1709 3259 scilicet
1730 3204 2037 3275 jeJ‘uniorum
2058 3201 2337 3256 Dominicis
2376 3218 2407 3256 a
2442 3204 2694 3271 κυριακῇς

448 3284 535 3346 τῆς
569 3284 817 3350 τυρινῆς,
870 3287 1116 3353 tanquam
1168 3284 1210 3336 si
1263 3284 1327 3338 ab
1377 3300 1438 3338 eo
1489 3285 1569 3339 die
1621 3302 1735 3339 cum
1767 3284 1975 3356 jejuniis
2014 3285 2328 3351 τυροφαγία
2383 3284 2539 3353 atque
2576 3280 2691 3334 inde

448 3362 681 3432 proprius
718 3362 844 3417 ordo
883 3362 1264 3418 Dominicarum
1303 3369 1412 3418 τῶν
1449 3369 1711 3431 νηστειῶν
1749 3367 2014 3435 inciperet.

626 3441 669 3508 ¹)
711 3441 945 3508 Quatuor
979 3443 1266 3513 Evangelia
1305 3445 1379 3499 ita
1416 3447 1550 3515 apud
1588 3446 1817 3502 Graecos
1857 3462 1971 3500 esse
2011 3445 2060 3497 in
2098 3444 2215 3497 anni
2254 3443 2548 3498 Dominicas
2591 3442 2691 3495 dis-

450 3522 655 3588 tributa,
697 3527 755 3577 ut
793 3541 835 3577 s,
876 3524 1049 3579 Marco
1081 3525 1390 3595 jejuniorum
1428 3531 1630 3597 tempus
1668 3529 1737 3582 sit
1775 3529 2114 3598 assignatum,
2154 3541 2245 3579 suo
2271 3525 2382 3579 loco
2420 3522 2581 3577 fusius
2607 3521 2689 3576 de-

450 3603 773 3658 clarabimutz.

623 3682 668 3752 ²)
708 3683 826 3739 Non
864 3690 947 3740 est
983 3687 1145 3756 igitur
1181 3688 1263 3741 hic
1300 3688 1617 3759 paralyticus
1643 3690 2023 3744 confundendus
2049 3706 2162 3744 cum
2188 3689 2306 3755 alie,
2343 3687 2427 3756 qui
2454 3687 2523 3738 38
2544 3683 2690 3737 annis

447 3764 719 3835 languerat
770 3783 832 3821 ac
859 3772 1074 3822 sanatus
1112 3768 1313 3822 demum
1353 3774 1435 3823 est
1472 3770 1535 3823 ad
1573 3771 1823 3840 piscinam
1861 3771 2177 3837 Bethsaida,
2234 3770 2296 3823 de
2346 3784 2444 3838 quo
2495 3765 2690 3834 legitur

449 3844 784 3916 Evangelium
821 3847 1088 3903 Dominica
1126 3847 1214 3903 III.
1254 3855 1373 3919 post
1409 3849 1609 3905 Pascha
1648 3868 1710 3906 ex
1748 3852 1961 3907 Joannis
2001 3854 2171 3922 capite
2210 3852 2258 3906 5.

623 3925 667 3996 ⁸)
709 3927 948 3983 Officium
985 3933 1084 3982 τοῦ
1120 3928 1337 3982 ιῖσώτου
1374 3935 1591 4002 utroque
1629 3933 1709 3986 die
1748 3933 1811 3986 ad
1844 3933 2212 4002 poenitentiam
2238 3933 2566 4001 peccatorum
2603 3943 2689 3980 ex-

448 4007 702 4061 citandam
739 4007 996 4077 dirigitur.
1053 4010 1514 4081 UndeAugusti
1553 4013 1840 4066 oscitanter
1862 4013 2028 4081 nimiS,
2066 4012 2313 4067 vocabulo
2350 4012 2449 4061 τοῦ
2473 4006 2690 4059 ἀσώτου

447 4102 713 4157 perperam
751 4087 1033 4158 intellecto,
1082 4092 1342 4162 κυριακήν
1381 4097 1478 4145 τοῦ
1514 4091 1732 4145 α’σώτου
1770 4110 1831 4147 eo
1869 4094 2071 4148 nomine
2106 4093 2282 4147 vocari
2321 4090 2517 4156 scribit,
2556 4090 2687 4160 quod

446 4168 512 4221 sit
547 4167 670 4222 dies
707 4169 856 4238 evulqi
889 4170 1248 4240 luxuriantis,
1284 4173 1387 4228 der
1423 4173 1951 4244 Schtrelq-Sonntay,
1988 4174 2108 4229 eine
2134 4175 2244 4228 Art
2278 4188 2373 4226 ron
2404 4170 2690 4234 Carneoal,

444 4248 498 4301 in
535 4248 639 4303 der
676 4248 1006 4320 Bedeutuny
1043 4268 1139 4306 con
1177 4270 1203 4307 c
1216 4270 1248 4307 a
1261 4270 1332 4309 ro
1368 4271 1400 4308 v
1415 4255 1565 4309 alet
1601 4255 2180 4325 (Denku’ttrdiqkeiten
2219 4271 2324 4308 aas
2359 4253 2461 4307 der
2494 4250 2687 4305 christ-

443 4329 615 4384 lichen
655 4330 1054 4401 Archaeoloqie
1070 4373 1086 4399 ,
1141 4337 1263 4388 tom.
1305 4337 1400 4402 10,
1453 4352 1501 4404 p.
1539 4337 1686 4402 401).
1761 4336 1888 4390 Eam
1943 4337 2075 4390 enim
2127 4339 2225 4387 τοῦ
2260 4331 2476 4385 ἀσώτου
2513 4331 2685 4384 vocari

443 4410 776 4477 ostendimus,
796 4412 932 4482 quod
953 4411 1184 4468 Ecclesia
1208 4431 1269 4469 eo
1289 4415 1387 4482 die,
1407 4417 1497 4470 filii
1515 4417 1716 4486 prodigi
1735 4418 2068 4471 conversione
2088 4416 2366 4486 proposita,
2387 4419 2686 4484 peccatores

444 4492 506 4546 ad
532 4492 754 4549 similem
779 4492 973 4549 mentis
993 4493 1231 4568 vitaeque
1256 4497 1590 4554 mutationem
1618 4499 1935 4556 exhortetur.
1974 4497 2171 4570 Repete
2196 4497 2335 4552 dicta
2354 4511 2436 4569 pp.
2459 4493 2686 4550 12—13.
