3514 5391
846 503 951 560 224
1468 495 1629 562 Festa
1664 496 1873 560 mobilia
1910 498 1959 560 in
1999 496 2475 600 Quadragesimam.

847 616 953 624 ——-

846 697 1347 761 Benedictum
1389 699 1514 759 PP.
1552 700 1722 761 XIV.
1762 703 1800 760 l.
1842 719 1889 760 c.
1928 702 1992 773 ᾖ
2025 704 2324 774 138-Ῑὸ2,
2361 704 2462 762 ubi
2502 704 2683 762 etiam
2724 704 3092 763 recentiores

848 791 1122 844 auctores
1161 783 1456 840 indicatos
1494 783 1788 855 inveniet,
1845 783 1941 854 qui
1995 791 2180 842 totum
2234 786 2345 843 hoc
2396 792 2805 857 argumentum
2858 785 3090 842 abunde

846 868 1316 939 pertractarunt.
1392 861 1730 921 Novissime
1773 880 1986 935 magno
2024 881 2267 923 numero
2307 874 2691 923 accesserunt
2726 864 3089 936 Theologiae

845 945 1045 1020 periti,
1101 943 1199 1018 qui
1252 944 1311 1001 in
1360 943 1481 1001 suis
1530 944 1833 1016 responsis
1886 944 1964 1003 ad
2000 945 2325 1018 polemicas
2364 946 2580 1004 literas
2619 939 2944 1003 circulares
2994 963 3090 1017 pa·

846 1025 1152 1084 triarchae
1190 1023 1311 1084 GP.
1370 1030 1433 1082 et
1478 1024 1689 1096 synodi
1740 1024 1871 1096 eius
1924 1041 1998 1083 ex
2037 1042 2132 1083 an.
2173 1026 2313 1083 1895
2364 1026 2683 1085 veritatem
2739 1025 3088 1084 catholicam

846 1105 1219 1166 solidissimis
1257 1105 1624 1178 argumentis
1664 1112 1727 1163 et
1763 1104 2123 1164 testimoniis
2162 1107 2605 1165 confirmarunt.
2667 1106 2742 1164 In
2770 1106 2843 1163 iis
2872 1105 3093 1163 eminet

848 1189 1096 1261 insignis
1144 1186 1452 1245 doctrinae
1503 1184 1599 1248 vir
1645 1184 2024 1244 Salvator
2062 1186 2136 1244 M.
2175 1186 2496 1258 Brandi‚
2554 1186 2652 1261 qui
2702 1192 2918 1259 gratae
2970 1202 3090 1243 ser·

848 1268 1014 1327 viens
1051 1265 1359 1337 brevitati,
1396 1267 1775 1340 quaestiones
1812 1283 2030 1334 omnes,
2083 1284 2234 1341 quae
2275 1268 2350 1325 ad
2389 1266 2692 1327 infelicem
2733 1266 3088 1325 discordiam

849 1350 1009 1408 inter
1044 1355 1357 1419 utramque
1397 1347 1715 1406 ecclesiam
1753 1354 2049 1420 spectant,
2087 1365 2352 1422 quaeque
2392 1366 2428 1406 a
2455 1349 2725 1421 plurimis
2752 1347 3091 1406 doctoribus

847 1429 1099 1505 sparsim
1139 1426 1520 1501 reperiuntur
1568 1444 1678 1500 per
1724 1427 1898 1487 varia
1934 1445 2119 1501 opera
2167 1428 2531 1502 disputatae,
2589 1428 2738 1487 adeo
2786 1427 3092 1487 succincta

851 1518 1027 1585 atque
1053 1509 1293 1567 erudita
1323 1508 1797 1581 pertractatione
1827 1514 1921 1566 est
1946 1509 2301 1581 complexuS,
2328 1516 2397 1567 ut
2422 1526 2779 1583 magnopere
2809 1507 3093 1566 commen·

849 1592 1078 1651 dandus
1115 1590 1196 1647 sit
1215 1589 1273 1659 ¹).
1310 1618 1382 1628 —-
1416 1586 1695 1660 Denique
1733 1588 1786 1646 si
1824 1583 1887 1647 id
1925 1589 2202 1648 adnotari
2242 1596 2522 1661 meretur,
2563 1590 2624 1648 in
2661 1588 2923 1648 transitu
2961 1587 3087 1645 sub·

839 1672 1160 1745 jungimus,
1187 1668 1595 1727 nonnullorum
1622 1668 2135 1727 schismaticorum
2164 1667 2587 1741 impudentiam
2616 1687 2685 1728 eo
2712 1667 3092 1743 processisse,

846 1759 930 1824 ut,
957 1768 1129 1825 quum
1157 1743 1402 1822 reliquis
1428 1749 1695 1807 omnibus
1724 1746 2058 1808 rationibus
2080 1767 2144 1808 se
2166 1750 2447 1809 viderent
2474 1747 2809 1821 destitutos,
2835 1749 3094 1806 fidenter

848 1838 1217 1899 assererent,
1268 1829 1427 1888 inter
1463 1845 1670 1889 sacras
1706 1830 1997 1904 reliquias
2043 1831 2260 1904 palatii
2300 1829 2620 1890 CPolitani
2674 1829 2852 1888 etlam
2905 1829 3092 1903 parti-

848 1915 1041 1972 culam
1080 1911 1250 1986 panis
1287 1909 1655 1977 fermentati,
1705 1928 1743 1970 a
1782 1910 2025 1971 Christo
2064 1913 2123 1970 in
2162 1912 2376 1971 ultima
2415 1929 2600 1971 coena
2638 1911 2907 1982 adhibiti,
2961 1927 3092 1968 con-

849 2001 1148 2054 servatam
1187 1987 1391 2064 suisse,
1440 2008 1612 2064 quam
1652 2008 1826 2065 quum
1864 1992 2159 2051 vidissent
2196 1994 2477 2052 catholici
2516 1993 2763 2050 eandem
2806 2009 2931 2049 cum
2974 1988 3092 2048 fer·

850 2080 1131 2144 mentam,
1159 2072 1494 2144 argumenti
1517 2071 1782 2143 eiusdem
1804 2073 2109 2131 evidentia
2130 2074 2428 2132 convictos
2450 2071 2835 2132 obmutuissel
2873 2069 3094 2141 Λνὲρους

849 2154 1355 2228 contemptim,·ut
1390 2159 1713 2220 merentur,
1760 2151 1993 2212 refellit
2028 2152 2098 2211 L.
2138 2153 2494 2212 Allatius
2544 2155 2747 2210 Eiram.
2785 2151 3091 2209 Triodii

850 2253 943 2293 nn.
979 2233 1284 2293 Q-QS.

1025 2314 1224 2372 Missis
1262 2312 1449 2385 igitur
1497 2330 1648 2386 quae
1698 2320 1978 2387 repetere
2029 2313 2294 2373 instituti
2332 2315 2491 2374 ratio
2529 2331 2644 2373 non
2681 2313 2840 2384 sinit,
2895 2313 3093 2386 potius

848 2395 1254 2466 ostendemuS,
1309 2393 1409 2452 vel
1460 2393 1620 2468 ipsos
1669 2394 2068 2467 sapientiores
2118 2413 2151 2453 e
2204 2394 2476 2460 Graecis
2513 2393 2861 2453 indifferens
2912 2393 3090 2467 plane

849 2476 1254 2545 existimasse,
1305 2491 1461 2548 pane
1509 2473 1637 2533 sive
1689 2491 1900 2548 azymo
1952 2475 2079 2534 sive
2118 2475 2480 2535 fermentato
2532 2475 2594 2533 in
2645 2475 3090 2533 consecratione

849 2555 1250 2614 eucharistiae
1287 2556 1394 2613 uti.
1468 2554 1565 2612 En
1612 2554 1726 2613 tibi
1765 2554 1893 2626 ejus
1944 2556 2345 2629 persuasionis
2404 2556 2548 2613 duos
2601 2554 3090 2628 locupletissimos

850 2643 1057 2709 testeS,
1107 2634 1609 2693 Theorianum
1659 2642 1722 2695 et
1756 2635 2176 2710 Nechiten,
2228 2638 2438 2711 quibus
2485 2642 2652 2695 certe
2704 2636 2891 2697 omnis
2939 2635 3090 2693 fides

849 2717 1126 2776 habenda
1165 2722 1275 2775 est.

1027 2797 1533 2869 TheorianuS,
1586 2797 1682 2855 vir
1719 2814 1864 2856 sane
1905 2794 2295 2864 doctissimus,
2348 2798 2518 2872 cujus
2556 2800 2682 2857 late
2720 2814 2929 2856 nomen
2967 2795 3091 2855 uni·

850 2896 1059 2939 versus
1097 2877 1359 2935 insonuit
1396 2876 1614 2936 Oriens
1669 2878 2066 2951 christianuS,
2119 2896 2293 2952 quum
2345 2879 2639 2938 Manuelis
2690 2877 2976 2938 Comneni
3015 2876 3090 2934 ad

849 2978 894 3020 s.
930 2959 1231 3020 Nerseten
1251 2958 1317 3029 ⁹),
1355 2958 1777 3017 Armeniorum
1817 2957 2194 3018 catholicum
2232 2974 2337 3018 seu
2377 2960 2803 3033 patriarcham,
2841 2976 2948 3033 pro
2974 2957 3089 3016 fide

851 3040 1178 3099 orthodoxa
1214 3038 1452 3110 legatus
1491 3055 1644 3097 anno
1682 3040 1827 3098 1170
1872 3039 2095 3113 ingenii
2135 3040 2481 3113 consiliique
2520 3040 2610 3098 sui
2650 3041 2849 3098 lumen
2901 3047 3089 3096 osten·

852 3119 1020 3191 dit⁸),
1060 3119 1119 3178 in
1159 3118 1415 3191 epistola
1455 3120 1530 3177 ad
1569 3116 1884 3178 monachos
1923 3121 2304 3193 monticolas,
2356 3121 2428 3179 de
2467 3120 2766 3179 nonnullis
2806 3118 3088 3177 ecclesia·

850 3202 1039 3260 sticae
1079 3197 1433 3271 disciplinae
1484 3200 1781 3273 capitibus
1820 3200 2074 3273 scripta,
2131 3202 2204 3260 de
2243 3200 2660 3273 augustissimo
2715 3200 2931 3258 altaris
2969 3215 3086 3271 my·

850 3283 1033 3341 sterio
1070 3280 1390 3354 praeclara
1426 3278 1578 3339 haec
1615 3281 1882 3351 habet⁴)z

1032 3506 1074 3573 ¹)
1113 3504 1434 3560 Dell¹unione
1471 3505 1604 3560 delle
1643 3508 1832 3561 chiese.
1905 3505 2151 3577 Risposta
2199 3507 2250 3562 al
2287 3507 2550 3577 patriarca
2587 3521 2745 3576 greco
2783 3505 2833 3559 di
2873 3504 3085 3560 Costan-

851 3587 1080 3657 tinopoli.
1144 3585 1310 3639 Terza
1341 3585 1591 3651 edizione,
1628 3603 1723 3641 con
1749 3587 1964 3641 ritocchi
2002 3604 2031 3641 e
2055 3589 2253 3658 giunte.
2309 3587 2487 3641 Roma.
2545 3587 2737 3642 Civilta
2762 3586 2905 3641 Gatt.
2934 3586 3087 3639 1896.

1030 3666 1075 3735 ²)
1114 3666 1193 3721 De
1229 3683 1275 3720 s.
1314 3665 1550 3721 Ner-sete
1590 3666 1852 3736 Clajensi‚
1888 3682 2038 3737 quem
2075 3683 2232 3737 supra
2261 3669 2372 3738 jam
2410 3667 2728 3721 laudavimus
2761 3681 2811 3735 p.
2838 3667 2889 3731 9,
2927 3665 3087 3736 deque
3127 3694 3136 3709 ·

848 3747 1261 3804 memorabilibus
1298 3747 1408 3816 ejus
1445 3761 1559 3801 cum
1585 3745 1873 3801 Theoriano
1911 3747 2193 3817 colloquiiS,
2231 3747 2442 3802 ultimus
2479 3747 2592 3816 egit
2626 3746 2818 3815 Rmus„
2839 3746 3087 3816 Balgy,

850 3827 1104 3883 Historia
1141 3826 1421 3881 doctrinae
1457 3825 1798 3880 christianae
1843 3826 1991 3881 inter
2025 3828 2315 3891 Armeno&
2365 3843 2409 3881 c.
2448 3828 2499 3894 6,
2551 3842 2635 3896 pp.
2672 3828 2742 3882 33
2780 3842 2922 3897 seqq.
2939 3866 2951 3889 ,
3003 3842 3088 3879 ex·

850 3909 1024 3963 bibitis
1062 3908 1221 3963 etiam
1257 3906 1476 3975 integris
1513 3905 1945 3976 disputationibus
1983 3906 2034 3961 in
2071 3907 2435 3977 appendicibus
2470 3907 2506 3960 4
2545 3912 2600 3961 et
2623 3907 2674 3972 5,
2712 3922 2795 3976 pp.
2821 3907 3088 3975 220seqq.

848 3990 927 4045 De
966 4005 1028 4042 eo
1064 4004 1232 4042 sermo
1269 3987 1458 4042 redibit
1494 3984 1547 4039 in
1583 4001 1716 4040 anno
1754 3988 1940 4041 eccles,
1979 3989 2265 4051 Armenor.,
2318 3987 2413 4040 fer.
2451 3985 2514 4040 Π.
2553 3991 2673 4056 post
2710 3985 2961 4040 Dominio.
3000 3984 3086 4039 ΙΙΙ.

849 4074 968 4139 post
1003 4067 1352 4136 Assumption.
1390 4067 1665 4136 Deiparae.
2080 4092 2088 4101 ·

1031 4148 1075 4215 ⁸)
1115 4147 1245 4202 Vide
1281 4163 1412 4217 quae
1451 4147 1513 4201 de
1551 4152 1664 4202 toto
1702 4149 1798 4202 hoc
1833 4148 2044 4215 negotio
2093 4163 2228 4202 nova
2274 4164 2302 4200 e
2340 4146 2597 4202 codicibus
2635 4146 2902 4201 Vaticanis
2954 4146 3086 4199 eruit

850 4229 1038 4284 Card.
1078 4228 1234 4295 Mai,
1272 4229 1468 4282 relatus
1506 4229 1640 4297 apud
1677 4228 1867 4296 Migne,
1905 4227 2049 4282 Patr.
2087 4243 2168 4297 gr.
2209 4233 2247 4281 t.
2288 4229 2408 4295 133,
2444 4242 2530 4297 pp.
2571 4217 2870 4293 113—118,
2908 4227 3086 4296 quibus

850 4312 1007 4364 etiam
1045 4308 1220 4363 Rmus.
1258 4308 1431 4379 Balgy
1467 4309 1660 4377 passim
1699 4313 1782 4362 est
1819 4324 1958 4362 usus,
1993 4334 1999 4339 ·

1028 4389 1074 4455 ⁴)
1114 4389 1318 4442 Initium
1356 4389 1505 4458 hujus
1544 4388 1794 4458 epistolae
1833 4388 1964 4442 idem
2002 4387 2177 4445 Rmus.
2214 4387 2383 4458 Balgy
2422 4387 2578 4441 latine
2618 4388 2855 4457 producit
2893 4392 2963 4455 (p.
2992 4388 3082 4449 33)

851 4486 915 4526 ex
953 4469 1141 4537 Migne.
1179 4470 1212 4522 Ι.
1251 4484 1296 4522 c.
1334 4484 1384 4538 p.
1421 4470 1544 4533 298,
1581 4469 1665 4523 ubi
1705 4484 1894 4537 graece
1933 4475 1986 4522 et
2025 4469 2183 4522 latine
2220 4468 2456 4522 habetur.
