3514 5391
747 519 920 580 Mense
958 519 1112 580 Julio.
1168 520 1312 581 Fest.
1349 522 1562 596 pretios.
1600 522 1876 598 Sanguinis
1911 523 1977 583 D.
2015 524 2081 583 N.
2118 527 2167 585 J.
2206 526 2299 585 Oh.
2537 528 2646 587 493

421 719 809 807 nologium
855 713 1368 789 Basilianum
1414 724 1682 810 denique
1728 724 1893 792 hane
1923 726 2056 809 eJus
2087 728 2469 795 mentionem
2498 727 2648 796 facit

422 817 491 881 ad
534 818 589 882 d.
637 817 741 883 25.
792 818 979 885 Julii:
1043 818 1288 906 Μνήμη
1346 822 1474 883 τῶν
1521 815 1717 902 ἁγίων
1761 820 1850 902 ξέ
1908 820 2207 906 πατέρων
2251 821 2458 909 ἡμῶν,
2519 829 2650 889 τῶν

419 910 483 976 ἐν
522 916 597 1001 τῇ
637 913 708 981 ε’.
757 912 1006 1000 συνόδῳ
1054 915 1499 981 συνελθόντων
1519 919 1604 1003 ¹):
1655 920 1716 984 in
1766 939 1889 1004 quo
1938 918 2193 1009 Patruln
2242 943 2500 989 numero
2549 944 2647 989 as-

418 1013 707 1096 signando
756 1014 900 1099 (65)
948 1020 1158 1080 tamen
1204 1020 1388 1093 errat,
1454 1036 1645 1100 quum
1696 1038 1774 1083 ex
1819 1018 1998 1083 Actis
2048 1018 2491 1104 subscripsisse
2541 1043 2649 1106 ap-

414 1115 619 1194 pareat
663 1113 726 1176 in
776 1112 1039 1179 Aetione
1085 1113 1195 1181 IV.
1242 1115 1655 1201 septuaqinta
1700 1126 1973 1201 quatuor
1994 1116 2067 1200 ²),
2127 1118 2189 1181 in
2237 1118 2501 1185 Aetione
2549 1120 2646 1198 V„

414 1228 564 1291 quae
611 1214 674 1274 et
719 1209 956 1290 ultima,
1004 1213 1362 1298 nonaqinta
1384 1212 1487 1297 ³)ss

579 1315 652 1381 In
704 1317 881 1382 Actis
942 1324 1197 1384 vocatur
1257 1317 1527 1395 σύνοδος
1586 1318 1746 1383 καθ’
1792 1314 2111 1403 Ἀνθίμου
2169 1319 2275 1385 καὶ
2330 1322 2650 1409 §epipam-

411 1434 616 1501 verum
668 1415 732 1480 in
779 1415 1171 1483 Kalendariis
1218 1416 1485 1483 Severus
1531 1420 1853 1483 dumtaxat
1900 1421 2254 1485 nominatus
2304 1425 2416 1499 est,
2486 1423 2652 1506 quod

409 1512 461 1576 is
505 1514 786 1578 omnium
835 1515 958 1579 dux
1005 1515 1244 1594 fuisset,
1298 1535 1496 1600 eoque
1544 1517 1860 1595 damnate,
1913 1516 2253 1583 Anthimus
2302 1521 2652 1604 caeterique

410 1611 680 1677 asseclae
730 1613 864 1695 ejus
912 1633 1129 1679 omnes
1177 1615 1592 1680 concidissent
1610 1615 1685 1698 4).

584 1718 919 1785 Caeterum
980 1721 1333 1804 particulari
1383 1721 1501 1786 hoe
1551 1721 1812 1787 coneilio
1874 1723 1937 1787 id
1986 1728 2193 1788 aetum
2243 1730 2336 1791 est
2382 1726 2650 1809 proprie,

410 1819 475 1880 ut
521 1837 684 1900 quae
732 1838 782 1884 s,
812 1819 1139 1904 Agapitu8‚
1190 1819 1478 1885 Pontifex
1524 1819 1863 1898 RomanuS,
1913 1820 1975 1885 in
2025 1820 2177 1886 urbe
2223 1823 2395 1909 regia
2441 1825 2654 1889 deere-

407 1920 577 1980 verat
623 1936 787 1982 anno
833 1917 987 1996 536,
1036 1918 1245 1983 statim
1275 1917 1581 2002 pleneque
1613 1919 1960 1983 executioni
1993 1921 2469 2000 mandarentur-3
2519 1922 2652 2006 ipse

408 2014 571 2079 enim
602 2015 980 2081 Anthimum
1011 2015 1414 2083 CPolitanum
1454 2018 1590 2102 jam
1622 2019 2014 2102 deposuerat,
2065 2019 2256 2084 Mena
2284 2018 2338 2083 ei
2373 2018 2651 2096 suffeeto,

407 2116 467 2175 et
514 2112 819 2178 Severum
868 2116 1326 2181 Antiochenum
1380 2137 1518 2182 eum
1554 2121 1683 2181 toto
1713 2117 1817 2182 illo
1849 2117 2430 2202 monophysitarum
2460 2138 2654 2204 grege

405 2210 738 2374 ganinarat
760 2210 846 2296 ⁶);
898 2232 1082 2297 quem
1132 2217 1291 2280 nova'
1320 2214 1474 2280 haee
1508 2217 1783 2300 synodus
1808 2216 2033 2282 iterum
2065 2216 2653 2283 anathematizatum

448 2328 519 2373 ee
547 2310 766 2375 aravit.

584 2488 1029 2554 Dominica
1083 2491 1133 2557 I.
1182 2492 1243 2555 J
1246 2491 1429 2558 ulii.
1524 2493 1980 2558 Pretiosissimi
2034 2491 2383 2580 Sanquinis
2429 2494 2510 2559 D.
2566 2493 2653 2557 N.

406 2584 568 2650 Jem
624 2584 885 2656 Christi.
1078 2648 1083 2654 .
2079 2617 2083 2621 ⁴

587 2695 849 2760 Festum
913 2697 1370 2762 Pretiosissimi
1443 2695 1792 2786 Sanquinis
1869 2699 2136 2763 Domini
2210 2697 2439 2762 Nostri
2500 2699 2660 2763 Jeeu

414 2790 693 2877 cmv-isti,
788 2796 954 2879 quod
1018 2797 1150 2880 jam
1222 2796 1360 2874 din,
1452 2799 1817 2882 praesertim
1896 2803 2174 2882 tempore
2251 2796 2661 2881 Quadragesi·

408 2911 548 2957 mae
573 2892 663 2976 ⁶),
728 2893 791 2958 in
837 2893 1150 2978 plerisque
1198 2895 1587 2960 dioecesibus
1650 2916 1719 2960 ae
1769 2895 2074 2980 religiosis
2122 2895 2441 2961 ordinibus
2499 2895 2658 2960 eele-

408 2988 734 3071 brabatur,
782 2992 973 3058 Pius
1020 2992 1165 3060 ΡΡ.
1214 2993 1326 3058 ΙΧ.
1395 3015 1507 3078 pro
1556 2994 1886 3059 Dominiea
1944 2995 2144 3079 prima
2189 2993 2342 3059 Julii
2400 2995 2474 3059 ad
2523 2994 2659 3058 uni-

409 3111 662 3157 versam
728 3090 1077 3157 Eeelesiam
1145 3093 1420 3158 extendit
1484 3092 1751 3158 Deereto
1819 3111 1853 3158 e
1913 3094 2049 3159 loeo
2115 3091 2277 3180 exilii
2350 3093 2446 3157 sui
2516 3092 2660 3156 dato

409 3189 470 3255 d.
528 3189 630 3255 10.
680 3189 952 3276 Augusti
1003 3190 1145 3254 anni
1198 3190 1389 3268 1849,
1439 3191 1606 3275 quod
1655 3196 1749 3256 est
1797 3191 2185 3275 hujusmodi:

600 3368 643 3435 ¹)
685 3367 837 3438 Apud
872 3367 1062 3437 Migne,
1100 3368 1243 3422 Patr.
1280 3384 1362 3437 gr.
1401 3373 1439 3422 t.
1481 3370 1600 3437 117,
1641 3386 1689 3439 p.
1728 3370 1851 3424 560.

600 3446 645 3516 ¹)
686 3447 836 3518 Apud
855 3447 1153 3508 ,Hardouim
1193 3447 1394 3503 Concil.
1426 3453 1465 3502 t.
1504 3449 1555 3515 2,
1594 3464 1677 3519 pp.
1719 3449 2091 3504 1263—1267.

598 3526 642 3597 ⁸)
684 3528 813 3583 Ibid.
850 3544 934 3598 pp.
977 3528 1352 3584 1399—1404.

597 3609 643 3679 ⁴)
684 3609 864 3664 Sancti
900 3603 1099 3681 quoque
1128 3610 1359 3664 monachi
1385 3608 1819 3663 Theodosius
1858 3614 1913 3663 et
1937 3605 2201 3664 Sabbas
2238 3623 2391 3660 unum
2417 3606 2664 3662 Severum

413 3690 654 3744 omnium
693 3689 962 3743 malorum
1002 3693 1275 3744 auctorem
1314 3693 1370 3744 et
1403 3691 1641 3761 opificem
1679 3689 1963 3761 (ἀρχηγόν
1986 3693 2074 3741 καὶ
2101 3686 2441 3758 αὐτουργόν)
2476 3691 2664 3742 vocant

414 3771 467 3823 in
506 3769 738 3839 epistola
777 3769 853 3823 ad
889 3770 1242 3824 Anasta-siam
1281 3771 1419 3839 Auq.
1460 3770 1618 3839 (apud
1656 3769 1881 3824 Coteler.
1920 3769 2115 3824 Eccles.
2143 3784 2316 3838 graec.
2354 3770 2664 3821 monument.

415 3855 456 3903 t.
494 3851 548 3916 3,
604 3866 653 3919 p.
690 3851 819 3917 316)
837 3892 851 3919 ,
900 3851 1215 3922 eundemque
1253 3867 1295 3904 s,
1335 3851 1642 3904 Anastasius
1680 3849 1909 3918 Sinaita,
1967 3850 2263 3920 patriarcha
2300 3848 2665 3915 Antiocheam,

416 3930 616 3999 passim
651 3930 891 4000 ἔξαρχον
928 3934 1019 3996 τῆς
1055 3929 1416 4000 δεκακεράτου
1453 3929 1777 4000 ὀρχήστρας,
1804 3931 2110 4001 principem
2148 3930 2310 3985 istius
2347 3929 2524 3983 decem
2551 3945 2666 3982 cor-

417 4010 583 4065 nibus
618 4011 921 4065 instructae
957 4012 1276 4066 orchestrae
1315 4011 1833 4082 (monophysitarum)
1872 4015 2133 4080 nuncupat
2170 4012 2220 4064 in
2258 4024 2410 4078 opere
2444 4005 2669 4076 Ὁδηγός

421 4091 583 4161 (apud
622 4090 859 4160 Gretser,
899 4097 937 4146 t.
978 4092 1062 4160 14,
1113 4096 1248 4161 part.
1288 4092 1348 4159 2;
1407 4096 1461 4145 et
1499 4091 1632 4161 apud
1671 4092 1874 4160 Migne,
1926 4091 2069 4145 Patr.
2109 4108 2188 4160 gr.
2227 4095 2266 4143 t.
2304 4090 2399 4156 89,
2451 4089 2578 4143 loeis
2617 4090 2668 4143 in

422 4172 589 4225 indice
627 4172 824 4225 notatis
863 4173 955 4226 sub
994 4173 1152 4226 verbo
1190 4170 1470 4242 Severus).

606 4252 651 4320 ⁶)
691 4251 954 4318 Quomodo
992 4252 1207 4306 Romani
1244 4251 1507 4306 Pontifiois
1544 4253 1796 4322 primatus
1835 4267 1899 4305 ex
1935 4252 2124 4320 insigni
2160 4251 2256 4304 hoe
2281 4249 2493 4318 Agapiti
2531 4248 2669 4302 facto

423 4331 646 4398 eluceat,
683 4331 952 4401 utriusque
983 4333 1115 4402 juris
1153 4332 1448 4386 testimonio
1484 4332 1801 4386 ostendimus
1839 4336 1978 4384 tomo
2017 4334 2064 4397 1,
2103 4346 2186 4400 pp.
2225 4328 2526 4383 140-141,

490 4441 491 4444 ¹
608 4412 651 4480 ο)
692 4411 947 4466 Videatur
982 4412 1229 4484 Synopsis
1267 4413 1514 4466 festorum
1551 4413 1604 4466 in
1642 4411 2050 4479 Quadragesima
2087 4410 2489 4470 occurrentium,
2540 4425 2669 4477 quae

426 4492 659 4547 exhibita
696 4497 783 4547 est
820 4508 976 4561 supra
1013 4510 1061 4563 p.
1101 4494 1197 4560 74;
1231 4494 1360 4563 jota.
1399 4494 1730 4547 annotatione
1770 4491 2032 4560 adscripta
2069 4506 2118 4560 p.
2158 4491 2261 4545 153
