3514 5391
868 537 1113 604 Κυριακῆ
1152 539 1252 588 τοῦ
1285 534 1520 591 ἀσώτου.
1582 536 1853 591 Dominica
1889 535 2335 607 Septuagesimae.
2655 538 2724 592 25

676 640 717 655 -A-
736 649 757 653 —
778 648 1243 655 ————-.——...—-.—
1272 649 1337 655 —..

468 733 731 790 schisma
771 732 1226 803 delabentibus,
1276 733 1592 807 genuinam
1645 733 1938 792 ecclesiae
1989 746 2247 806 graecae
2288 734 2618 793 doctrinam
2656 735 2725 789 de

464 812 741 882 fruitione
792 812 1120 868 Sanctorum
1168 813 1317 886 (περὶ
1370 817 1460 880 τῆς
1509 813 1861 873 ἀπολαύσεως
1910 806 2020 868 τῶν
2067 813 2271 886 ἁγίων)
2328 833 2402 874 ex
2447 817 2723 889 precibus

472 892 773 965 liturgicis
796 893 1328 966 demonstratur-m,
1364 900 1613 967 praeter
1638 895 1765 953 alia
1789 895 1942 952 bene
1972 896 2177 967 multa,
2215 890 2475 954 lectione
2503 896 2723 969 dignis·

474 973 634 1039 sima,
674 973 831 1030 haec
868 973 1056 1032 habet
1094 991 1142 1034 c.
1178 976 1230 1047 4,
1271 994 1365 1034 nn.
1390 976 1534 1033 4—5
1556 975 1624 1047 ¹):
1661 975 1837 1034 Libri
1864 993 2065 1033 omnes
2093 975 2167 1033 de
2194 977 2474 1053 precibus
2503 977 2565 1035 id
2592 993 2724 1036 con-

472 1053 680 1111 tinent.
722 1102 734 1113 .
777 1097 790 1110 .
835 1096 848 1108 .
927 1054 1176 1127 Magnas
1213 1056 1447 1128 gratias
1483 1057 1710 1114 habere
1750 1055 1920 1135 vobis
1959 1055 2258 1128 debemuS,
2298 1057 2451 1129 quod
2478 1068 2592 1115 non
2621 1064 2724 1115 aut

476 1135 741 1205 delestiS,
784 1142 893 1197 aut
931 1151 1006 1193 ea
1041 1133 1256 1194 fraude
1297 1137 1500 1210 aliqua
1537 1138 1595 1194 in
1639 1138 1938 1196 codicibus
1964 1137 2355 1209 obliterastis,
2395 1145 2460 1196 ut
2486 1139 2722 1210 quidam

476 1220 609 1272 ante
659 1231 768 1272 vos
816 1215 877 1273 in
917 1218 1281 1277 tractatibus
1338 1230 1401 1277 et
1438 1218 1611 1276 libris
1669 1218 1741 1276 de
1795 1218 2169 1291 processione
2217 1217 2479 1291 Spiritus
2530 1220 2724 1277 sancti

477 1295 829 1369 conscriptis
868 1296 1223 1368 effecerunt3
1262 1299 1325 1356 id
1363 1304 1565 1357 tamen
1604 1298 1728 1356 illis
1766 1298 2067 1356 inutiliter
2105 1300 2316 1370 cessit3
2355 1315 2491 1357 nam
2532 1299 2725 1358 adhuc

476 1375 611 1432 libri
638 1382 906 1448 manent,
940 1378 1039 1450 qui
1064 1378 1467 1438 maleficorum
1499 1379 1812 1437 audaciam
1838 1384 2158 1437 testantur.
2209 1378 2390 1452 Apud
2410 1396 2515 1437 vos
2540 1379 2728 1451 igitur

477 1456 664 1514 adhuc
704 1457 978 1529 perbelle
1017 1466 1336 1517 servantur
1374 1466 1438 1518 et
1473 1459 1736 1533 quotidie
1786 1477 1915 1518 cum
1951 1453 2115 1519 vocis
2149 1460 2554 1519 modulatione
2594 1476 2725 1519 con-

478 1537 753 1595 cinuntur
789 1542 1020 1607 μηναῖιι,
1057 1542 1147 1591 καὶ
1185 1539 1427 1610 τριῴδια,
1466 1544 1555 1592 καὶ
1591 1539 1766 1610 λόγοι,
1816 1543 1906 1592 καὶ
1943 1539 2346 1611 μεταφραστής,
2399 1543 2489 1592 καὶ
2526 1560 2724 1608 πεντη-

476 1616 753 1687 κοστιέρια,
804 1621 893 1669 καὶ
933 1619 1185 1690 στιχηρά,
1241 1623 1331 1672 καὶ
1368 1619 1666 1693 τροπιίρια,
1717 1623 1806 1672 καὶ
1846 1619 2127 1690 ἰδιόμελα,
2178 1623 2266 1672 καὶ
2302 1620 2589 1684 nemeina,
2639 1625 2726 1673 καὶ

477 1695 628 1763 οἶκοι,
663 1700 755 1749 καὶ
796 1698 1123 1769 συναξιίρια,
1174 1705 1263 1752 καὶ
1300 1700 1744 1772 {emmunitatem
1757 1700 1834 1773 ²):
1886 1706 1949 1759 et
1985 1719 2059 1759 ne
2097 1702 2334 1774 singula
2371 1719 2727 1774 enumerem,

478 1778 663 1836 omnis
701 1776 842 1836 fere
883 1780 1179 1839 ecclesiae
1220 1787 1463 1841 nostrae
1502 1782 1806 1856 scriptura
1843 1782 1933 1839 ita
1972 1781 2173 1840 sentit.
2215 1825 2227 1839 .
2270 1826 2281 1839 .
2323 1827 2335 1839 .
2425 1773 2432 1779 ’

584 1894 783 1948 Πόθεν
821 1893 926 1949 οὖν
963 1896 1284 1967 εἰρξόμεθας
1320 1897 1430 1949 α’πό
1461 1902 1551 1964 τῆς

480 1975 690 2045 πρώτης
726 1980 829 2027 τοῦ
853 1976 1031 2046 μἠνὸς
1055 1981 1455 2048 Σεπτεμβρίου,
1494 1979 1553 2031 ἓν

1767 1898 1914 1953 Unde
1930 1899 2092 1968 igitur
2107 1896 2466 1951 exordiemm'?
2506 1896 2550 1949 A
2565 1897 2729 1965 prima

1659 1979 1739 2033 die
1778 1980 1969 2033 mensis
2007 1978 2327 2049 Septembris
2376 1978 2428 2031 in
2480 1976 2730 2030 idiomelis

482 2062 593 2116 τοῖς
630 2057 936 2126 ἰδιομέλοις
973 2062 1073 2111 τοῦ
1109 2056 1276 2128 ἁγίου
1312 2059 1553 2130 Συμεών

487 2143 583 2189 τοῦ
620 2140 901 2192 Στυλὶτου
974 2137 1045 2190 Ἡ
1073 2138 1209 2208 ἁγία
1246 2156 1349 2193 σου
1377 2140 1551 2209 ψυχή,

482 2223 631 2287 φησί,
668 2218 859 2289 Πάτερ
874 2220 1128 2289 Συμεών,
1149 2220 1401 2289 ἀγγέλοις
1420 2235 1552 2274 συν-

482 2303 618 2351 οῦσα
650 2299 963 2367 ἀγάλλεται.
1025 2304 1131 2352 Καὶ
1159 2301 1217 2354 ἐν
1241 2302 1401 2368 ἄλλῳ·
1446 2305 1552 2353 Καὶ

482 2379 617 2449 μετά
675 2385 787 2433 τῶν
836 2380 1148 2450 ἀσωμάτων
1196 2380 1449 2450 χορεύων
1498 2380 1556 2435 ἓν

485 2460 754 2529 οὐρανοῖς.
806 2461 902 2514 Ἑν
940 2462 1098 2532 ἑτέρῳ
1134 2462 1185 2514 ‹5‘
1228 2461 1406 2522 αὖθις·
1448 2467 1554 2515 Καὶ

486 2542 588 2593 οὖν
643 2541 899 2611 ἀγγέλοις
962 2546 1080 2610 Θεῷ
1134 2542 1555 2614 παριστάμενος.

497 2627 571 2694 Τῇ
598 2627 816 2695 εἰκοστῇ
842 2622 1019 2695 ὀγδόῃ
1045 2628 1144 2676 τοῦ
1170 2624 1342 2677 αὐτοῦ
1365 2623 1555 2695 μηνός,

489 2707 585 2756 τοῦ
602 2702 773 2772 ἁγίου
797 2709 1095 2774 Κυριακοῦ·
1138 2708 1242 2757 Καὶ
1272 2710 1376 2759 νῦν
1397 2710 1560 2765 οἰκεῖς

490 2785 585 2837 τόν
604 2784 966 2855 παράδεισον,
993 2785 1086 2836 du?
1108 2786 1312 2845 παντὸς
1327 2785 1558 2857 εὐφραι-

490 2865 735 2934 νόμενος.
836 2865 1167 2936 Ὀκτωβρίου
1223 2866 1405 2938 πρώτῃ
1461 2871 1561 2918 τοῦ

486 2945 649 3014 ἁγίου
678 2946 981 3017 Ῥῳμανοῦ.
1024 2948 1185 3001 Meto?
1212 2948 1440 2999 δικαίων
1471 2948 1561 3001 ἔν-

485 3028 586 3081 δον
623 3032 699 3087 εἰς
741 3033 907 3082 θείαν
939 3027 1112 3092 δόξαν
1134 3027 1562 3094 κατασκηνώσεις,

485 3110 693 3172 βλίττεις
729 3108 831 3175 τὴν
870 3107 1212 3178 τερπνότητα
1248 3109 1347 3175 τήν
1379 3109 1561 3179 ἄφρα-

486 3203 615 3241 στον
662 3191 896 3254 ἐκείνην·
948 3190 1163 3253 βλέπεις
1211 3188 1310 3255 τήν
1348 3189 1563 3259 τρυφήν

489 3271 582 3334 τήν
616 3272 869 3337 ἄληκτον·
907 3270 1122 3334 βλέπεις
1157 3270 1222 3322 τοὶ
1249 3269 1417 3336 κάλλη
1453 3275 1562 3323 τῶν

487 3350 763 3420 οὐρανῶν,
826 3351 891 3403 τοὶ
932 3350 1104 3408 ὄντως
1140 3350 1392 3420 ε’ριέσμια·
1442 3353 1561 3414 βλέ-

489 3450 600 3491 πεις
634 3435 1005 3503 πατριαρχῶν
1043 3431 1137 3490 uis·
1172 3435 1412 3502 χορείας,
1450 3450 1560 3501 μα-

486 3512 793 3581 καριώτατε.
870 3516 964 3579 Τῷ
1003 3509 1149 3578 αὐτῷ
1181 3514 1317 3582 μηνὶ
1349 3515 1562 3584 εἰκοστῇ

1659 2060 1764 2114 divi
1802 2059 2054 2113 Simeonis
2091 2058 2338 2128 Stylitae:
2393 2056 2595 2111 Sancta
2633 2059 2728 2110 tua

1660 2140 1844 2196 anima
1863 2180 1880 2205 ,
1935 2139 2124 2210 inquit,
2167 2141 2339 2208 pater
2375 2137 2591 2191 Simeon
2607 2178 2624 2204 ,
2673 2137 2729 2191 in

1660 2221 1919 2275 societate
1957 2219 2171 2274 exultat
2206 2218 2523 2287 anqelorum
2536 2233 2562 2285 ,·
2600 2221 2655 2271 et
2680 2217 2733 2271 in

1663 2301 1790 2356 alio:
1843 2301 1922 2355 Et
1955 2316 2072 2354 cum
2111 2296 2446 2368 incorporeis
2493 2298 2549 2351 in
2588 2298 2732 2352 coelo

1663 2382 2006 2453 tripudiatam·
2054 2396 2231 2433 rursus
2269 2379 2320 2432 in
2358 2379 2548 2432 altero:
2600 2379 2730 2432 Cum

1665 2463 1879 2532 angelis
1926 2462 2047 2515 Deo
2103 2459 2387 2513 assistens.
2475 2458 2733 2513 Vicesima

1665 2547 1853 2597 octava
1903 2542 2128 2612 ejusdem
2181 2540 2369 2594 mensis
2419 2539 2481 2593 de
2532 2539 2584 2593 S.
2635 2539 2732 2609 Cy-

1666 2625 1838 2678 riaco:
1896 2623 1973 2678 Et
2001 2639 2148 2688 ⁴nunc:
2173 2620 2504 2691 paradisum
2543 2620 2735 2674 incolis

1670 2707 1723 2760 in
1765 2706 1912 2760 omni
1946 2704 2157 2759 laetitia
2196 2703 2531 2758 constitutus.
2583 2700 2733 2754 Octo-

1669 2788 1776 2841 bris
1815 2787 1995 2856 prima,
2035 2785 2097 2838 de
2138 2784 2256 2838 divo
2292 2783 2549 2836 Romano:
2604 2781 2732 2834 Cum

1654 2867 1834 2936 justis
1882 2867 2031 2920 intus
2084 2865 2139 2918 in
2192 2863 2375 2918 divina
2422 2862 2604 2932 qloria
2656 2862 2733 2916 in-

1667 2947 1956 3010 habitans,
2006 2945 2406 3012 oblectationem
2457 2943 2608 2997 illam
2656 2942 2734 2995 in-

1670 3028 1942 3098 effabilem
1992 3026 2193 3096 aspicis
2209 3065 2225 3090 ,
2286 3023 2488 3093 aspicis
2537 3021 2735 3076 indesi-

1668 3111 1860 3162 nentes
1908 3107 2168 3172 delicias,
2217 3105 2418 3174 aspicis
2465 3103 2735 3157 coelorum

1656 3187 2143 3258 pulchritudinem,
2180 3203 2319 3256 quae
2338 3201 2465 3239 cere
2490 3189 2574 3238 est
2589 3199 2736 3236 ama·

1669 3270 1814 3334 bilis,
1860 3268 2081 3339 aspiciS,
2132 3267 2462 3332 beatissime,
2508 3265 2739 3320 choreas

1656 3349 2133 3419 patriarcharum.
2155 3347 2346 3401 Eodem
2363 3362 2538 3400 mense
2549 3344 2737 3406 XXVI.

1668 3431 1731 3484 de
1771 3430 1887 3483 divo
1927 3428 2194 3484 Demetrio
2244 3443 2433 3497 magno
2479 3431 2735 3495 martyre:

1668 3511 1853 3565 Habet
1888 3511 2101 3580 quidem
2155 3513 2251 3563 tua
2301 3508 2483 3563 dic-ina
2536 3506 2739 3571 aninia,

485 3758 752 3812 naudot.
810 3757 865 3809 in
916 3755 1061 3808 notis
1109 3754 1184 3807 ad
1225 3753 1408 3808 homil.
1450 3753 1749 3819 Gennadii,
1805 3752 2071 3822 perspicue
2125 3752 2351 3806 ostendit
2403 3749 2738 3819 Cuperu8‚

484 3839 650 3893 socius
688 3836 1090 3902 Bollandianus,
1142 3835 1193 3888 in
1231 3834 1486 3890 Historia
1510 3834 1826 3905 patriarch.
1869 3834 2008 3899 GP„
2060 3834 2175 3886 Act.
2215 3830 2303 3886 SS.
2344 3830 2562 3899 Augusti
2610 3832 2644 3882 t.
2690 3830 2740 3891 1,

484 3934 530 3987 p.
569 3919 728 3975 1972.

665 3999 707 4066 ¹)
751 3997 908 4066 Apud
946 3995 1137 4065 Migne,
1174 3996 1317 4049 Patr.
1356 4011 1436 4064 gr.
1475 4000 1514 4049 t.
1554 3995 1674 4061 159,
1714 4012 1799 4064 pp.
1841 3995 1979 4052 1283
2017 4011 2159 4065 seqq.

661 4079 709 4147 ²)
749 4078 953 4132 Horum
992 4076 1304 4146 aliorumque
1341 4076 1668 4129 insolentium
1706 4076 2085 4142 vocabulorum,
2135 4074 2185 4127 in
2234 4072 2548 4127 Graecorum
2595 4070 2743 4124 libris

480 4159 742 4229 liturgicis
782 4157 1165 4211 occurrentium
1201 4157 1517 4210 notationem
1568 4173 1629 4209 ac
1667 4156 1959 4210 reconditos
1997 4170 2178 4209 sensus
2226 4169 2290 4206 ex
2328 4152 2485 4206 certis
2524 4150 2741 4219 antiqui-

480 4242 605 4295 tatis
642 4236 1004 4293 monumentis
1051 4236 1360 4290 asseruimus
1411 4239 1565 4305 atque
1605 4236 1971 4290 elucidavimus
2022 4240 2159 4288 tomo
2199 4236 2247 4300 1,
2301 4249 2383 4301 pp.
2421 4230 2560 4284 LVII
2599 4246 2759 4300 seqq.-

474 4322 656 4388 Porro,
697 4334 863 4389 quam
902 4315 1198 4369 necessaria
1233 4315 1286 4369 in
1320 4315 1415 4368 hoc
1454 4321 1759 4384 argumento
1798 4318 1867 4370 sit
1903 4316 2236 4370 terminorum
2275 4311 2621 4365 technicorum
2658 4325 2740 4362 ac-

471 4406 658 4458 curata
699 4395 1020 4467 explicatio,
1074 4395 1157 4449 vel
1195 4412 1259 4448 ex
1296 4411 1395 4448 uno
1442 4395 1539 4448 hoc
1575 4396 1786 4465 Josephi
1837 4401 1984 4450 textu
2024 4398 2199 4464 patet,
2251 4391 2454 4445 etiamsi
2506 4405 2743 4458 seponas,

469 4483 605 4555 quod
646 4495 769 4535 rem
810 4475 1044 4530 divinam
1080 4492 1140 4530 ac
1178 4491 1379 4530 sacram
1417 4480 1667 4546 spectent.
