3514 5391
1164 522 1491 586 Februa-lun.
1548 524 1785 585 Martius.

1090 669 1325 794 sobet.
1406 724 1872 792 Februarius.

531 1234 703 1352 xxix¹
749 1289 789 1351 d
903 1290 934 1352 1
996 1288 1221 1374 Ignatii
1268 1288 1458 1372 episc,
1508 1293 1571 1352 et
1617 1292 1797 1353 mart.

485 1395 668 1477 xxviij
748 1414 782 1459 e
898 1396 939 1459 2
995 1395 1451 1461 Purificatio
1500 1396 1571 1462 Β.
1623 1395 1711 1463 M.
1765 1415 2013 1480 semper
2059 1396 2132 1460 V.

508 1502 668 1584 xxvij
750 1501 781 1566 f
896 1503 938 1568 3
996 1503 1185 1568 Blasii
1236 1503 1424 1586 episc,
1476 1506 1537 1568 et
1584 1508 1765 1570 mart.

348 1630 487 1677 xxv,
531 1610 669 1674 xxiv
733 1611 789 1673 A
895 1608 937 1673 5
996 1611 1284 1697 Agathae
1332 1609 1486 1695 virg.
1538 1615 1601 1674 et
1647 1616 1828 1676 mart.

524 1717 667 1800 xxiij
745 1716 785 1781 b
898 1717 937 1781 6
997 1718 1350 1784 Dorotheae
1397 1719 1551 1804 virg.
1601 1721 1665 1803 et
1712 1722 1896 1783 mart.

543 1825 667 1909 xxij
753 1844 784 1888 c
897 1824 933 1886 7
996 1825 1323 1891 Romualdi
1369 1824 1634 1889 abbatis,

590 1953 669 1997 xx
747 1951 779 1996 e
896 1931 937 1994 9
995 1932 1360 2017 Apolloniae
1408 1931 1560 2017 virg.

590 2061 667 2105 xv
752 2058 785 2103 c
855 2038 936 2102 14
993 2038 1305 2107 Valentini
1353 2038 1560 2122 presb.
1613 2042 1674 2103 et
1721 2045 1902 2104 mart.

568 2147 665 2211 xiv
745 2147 784 2210 d
853 2145 935 2210 15
993 2145 1275 2211 Faustini
1322 2148 1383 2209 et
1430 2143 1678 2210 Jovitae
1727 2151 1982 2230 martyr.

604 2254 664 2337 xj
744 2273 789 2337 g
854 2253 933 2317 18
991 2251 1301 2318 Simeonis
1350 2251 1543 2336 episc.
1594 2258 1776 2318 mart.

583 2362 663 2446 vij
743 2361 784 2424 d
848 2359 932 2423 22
992 2358 1305 2424 Cathedra
1349 2359 1521 2424 Petri
1569 2360 1966 2426 Antiochiae.

604 2468 662 2550 vj
746 2486 778 2531 e
848 2466 931 2530 23
991 2465 1311 2548 Jejunium
1359 2467 1603 2551 vigiliae
1650 2466 1792 2530 Mar
1838 2467 2038 2532 Math.
2090 2468 2132 2532 A

628 2597 662 2640 v
747 2572 778 2637 f
847 2573 935 2637 24
991 2571 1324 2638 Mathiae
1372 2574 1739 2658 Apostoli.

1483 2966 1704 3035 Adar.
1772 2968 2095 3038 Martius·

495 3149 659 3233 xxvij
736 3168 781 3233 g
888 3146 934 3211 4
988 3148 1166 3214 Lucii
1213 3149 1422 3234 Papae
1470 3154 1533 3215 et
1578 3154 1760 3215 mart.

522 3257 660 3322 xxiv
745 3274 778 3319 c
891 3254 929 3317 7
988 3256 1267 3322 'rhomae
1314 3257 1501 3323 Doct.
1552 3262 1614 3322 et
1650 3256 1812 3323 conf.
1845 3275 1987 3321 cum
2016 3255 2132 3321 Gor

1078 3369 1140 3429 et
1181 3364 1524 3430 Felicitatis
1570 3365 1803 3446 mart).

440 3559 443 3563 ἦ
540 3469 661 3552 xxij
740 3490 773 3534 e
889 3471 930 3534 9
988 3470 1412 3558 Quadraginta
1457 3475 1639 3536 mart.

564 3576 666 3639 xix
727 3575 783 3640 A
849 3578 929 3641 12
990 3568 1276 3663 Gregorii
1322 3578 1530 3663 Papae
1579 3582 1640 3643 et
1687 3577 1851 3645 conf.
1901 3582 1962 3642 et
2011 3577 2132 3641 Do<

582 3682 661 3763 xij
726 3684 783 3747 A
850 3684 931 3747 19
989 3684 1226 3769 Joseph
1277 3685 1651 3751 confessoris
1700 3686 1812 3750 viri
1860 3684 1978 3749 Dei
2022 3703 2132 3769 ge1

628 3809 665 3852 x
746 3810 780 3854 c
846 3790 927 3854 21
980 3790 1312 3856 'Benedicti
1361 3793 1648 3857 Abbatis.

607 3896 663 3977 vj
738 3916 782 3981 g
847 3898 933 3962 25
974 3898 1486 3963 'Annuntiatio
1536 3900 1608 3963 B.
1660 3898 1747 3963 M.
1799 3918 2045 3983 semper
2093 3898 2132 3959 V

1480 4200 1723 4269 Nisan.
1793 4198 2095 4286 Aprilis.

892 4361 931 4424 2
992 4360 1309 4426 Francisci
1357 4362 1433 4426 de
1481 4361 1676 4426 Paula
1723 4363 1886 4428 conf.

853 4469 927 4532 11
996 4468 1219 4533 Leonis
1270 4468 1475 4553 Papae
1525 4475 1585 4534 et
1633 4469 1797 4533 conf.

492 4358 666 4440 xxviij
728 4361 787 4425 A

530 4487 664 4548 xan
695 4517 698 4542 ,
747 4487 778 4531 c
