3514 5391
840 525 947 578 312
1555 523 1713 578 Festa
1750 524 1956 578 mobilia
1994 529 2114 594 post
2150 523 2367 578 Pascha.

845 726 1116 786 πιστῶν·
1150 719 1406 802 Πάσχα,
1431 719 1508 785 τὸ
1532 719 1744 797 πύλας
1768 719 1910 807 ἡμῖν
2020 730 2186 801 tum,·
2218 722 2463 785 Pascha
2492 744 2812 806 maqnum;
2844 720 3085 784 Pascha

843 823 961 885 τοῦ
989 813 1403 907 Παραδείσου
1436 815 1717 899 ἅνοῖξαν·
1766 817 1909 882 Πά-
2014 818 2332 896 fidelium‚·
2395 820 2640 883 Pascha
2692 818 2861 905 quod
2903 818 3082 881 nohis

849 940 994 1000 σχα,
1042 916 1294 995 πάντας
1321 915 1585 999 ἁγιάζον
1611 914 1908 993 πιστούς.
2010 927 2242 1003 portas
2282 916 2592 982 Paradisi
2634 918 2918 1003 aperuit‚·
2967 917 3083 980 Pa·
3106 1003 3109 1004 ⁷

2018 1015 2166 1079 seha
2225 1037 2435 1081 omnes
2495 1015 2897 1101 sanctificans
2962 1039 3083 1079 crc-

2019 1113 2256 1180 dentes.

1019 1241 1165 1326 Ipsa
1212 1240 1572 1306 solemnitas
1620 1239 2116 1305 Resurrectionis
2162 1241 2224 1304 in
2265 1240 2578 1323 cisalpinis
2611 1239 2891 1305 ecclesiis
2922 1240 3084 1304 varie

843 1340 1209 1406 celebratur.
1281 1337 1354 1403 In
1395 1338 1650 1405 Austria
1695 1343 1882 1423 atque
1928 1339 1991 1403 in
2039 1337 2321 1423 pluribus
2351 1337 2484 1403 aliis
2516 1337 2906 1404 dioecesibus
2929 1339 3085 1404 Ger-

844 1438 1084 1504 maniae
1130 1437 1426 1503 solemnis
1475 1437 1790 1522 processio
1839 1438 1916 1502 ad
1966 1437 2270 1521 capellam
2315 1459 2365 1503 s.
2417 1436 2729 1521 sepulchri
2777 1438 3083 1523 dirigitur,

843 1535 948 1601 ubi
1010 1536 1474 1601 sanctissimum
1534 1541 1991 1601 sacramentum
2057 1539 2152 1600 est
2212 1535 2582 1621 expositum.
2676 1535 3086 1601 Processione

843 1636 920 1700 ad
982 1634 1174 1700 altare
1236 1634 1437 1719 majus
1497 1635 1754 1700 reducta
1813 1635 2128 1699 intonatur
2178 1634 2269 1698 Tc
2315 1631 2519 1698 Deam
2586 1639 2770 1718 atque
2826 1635 2915 1700 ita
2958 1639 3088 1700 tota

848 1733 1238 1799 caeremonia
1284 1753 1426 1799 cum
1474 1732 1902 1799 benedictione
1951 1732 2340 1798 Sanctissimi
2388 1732 2762 1798 absolvitur:
2826 1733 3087 1798 servatis

843 1837 1053 1899 tamen
1097 1831 1380 1918 pluribus
1428 1831 1849 1916 singularibus
1895 1831 2152 1908 ritibuS,
2216 1832 2321 1915 qui
2369 1851 2444 1896 ex
2492 1831 2923 1896 immemoriali
2972 1852 3087 1896 usu

844 1931 1074 1997 servari
1124 1934 1598 1996 consueverunt.
1696 1930 1873 1995 Aliae
1921 1928 2220 1995 ecclesiae
2267 1934 2481 1995 contra
2526 1949 2752 2014 magna
2800 1949 2874 1994 ex
2915 1934 3089 2014 parte

845 2030 1116 2095 Graecos
1162 2028 1500 2106 imitantur,
1551 2048 1622 2093 ac
1669 2029 1929 2112 proinde
1976 2028 2201 2093 horum
2236 2027 2659 2094 caeremonias
2686 2026 2791 2092 hic
2821 2027 3092 2094 breviter

844 2127 1287 2194 describimus:
1354 2127 1456 2192 Ad
1516 2128 2111 2212 repraesentandum
2169 2126 2358 2211 igitur
2405 2125 2633 2192 Christi
2701 2123 3087 2210 triumphum

846 2227 924 2291 de
971 2226 1212 2290 inferno
1258 2225 1537 2290 delatum
1582 2245 1830 2290 summo
1879 2246 2060 2290 mane
2123 2229 2266 2291 ante
2314 2225 2606 2290 Matutini
2662 2225 3087 2291 recitationem

843 2323 1164 2388 ordinatur
1208 2325 1542 2407 processio,
1590 2325 1653 2389 in
1686 2325 1865 2407 cujus
1892 2324 2096 2390 reditu
2123 2324 2518 2390 inveniuntur
2546 2324 2848 2390 ecclesiae
2877 2330 3089 2408 portae

844 2420 1120 2487 clausae:
1171 2425 1319 2487 tunc
1367 2422 1697 2508 episcopus
1742 2422 1838 2488 vel
1873 2423 2163 2488 sacerdos
2192 2421 2296 2487 illa
2326 2421 2547 2506 psalmi
2580 2423 2801 2488 verba:
2860 2421 3089 2486 Tollite

841 2529 1065 2608 portas
1111 2529 1220 2584 etc.
1288 2522 1552 2604 profert,
1621 2526 1683 2586 et
1743 2541 1819 2586 ex
1877 2521 2154 2587 interiori
2215 2526 2390 2606 parte
2451 2520 2714 2586 clericus
2775 2520 2871 2586 vcl
2935 2520 3088 2586 alius

845 2622 1059 2683 cantor
1123 2620 1487 2704 respondet:
1563 2617 1721 2693 Quis
1785 2627 1876 2683 est
1935 2619 2052 2683 istc
2103 2619 2244 2682 Rem
2301 2617 2544 2707 yloriae
2601 2628 2710 2685 etc.
2806 2619 3085 2684 Tandem

845 2721 986 2801 post
1032 2719 1488 2784 contentionem
1554 2718 1876 2785 celebrans
1922 2718 2276 2802 percutiens
2337 2718 2544 2784 valvas
2590 2720 2861 2784 intonat:
2931 2717 3085 2782 Sur-

845 2817 1013 2881 rcoeit
1064 2814 1351 2905 Christus
1417 2837 1488 2882 ac
1548 2818 1755 2882 statim
1820 2816 2119 2882 ecclesiae
2175 2816 2368 2900 janua
2426 2816 2816 2902 expanditur.
2913 2818 3085 2882 Tunc

846 2914 1167 2980 celebrans
1213 2915 1276 2980 in
1324 2915 1518 2981 altum
1565 2915 1801 2981 extollit
1848 2935 2095 2980 cereum
2143 2915 2539 3001 triangulum,
2590 2936 2779 3000 quem
2809 2917 2874 2981 in
2900 2936 3081 2981 manu

844 3017 1049 3124 gestat
1094 3033 1406 3098 quemque
1453 3015 1567 3098 ipsi
1596 3012 1919 3100 τρικήριον
1965 3014 2309 3098 appellant;
2359 3035 2542 3098 quam
2576 3016 2840 3081 eandem
2879 3035 3083 3081 caere-

848 3112 1117 3176 moniam
1165 3112 1431 3197 populus
1464 3112 1762 3178 assistens
1791 3111 1939 3177 facit
1990 3133 2127 3177 cum
2161 3111 2413 3191 lumine,
2464 3114 2630 3197 quod
2662 3115 3083 3199 unusquisque

847 3209 909 3274 in
957 3229 1146 3274 manu
1189 3210 1369 3295 gerit.

1022 3362 1122 3425 Dc
1170 3360 1558 3428 salutatione
1605 3373 1664 3426 et
1711 3360 1920 3427 osculo
1962 3360 2277 3450 paschali.

1024 3488 1384 3571 Antiquitus
1445 3487 1784 3554 Christiani
1846 3488 1906 3552 in
1968 3488 2128 3553 festo
2176 3487 2457 3554 Paschae
2517 3509 2599 3553 se.
2648 3488 2913 3554 invicem
2977 3488 3080 3553 ad-

846 3585 1044 3651 hibita
1091 3586 1208 3651 hac
1256 3587 1457 3651 forma
1511 3587 1781 3652 salutare
1828 3586 2144 3652 solebant:
2210 3586 2505 3650 Suu-rescit
2549 3586 2861 3651 Dominus
2906 3608 3082 3664 vere,-

847 3690 909 3750 et
951 3685 1446 3769 respondebatur
1490 3684 1628 3749 Deo
1654 3685 1904 3770 qratias
1949 3684 2047 3749 vel
2078 3685 2262 3749 etiam
2294 3685 2379 3748 Et
2408 3686 2719 3771 apparuit
2746 3686 2991 3751 Simoni
3016 3685 3080 3769 ¹),

847 3804 1034 3868 quem
1084 3804 1322 3849 morem
1387 3784 1698 3868 hodieque
1753 3783 1963 3868 plures
2010 3783 2335 3870 religiosae
2397 3783 2666 3848 familiae
2723 3786 3078 3868 sequuntur.

848 3882 1071 3949 Graeci
1135 3901 1383 3967 quoque
1443 3883 1664 3948 diebus
1725 3882 2120 3967 paschalibus
2181 3881 2447 3947 salutare
2506 3881 2737 3949 solent:
2806 3877 3084 3966 Χριστὸς

847 3976 1079 4067 ἀνέστη
1142 3979 1361 4065 (slaV.
1432 3978 1717 4046 Christos
1777 3980 2100 4060 voda-ese,-
2169 4001 2461 4045 rumen.
2534 3978 2858 4045 Chr-istosne,
2902 4004 2944 4045 a
2986 3981 3081 4043 in-

846 4077 1089 4156 viam),
1167 4076 1452 4143 Christus
1512 4081 1826 4157 surrexit,-
1902 4083 1963 4143 et
2028 4080 2436 4163 respondent:
2501 4075 2801 4166 ,Ἀληθῶς
2859 4075 3086 4161 ἀνέστη

1026 4324 1069 4395 ¹)
1109 4327 1215 4383 cfr.
1253 4332 1362 4382 tum
1398 4328 1655 4384 Beleth.
1694 4329 1972 4383 Rational.
2012 4329 2334 4384 Divinarum
2376 4329 2691 4400 officiorum
2732 4346 2776 4382 c.
2818 4329 2903 4396 16,
2952 4326 3080 4398 apud

847 4406 1046 4542 luiligng,
1068 4407 1240 4542 cPaltg.
1281 4409 1311 4462 Ι.
1363 4414 1403 4463 t.
1440 4410 1561 4475 20⁴2,
1615 4425 1663 4478 p.
1705 4410 1836 4475 121,
1892 4412 2001 4463 tum
2039 4409 2326 4464 Durand.
2383 4408 2662 4464 Rational.
2709 4409 2892 4463 Dicitt.
2935 4411 3083 4481 Offir.
