3514 5391
847 543 954 599 458
1364 540 1385 561 ⁸
1492 545 1652 599 Festa
1688 545 1896 599 mobilia
1934 548 2053 614 post
2088 544 2453 598 Pentecosten.

1037 823 1327 912 Κυριακὴ
1376 822 1457 891 α’.
1520 828 1635 888 voi·
1695 820 2083 889 Ματθαιόυ.
2191 824 2385 913 Ἀρχὴ
2448 828 2562 911 τῆς
2623 828 2753 888 τιῖν
2809 821 3082 887 {wewam

852 919 1267 1000 ἀκολουθίας.

1031 1064 1321 1155 Κυριακὴ
1365 1065 1451 1149 β’.
1496 1071 1613 1131 τοῦ
1661 1060 2046 1131 Ματθαίου.
2112 1064 2334 1153 ’Ἀρχὴ
2377 1070 2488 1155 τῆς
2537 1064 2922 1154 Ὀκτωὴχου.

861 1189 1235 1269 Μέθοδος
1264 1196 1399 1257 τοῦ
1428 1186 1811 1278 εὑρίσκειν
1838 1189 1923 1254 τι)
2086 1192 2524 1258 Methodus
2571 1190 3034 1258 inveniendi

918 1284 1260 1354 ἑωθινὸν
1303 1288 1428 1355 καὶ
1475 1288 1607 1355 τὸν
1653 1282 1851 1378 ἦχον.
2032 1290 2550 1378 evangelium
2614 1291 3079 1356 matutinum

2362 1395 2438 1454 et
2483 1394 2777 1456 tonum.

959 1512 1248 1577 Κανόνια
1300 1511 1368 1577 ἓν
1414 1504 1516 1592 οἷς
1559 1509 1921 1600 εὑρίσκεται
2145 1514 2452 1599 Οαηοποε,
2497 1535 2615 1601 per
2660 1537 2811 1600 quoe
2859 1535 3086 1599 semper

853 1606 952 1676 ἀεί
1029 1632 1194 1675 ποτε
1279 1608 1388 1674 τὸ·
1433 1606 1712 1677 ἑωθινὸν
1791 1616 1921 1678 τῶν
2028 1614 2349 1678 invenitur
2410 1613 2799 1701 evangelium
2846 1611 3082 1676 matuti-

858 1713 1194 1793 Κυριακῶν
1237 1713 1354 1774 τοῦ
1401 1707 1553 1775 ὅλου
1600 1708 1914 1791 ἐνιαυτοῦ,
2028 1735 2176 1777 num
2202 1712 2677 1776 Dominicamm
2699 1712 2891 1776 totiua
2916 1709 3084 1786 anni,

851 1804 1090 1892 ὁμοίως
1149 1805 1258 1872 καὶ
1304 1811 1501 1886 ποῖος
1547 1801 1698 1896 ἦχος
1745 1808 1919 1899 ψάλ-
2028 1810 2323 1876 similiter
2369 1821 2428 1874 et
2475 1808 2684 1897 qualis
2714 1820 2897 1874 tonus
2925 1808 3084 1872 cani·

849 1906 1029 1972 λεῖαι
1075 1901 1144 1972 ἐν
1190 1902 1426 1995 ἑκάστῃ
1475 1912 1783 1996 Κυριακῇ.
2029 1920 2132 1974 tur
2176 1907 2448 1996 sinqulie
2494 1910 2869 1974 Dominicis.-

1028 2051 1156 2118 Sub
1206 2052 1326 2117 boe
1372 2050 1547 2116 titulo
1610 2050 1820 2135 plures
1868 2051 2120 2137 regulae
2184 2052 2654 2136 computishieae
2713 2057 2957 2116 assutae
3003 2050 3085 2115 le·

852 2155 1084 2235 guntur
1141 2148 1409 2235 vulgatis
1468 2142 2101 2235 Εὖαγγελισταρίοις,
2170 2170 2435 2234 quarum
2495 2150 2773 2214 omniurn
2832 2150 2966 2214 loeo
3024 2153 3087 2212 tu

851 2267 1043 2312 unum
1093 2245 1266 2312 illum
1314 2246 1672 2332 generalem
1721 2267 2023 2313 canonem
2071 2254 2302 2326 tenea-e,
2354 2269 2543 2332 quem
2590 2269 2778 2333 supra
2803 2248 3085 2314 dedimus

855 2366 954 2429 pp.
1005 2344 1393 2424 291—2923
1444 2350 1506 2411 eb
1536 2366 1603 2412 re
1650 2367 1801 2412 sane
1830 2367 1993 2423 vera,
2044 2347 2095 2412 si
2128 2347 2207 2411 ad
2234 2366 2375 2412 eum
2409 2346 2678 2412 rationes
2704 2346 3086 2412 subduxeris

852 2442 1127 2508 invenies
1174 2464 1230 2510 v,
1280 2465 1339 2529 g.
1391 2449 1560 2511 reete
1606 2446 1670 2511 in
1700 2445 2054 2511 Paschaliis
2103 2445 2366 2510 arabicis
2414 2445 2502 2529 (p.
2530 2444 2690 2528 300)
2739 2446 3002 2531 signari:

1394 2571 1586 2637 1855.
1641 2569 1910 2636 Ellaclm
1956 2574 2018 2654 8,
2068 2569 2395 2635 ΕΖ-εοεῖηά
2440 2573 2520 2634 11
2537 2596 2559 2650 ,-

1399 2670 1588 2736 1856.
1732 2708 1809 2718 ·-—
1953 2673 2016 2754 5,
2167 2709 2249 2718 —
2476 2672 2520 2735 5
2535 2694 2558 2749 ,·

1398 2769 1589 2835 1857.
1735 2807 1812 2816 --
1957 2772 2020 2849 I,
2166 2807 2247 2818 --·
2479 2771 2515 2832 1
2538 2797 2555 2848 ,·

852 2891 1137 2958 similiter
1193 2893 1256 2958 in
1306 2894 1681 2960 Kalendario
1731 2895 1976 2961 arabico
2039 2896 2184 2960 anni
2235 2894 2400 2959 1881
2426 2944 2440 2971 ,
2505 2896 2671 2978 quod
2720 2914 2797 2960 ex
2844 2895 3089 2961 Oriente

853 3009 969 3055 nos
1018 2992 1333 3075 accepisse
1383 2992 1681 3057 diximus:

1220 3116 1383 3183 Kal.
1437 3116 1734 3183 Julian.
1780 3118 2056 3183 Ellaclm
2102 3122 2164 3195 1,
2213 3115 2547 3182 El-eotind
2593 3120 2628 3182 1
2663 3118 2745 3201 ¹);

1217 3214 1384 3282 Kal.
1437 3216 1768 3302 Gregor.
1869 3254 1946 3263 —
2102 3220 2165 3300 5,
2327 3254 2411 3262 —
2598 3221 2655 3281 5.

1034 3340 1157 3405 Sed
1206 3340 1370 3405 idem
1421 3340 1541 3405 hoe
1590 3340 1965 3407 Paschalion
2028 3343 2180 3407 ritus
2240 3340 2449 3428 graeei
2512 3340 2587 3406 ad
2647 3338 2823 3426 leges
2870 3338 3087 3404 Kalen-

852 3438 1009 3504 darii
1055 3439 1419 3524 Gregoriani
1469 3440 1823 3505 confectum
1870 3445 2122 3525 propter
2169 3460 2346 3505 suam
2392 3439 2731 3515 raritatem,
2793 3439 2986 3502 immo
3031 3442 3088 3500 et

851 3698 1191 3765 Bascama,
1231 3698 1539 3768 Lituryica,
1575 3703 1760 3768 pal-tea
1794 3700 1846 3766 4,
1873 3700 2064 3768 postul
2096 3702 2163 3753 st.
2204 3698 2469 3768 Apostoli,
2505 3714 2556 3767 p.
2575 3697 2711 3761 21&
2750 3695 3086 3751 Felician.

850 3779 1101 3845 Brenn,
1139 3777 1208 3833 de
1229 3779 1415 3849 jejun.
1453 3779 1749 3833 ecclesiast.
1790 3783 1845 3834 et
1880 3779 2197 3834 Kalendaria
2235 3779 2444 3849 passim.
2502 3777 2753 3848 Apposite
2791 3777 2854 3831 el.
2893 3776 2958 3831 D.
2984 3775 3085 3830 Bo·

851 3876 921 3913 ro
937 3859 1066 3914 siu:
1107 3859 1194 3913 La
1224 3857 1605 3914 cucenintids’a
1643 3859 1911 3914 serbarea
1949 3860 2153 3914 acestei
2185 3858 2295 3914 dile
2319 3859 2486 3925 mari,
2523 3860 2687 3930 inquit
2724 3861 2756 3913 l.
2784 3876 2847 3927 e.‚
2886 3857 3086 3913 credin·

851 3939 1004 3995 tio-eii
1036 3957 1098 3993 se
1121 3943 1452 4009 preyatescu
1490 3956 1553 3994 cu
1578 3943 1762 4010 postu.

1039 4021 1076 4089 ¹)
1115 4022 1161 4075 A
1198 4021 1467 4075 Dominiea
1503 4019 1542 4074 Ι.
1593 4025 1714 4091 post
1765 4021 2111 4075 Pentecosten
2161 4021 2225 4076 ad
2264 4021 2467 4075 initium
2516 4019 2709 4074 Triodii
2761 4024 3088 4073 numerantur

852 4120 934 4156 an.
977 4102 1113 4157 1855
1149 4101 1447 4156 Dominicae
1485 4102 1572 4168 33,
1612 4118 1692 4155 an.
1735 4102 1875 4155 1856
1912 4101 2062 4155 Dom.
2100 4102 2188 4169 38,
2227 4117 2310 4155 an.
2353 4102 2491 4155 1857
2529 4100 2679 4154 Dom.
2718 4100 2805 4165 34,
2844 4098 3079 4154 an.18⁸1

851 4182 999 4236 Dom.
1038 4182 1136 4243 34;
1177 4198 1302 4252 quos
1339 4198 1580 4235 numeros
1619 4182 1662 4235 si
1701 4198 1796 4251 per
1834 4184 1896 4236 11
1939 4182 2194 4249 diviseriS,
2232 4181 2444 4236 habebis
2482 4196 2546 4234 ex
2583 4179 2780 4247 ordine,
2821 4180 3084 4257 juxtaea-

851 4278 1034 4316 nonem
1072 4263 1387 4331 propositum
1439 4278 1523 4331 pp.
1563 4263 1877 4329 291-292,
1930 4262 2192 4332 descripta
2228 4259 2432 4314 ἑωθινιέ
2473 4262 2559 4327 11,
2606 4260 2657 4327 5,
2708 4261 2758 4327 1,
2810 4262 2858 4314 1.
2912 4290 2971 4297 -
3022 4257 3081 4311 Et

851 4343 1087 4413 quoniam
1125 4341 1422 4410 Ὀκιώηχος
1458 4359 1556 4396 una
1593 4343 1909 4397 hebdomade
1947 4343 2116 4397 serius
2153 4343 2359 4412 incipit,
2398 4343 2540 4395 faeta
2577 4339 2825 4395 divisione
2862 4355 3084 4394 numero·

851 4438 964 4476 rum
1001 4422 1087 4489 32,
1133 4423 1220 4487 37,
1266 4423 1336 4475 33
1374 4438 1468 4492 per
1503 4426 1565 4489 8,
1623 4423 1852 4478 invenies
1890 4428 2040 4477 tonos
2076 4422 2307 4478 Triodio·
2329 4428 2550 4495 quatuor
2586 4422 2691 4477 illis
2728 4422 2873 4477 annis
2909 4436 3083 4476 conve·

852 4502 1052 4555 aientes
1089 4504 1140 4567 8,
1179 4503 1228 4569 ἵ),
1272 4504 1318 4568 1,
1361 4505 1408 4556 1.
