3514 5391
856 496 967 553 482
1504 494 1667 554 Festa
1700 494 1910 554 mobilia
1947 503 2066 570 post
2101 492 2463 555 Pentecosten.

857 700 1020 754 talem
1059 698 1349 768 imayinem
1370 696 1743 767 peculiariter
1780 696 2041 763 colerent,
2090 695 2353 750 maximis
2397 694 2604 764 ‚aretiis
2652 694 2721 750 ab
2757 696 2927 767 hujus
2973 695 3111 751 dcvi·

858 779 1078 834 nissimi
1115 777 1311 832 Cordis
1336 775 1683 846 plenitudiue
1719 775 2089 830 cumulandos.

1036 867 1307 925 Tandem
1346 863 1638 922 Servator
1688 864 1984 921 hominum
2021 863 2068 921 J
2071 880 2204 922 esus
2255 863 2667 922 sacerdotibus
2718 862 3110 922 Sacrosancti

861 948 1076 1008 Cordis
1116 947 1207 1005 sui
1247 945 1432 1003 cultui
1484 944 1743 1021 addictis
1783 945 2095 1018 speciatim
2136 944 2432 1017 promisit,
2479 946 2648 1015 fot-e,
2697 948 2757 999 ut
2804 946 3112 1015 quicunque

860 1046 1065 1096 eoram,
1103 1029 1199 1099 qui
1220 1026 1507 1080 animabus
1532 1024 1796 1080 curandis
1819 1041 2039 1095 operam
2065 1029 2285 1091 navant,
2320 1028 2514 1079 tenera
2539 1041 2675 1095 erqo
2708 1024 3111 1080 divinissimum

863 1111 969 1165 Cor
1004 1125 1161 1163 ‚suum
1188 1107 1413 1179 fuerint
1447 1105 1723 1160 devotione
1761 1105 2105 1175 inflammati,
2141 1107 2264 1159 arte
2287 1105 2538 1175 polleant
2571 1106 2784 1159 animos
2817 1105 2903 1160 ool
2924 1104 3114 1159 dut-is·

859 1191 1028 1244 simos
1065 1186 1394 1251 emolliendi,
1430 1187 1676 1256 mit-oque
1713 1202 1831 1240 cnm
1861 1188 2056 1256 fructu
2082 1187 2138 1240 in
2170 1186 2325 1240 vinea
2352 1185 2578 1240 Domini
2609 1185 2875 1240 laborent.
2928 1184 3113 1243 Haec

846 1276 1037 1342 atque
1091 1269 1263 1342 plura
1303 1266 1427 1324 alia
1478 1266 1642 1323 hisce
1682 1265 1907 1322 similia
1957 1265 2018 1322 in
2067 1265 2261 1323 medio
2298 1265 2595 1339 posuimus
2635 1265 2870 1340 copiose
2908 1282 2982 1323 ea
3031 1265 3112 1322 de

862 1367 929 1408 re
969 1350 1346 1422 disputantes
1387 1347 1447 1404 in
1485 1363 1663 1419 opere
1702 1345 1771 1400 de
1807 1346 2116 1401 rationibus
2141 1348 2299 1417 sest„
2336 1345 2375 1403 l.
2414 1361 2462 1404 c.

1038 1486 1208 1565 Quae
1248 1482 1456 1546 omnia
1503 1482 1551 1544 si
1588 1479 1919 1566 diligenter
1947 1482 2448 1566 circumspiciant
2498 1503 2568 1548 ac
2597 1483 2834 1549 ratione
2867 1483 3111 1547 animo-

866 1603 985 1668 que
1032 1582 1297 1647 lustrent
1344 1579 1727 1645 venerabiles
1777 1579 2092 1645 orientalis
2127 1579 2427 1645 ecclesiae
2462 1581 2746 1659 ministri,
2797 1602 2905 1647 eos
2933 1585 3111 1646 certo

860 1681 1108 1746 assidua
1155 1700 1304 1745 cura
1349 1678 1754 1742 suavissimae
1804 1682 1989 1762 atque
2020 1677 2492 1745 efficacissimae
2540 1679 2725 1764 hujus
2758 1680 3111 1745 devotionis

860 1779 1164 1864 attingere
1194 1776 1399 1842 debet.
1479 1775 1542 1840 Si
1592 1776 1756 1840 enim
1809 1797 1954 1841 cum
1986 1775 2283 1843 fratribus
2330 1776 2537 1843 latinis
2584 1779 2648 1842 in
2679 1778 3111 1844 valentissimo

862 1876 963 1941 illo
1024 1877 1303 1942 omnium
1366 1874 1645 1939 cordium
1714 1881 2006 1960 magnete
2071 1875 2336 1940 dulciter
2399 1875 2612 1941 sociati
2677 1888 2897 1941 tenera
2955 1900 3111 1962 erqa

864 1973 977 2039 SS.
1036 1973 1160 2040 Cor
1204 1974 1363 2039 Jesu
1406 1971 1667 2058 fuerint
1712 1971 2040 2038 devotione
2101 1974 2514 2061 inflammati,
2582 1979 2644 2039 et
2688 1975 2810 2058 ipsi
2857 1992 3109 2058 quoque

857 2074 1016 2137 miro
1064 2096 1200 2137 cum
1230 2071 1457 2159 fractu
1504 2072 1572 2135 in
1620 2072 1808 2134 vinea
1841 2072 2107 2136 Domini
2151 2071 2485 2136 animabus
2516 2071 2820 2136 curandis
2848 2094 3112 2159 operam

858 2171 1185 2235 navabant
1230 2171 1559 2253 divinaque
1616 2165 1972 2252 adspirante
2018 2168 2221 2254 gratia
2266 2170 2328 2235 id
2377 2176 2819 2255 assequentur,
2881 2180 2951 2233 ut
2995 2172 3112 2255 qui

859 2272 930 2333 in
957 2269 1124 2353 fidei
1168 2270 1411 2331 unitate
1477 2290 1611 2330 cum
1676 2269 1970 2331 Romana
2032 2270 2323 2332 veritatis
2387 2269 2689 2333 cathedra
2750 2279 2900 2333 sunt
2965 2291 3108 2332 con·

862 2368 1109 2445 sociati,
1157 2368 1360 2454 maqis
1404 2368 1472 2429 in
1521 2366 1659 2429 dies
1706 2365 1970 2429 stabiles
2015 2376 2076 2430 et
2120 2367 2362 2429 immoti
2380 2368 2778 2452 persistant:
2823 2369 3106 2453 quivero

863 2465 941 2530 ab
989 2466 1175 2529 unico
1224 2464 1396 2544 ovili,
1447 2474 1632 2528 eoetra
1679 2464 1850 2550 qaod
1896 2464 2076 2529 salas
2120 2486 2249 2529 esse
2293 2488 2421 2530 non
2459 2476 2692 2552 potest,
2739 2468 2963 2530 misere
2999 2465 3106 2529 ab·

861 2574 1098 2645 errant,
1147 2563 1235 2626 ad
1264 2561 1667 2626 illudi-edire
1682 2573 2033 2649 properent
2056 2573 2238 2650 atque
2245 2562 2581 2649 festinent.
2659 2565 2832 2630 Haec
2857 2585 3107 2630 summa

861 2668 1143 2729 votorum
1211 2682 1283 2727 ac
1330 2682 1582 2747 precum
1633 2667 1728 2728 est
1776 2662 2125 2728 Beatissimi
2177 2661 2532 2742 Pontificis‚
2599 2663 2704 2730 hic
2751 2668 2814 2729 et
2861 2668 3105 2729 nostro-

862 2784 996 2828 rum
1049 2762 1393 2826 st-udiorum
1443 2761 1603 2838 finiS‚
1653 2759 1774 2825 hoc
1822 2767 2151 2846 susceptae
2199 2762 2553 2845 scriptionis
2601 2763 2947 2828 consilium.

1038 2869 1215 2950 Quod
1261 2869 1313 2934 si
1362 2869 1499 2953 quis
1546 2873 1762 2932 contra
1808 2873 2106 2946 moneret,
2156 2888 2231 2934 ex
2279 2867 2839 2935 Constitutionibus
2873 2868 3102 2935 Roma-

864 2988 1081 3033 norum
1130 2966 1502 3032 Pontificum
1555 2967 1628 3030 ad
1678 2966 2216 3032 Beatificationem
2264 2972 2326 3033 et
2373 2966 2914 3034 Canonizationem
2963 2968 3106 3034 Ser-

865 3086 1077 3130 vorum
1119 3065 1234 3130 Dei
1282 3066 1343 3129 in
1377 3063 1658 3129 Ecclesia
1703 3064 1897 3129 latina
1924 3066 2351 3148 spectantibus
2379 3086 2571 3132 novas
2600 3067 2872 3132 rationes
2899 3067 3102 3132 Deum

863 3164 1245 3247 Sanctosque
1295 3161 1534 3228 colendi
1594 3163 1717 3247 peti
1765 3183 1888 3228 non
1937 3184 2119 3247 posse
2167 3184 2278 3247 pro
2323 3164 2419 3242 iis,
2483 3165 2587 3248 qui
2635 3165 2856 3230 ritibus
2907 3164 3104 3230 eccle-

863 3264 989 3328 siae
1036 3262 1350 3327 orientalis
1398 3260 1628 3327 addicti
1662 3267 1824 3339 sunt,
1877 3263 2041 3346 quod
2071 3262 2375 3346 ejusmodi
2412 3263 2677 3329 Decreta
2708 3283 3102 3348 nequaquam

862 3367 1215 3444 spectarent
1261 3362 1338 3426 ad
1389 3359 1754 3438 OrientaleS‚
1805 3359 2256 3426 dubitationem
2303 3361 2592 3426 tollerent
2636 3382 2795 3446 quae
2825 3382 2900 3428 ea
2928 3363 3007 3426 de
3034 3381 3102 3427 re

862 3460 1052 3525 habet
1098 3460 1589 3528 Benedictus
1642 3459 1780 3523 ΡΡ.
1833 3457 2021 3537 xlv„
2071 3461 2170 3523 De
2219 3458 2551 3524 Servorum
2597 3459 2725 3523 Dei
2768 3459 3100 3541 Beatifica·

864 3559 1047 3633 tione,
1099 3557 1133 3621 l.
1187 3559 1243 3634 1,
1295 3579 1347 3622 c.
1398 3558 1503 3634 38,
1553 3558 1659 3622 ubi
1708 3557 1940 3622 solidae
1987 3559 2306 3623 doctrinae
2337 3558 2518 3643 copia
2563 3563 2625 3623 et
2653 3558 2952 3623 varietate
2999 3578 3100 3622 ae-

863 3657 1250 3720 curatissime
1282 3656 1517 3734 definit,
1554 3676 1675 3739 quo
1702 3661 1881 3740 pacto
1907 3655 2081 3720 hisce
2107 3654 2666 3722 Constitutionibus
2698 3657 3098 3742 attingantur,

862 3755 966 3837 qui
1028 3755 1181 3818 ritus
1229 3754 1559 3819 orientales
1619 3760 1982 3838 sequuntur.
2077 3755 2328 3820 Scilicet
2393 3755 2901 3841 distinguendum
2965 3774 3099 3820 esse

861 3852 943 3915 ait
990 3851 1277 3917 Pontifex
1321 3853 1486 3918 inter
1532 3859 1773 3936 partem
1821 3853 2228 3919 theoreticam
2276 3873 2385 3919 seu
2415 3853 2834 3939 dogmaticam
2876 3852 3097 3919 horum

866 3949 1298 4026 Decretorum‚
1367 3957 1428 4014 et
1490 3951 1652 4015 inter
1717 3955 1956 4035 partem
2025 3953 2366 4034 practicam
2429 3972 2538 4016 seu
2607 3952 3096 4036 praeceptivam:

861 4048 1023 4111 inter
1071 4055 1471 4133 praeceptum
1522 4048 1764 4113 colendi
1812 4050 2241 4115 canonizatum
2289 4070 2399 4115 seu
2447 4049 2620 4114 illum
2669 4048 2942 4115 habendi
2989 4069 3098 4134 pro

862 4147 1091 4211 Sancto
1153 4153 1213 4211 et
1263 4147 1423 4212 inter
1470 4151 1874 4231 praeceptum
1919 4148 2220 4214 recitandi
2269 4147 2559 4213 Officium
2627 4151 2690 4212 et
2748 4147 3096 4213 celebrandi

862 4245 1122 4309 Missam
1172 4247 1234 4309 in
1282 4246 1580 4311 honorem
1632 4246 1994 4311 canonizati.
2087 4245 2370 4310 Primum
2416 4246 2633 4311 intime
2679 4265 2906 4311 nexum
2964 4263 3095 4310 esse

860 4342 1349 4426 deprehenditur
1396 4363 1537 4408 cum
1588 4343 1903 4408 miraculis
1951 4350 2012 4408 et
2059 4345 2202 4424 fide,
2266 4345 2522 4429 ejusque
2569 4344 2814 4410 violatio
2858 4346 3090 4430 perica-

869 4440 997 4502 Zum
1046 4441 1367 4506 induceret
1415 4444 1774 4507 animarum
1835 4452 1947 4508 aut
1993 4443 2214 4508 saltem
2261 4443 2718 4508 ecclesiasticae
2777 4443 3098 4535 deroqaret
