3514 5391
819 495 887 548 722
1399 494 1558 549 Festa
1596 495 1803 549 mobilia
1840 501 1961 548 ante
1999 494 2474 564 Quadi-agesimam.

821 691 1085 778 κούφοις
1129 696 1268 767 τοῖς
1315 689 1612 773 ἅλμασιν·
1663 694 1739 754 ού
1762 689 1886 776 μὴν

820 791 1000 875 μέχρι
1049 794 1161 878 τῆς
1199 788 1429 876 νύσσης
1476 786 1511 853 ὃ
1540 788 1744 866 πόνος
1774 786 1886 853 αι’-

821 891 977 967 τοῖς,
1028 886 1190 952 ἀλλὰ
1235 886 1490 952 τελέσαι
1536 885 1642 951 καὶ
1684 882 1887 952 ἑπτά-

823 988 1054 1052 κυκλον
1084 986 1322 1070 δρόμον
1349 981 1736 1069 ἐπείγονται·
1789 976 1887 1051 οἷ·-

819 1108 932 1163 τος
948 1084 1064 1172 γὰρ
1086 1080 1365 1149 δείκνυσι
1389 1083 1504 1148 τόν
1524 1083 1886 1172 νικήσαντα.

821 1184 1023 1267 Ἡμᾶς
1069 1183 1138 1249 δὲ
1168 1182 1440 1270 σήμερον
1487 1181 1523 1270 ἡ
1550 1188 1661 1269 τῆς
1695 1206 1892 1267 μετα-

827 1279 1003 1360 νοίας
1046 1280 1282 1365 βαλβὶς
1327 1276 1422 1359 εἰς
1467 1279 1661 1367 αὐτὴν
1707 1279 1894 1370 ἤγαγε

821 1381 934 1469 τὴν
996 1386 1107 1468 τῆς
1173 1379 1402 1468 νύσσης
1463 1378 1674 1468 ἀρχὴν.
1774 1371 1896 1443 Ἦν

824 1479 895 1545 δὲ
942 1478 1089 1568 ἡμῖν
1132 1484 1248 1544 τοῦ
1295 1477 1532 1566 δρόμου
1559 1483 1670 1564 τῆς
1696 1501 1892 1563 μετα-

831 1574 1008 1656 νοίας
1055 1576 1089 1667 ἡ
1135 1576 1361 1665 πρώτη
1389 1571 1664 1661 βαθμίς,
1708 1573 1746 1662 ἡ
1781 1580 1897 1641 τοῦ

825 1675 1246 1765 ἀρχιτελώνου
1282 1670 1608 1757 Ζακχαιόυ
1644 1672 1898 1739 ὑπόθε-

826 1798 948 1855 σις·
997 1773 1070 1853 ὃς
1097 1771 1402 1863 καλλίστῃ
1441 1774 1614 1858 μάλα
1646 1772 1901 1861 σπουδῇ

825 1875 1101 1958 εὐσεβῶς
1120 1870 1521 1961 ἓσκόρπισεν,
1554 1871 1719 1959 ἅπερ
1748 1870 1896 1937 ἄσε-

828 1979 962 2058 βιῦς
1006 1971 1406 2061 ἕτελώνησεν.
1488 1963 1653 2036 Εἶτα
1699 1969 1739 2060 ὴ
1783 1971 1898 2035 τοῦ

826 2071 1102 2137 τελώνου
1147 2069 1256 2137 καὶ
1304 2063 1653 2160 φαρισαίου
1681 2090 1895 2156 παρα-

831 2169 1025 2257 βολή,
1085 2169 1124 2258 ἡ
1168 2168 1300 2258 τὴν,
1342 2164 1523 2250 ’ἶσχῦν
1581 2166 1731 2255 ἡμῖν
1787 2172 1900 2255 τῆς

832 2273 1333 2357 χριστομιμητοῦ
1449 2264 1900 2341 ταπεινώσεως

829 2363 1247 2450 ὕποδείξασα.
1351 2364 1545 2431 Μετὰ
1601 2370 1807 2430 ταῦτα
1861 2362 1898 2429 ό

833 2465 970 2544 νέος
990 2464 1248 2545 ἐκεῖνος,
1276 2463 1311 2529 ό
1336 2469 1542 2541 κακῶς
1566 2461 1682 2547 μὲν
1710 2462 1896 2528 αὖτο-

781 2562 788 2569 ’
830 2565 1115 2655 ιιολῂσας
1158 2563 1325 2651 πρὸς
1347 2563 1420 2651 τῇ
1427 2589 1461 2626 ν
1483 2559 1804 2649 χοιρώδη
1776 2561 1896 2628 (ἴω-

837 2664 923 2754 ἡν,
971 2664 1180 2742 καλῶς
1212 2661 1283 2729 δὲ
1313 2661 1480 2750 πρὸς
1522 2660 1637 2750 τὴν
1663 2682 1899 2745 πατρι-

832 2763 943 2853 κῆν
1007 2757 1228 2828 εστίαν
1293 2758 1695 2826 ἐπανελθών·
1756 2750 1902 2824 εἶτα

721 2921 727 2926 .
833 2861 908 2926 τό
952 2860 1114 2945 μέγα
1160 2858 1268 2926 καὶ
1313 2859 1583 2948 φρικτὸν
1625 2854 1900 2941 λογοθέ-

834 2980 996 3024 σιον·
1061 2959 1172 3025 διὰ
1228 2958 1473 3023 τούτων
1532 2946 1676 3022 οἷον
1734 2977 1893 3040 προ-

833 3056 1338 3142 γιιινασθέντες,
1401 3055 1510 3121 καὶ
1564 3054 1676 3142 τὴν
1722 3049 1904 3135 ἰσχὺν

833 3155 1161 3241 μαθόντες
1204 3160 1315 3244 τῆς
1349 3153 1570 3243 ἀρετῆς
1597 3151 1765 3238 πρὸς
1792 3151 1906 3240 τὴν

837 3254 1093 3336 νύσσαν,
1140 3254 1254 3343 τὴν
1284 3252 1544 3340 πρώτην
1574 3247 1907 3334 ἑβδομάδα

835 3358 964 3418 τῶν
1034 3357 1337 3440 νηστειῶν
1409 3347 1904 3437 κατηντήσαμεν·

835 3451 949 3539 τὴν
979 3448 1260 3539 ἑβδόμην
1289 3446 1642 3533 ἑβδομάδα,
1691 3445 1907 3510 καθά-

837 3571 961 3636 περ
1011 3548 1247 3637 δρόμον
1277 3546 1573 3612 κυκλικὸν
1605 3541 1908 3609 ἐντεῦθεν

839 3647 1104 3734 δραμεῖν
1149 3646 1569 3732 ἐπειγόμεθα.
1639 3639 1910 3708 ,Ἀλλ’ἐν

838 3745 955 3830 μὲν
997 3751 1137 3823 τοῖς
1166 3741 1472 3824 ἱππικοῖς
1513 3736 1905 3828 ἀγωνίσμασι

1994 694 2163 758 cita-ti
2219 694 2520 758 seruntur.
2636 693 2859 778 Neque
2922 715 3066 758 vero

1997 812 2207 857 eorum
2234 792 2408 857 labor
2430 794 2495 857 in
2517 792 2879 879 attingenda
2900 795 3067 857 meta

1998 891 2243 969 finitur3
2312 892 2422 956 sed
2484 895 2741 975 septeno
2804 890 3066 955 circuitu

2000 989 2305 1055 conficere
2340 1009 2589 1055 cursum
2618 994 3065 1074 approperant;

2002 1088 2105 1153 hic
2172 1091 2333 1154 enim
2402 1089 2700 1154 victorem
2765 1088 3065 1154 decernit.

2003 1187 2136 1253 Nos
2199 1207 2342 1253 vero
2401 1187 2701 1253 hodierna
2755 1187 2855 1252 die
2902 1206 3072 1252 rese-

2003 1291 2202 1351 ratum
2244 1285 2375 1369 jam
2428 1285 2839 1370 poenitentiae
2885 1305 3067 1369 repa-

2000 1385 2216 1472 gulum
2304 1386 2381 1450 ad
2460 1384 2665 1470 ipsum
2743 1384 3071 1449 obeundae

2006 1489 2207 1549 metae
2252 1484 2549 1567 perduxit
2594 1483 2858 1550 initium.
2922 1483 3073 1548 Fuit

2006 1583 2170 1647 enim
2188 1582 2368 1647 nobis
2388 1582 2566 1667 quasi
2586 1583 2823 1666 primus
2837 1584 3072 1669 gradus

2006 1681 2278 1764 suscepti
2362 1681 2778 1764 poenitentiae
2852 1701 3072 1747 cursus

2006 1779 2307 1846 Zacchaei
2366 1779 2665 1864 principis
2709 1778 3072 1863 publicano-

2006 1899 2147 1944 rum
2193 1877 2566 1962 exemplum‚
2617 1878 2723 1962 qui
2753 1877 3073 1962 praeclaro
3154 1952 3163 1960 ⁸

2007 1977 2279 2061 quodam
2338 1976 2542 2041 studio
2604 1996 2716 2061 per
2776 1976 3072 2061 pietatem

2007 2075 2315 2160 dispersit,
2364 2094 2524 2159 quae
2571 2095 2714 2140 cum
2752 2075 3075 2158 impietate

2008 2178 2408 2263 congesserat
2432 2173 2502 2256 ¹).
2589 2173 2919 2257 Proposita
2963 2174 3073 2239 de-

2007 2274 2151 2338 inde
2179 2271 2489 2357 publicani
2525 2276 2584 2337 et
2618 2268 2930 2356 pharisaei
2960 2294 3074 2357 pa-

2009 2370 2239 2450 rabola,
2264 2372 2393 2436 vim
2419 2370 2792 2437 christianae
2826 2371 3078 2437 humili-

2008 2471 2152 2535 tatis
2170 2471 2503 2535 ostendens
2521 2492 2536 2548 ;
2563 2474 2698 2535 tum
2713 2469 3077 2536 adolescens

2009 2569 2129 2645 ille,
2166 2568 2272 2653 qui
2297 2569 2374 2633 ad
2400 2566 2643 2633 subulci
2666 2569 2857 2633 vitam
2883 2588 3073 2653 quum

2009 2688 2077 2734 se
2108 2688 2221 2734 sua
2253 2671 2474 2751 sponte
2505 2666 2940 2733 miserabiliter
2965 2667 3077 2732 ab·

2001 2768 2276 2851 Jecisset,
2314 2768 2375 2831 in
2400 2767 2657 2831 domum
2680 2766 2874 2850 patris
2904 2773 3078 2850 post-

2010 2867 2265 2931 modum,
2293 2864 2687 2931 laudabiliter
2727 2886 2794 2931 se
2823 2864 3077 2948 recipit:

2013 2965 2088 3029 ad
2155 2967 2498 3029 extremum
2567 2982 2712 3028 vero
2779 2983 3077 3050 magnum

2012 3062 2160 3127 illud
2222 3081 2295 3127 ac
2358 3061 2750 3128 formidabile
2808 3061 3080 3128 tribunal

2017 3162 2242 3226 mentis
2311 3159 2505 3226 oculis
2575 3161 2887 3272 objectum
2949 3177 3077 3226 est:

2014 3279 2126 3344 per
2155 3259 2332 3338 haec,
2367 3259 2641 3343 inquam,
2693 3260 2871 3344 quasi
2901 3279 3081 3343 prae-

2015 3357 2299 3422 ludentes
2330 3360 2391 3422 et
2419 3358 2582 3422 vires
2606 3357 2850 3422 virtutis
2879 3357 3082 3422 edocti

2016 3457 2093 3520 ad
2139 3457 2407 3539 primam
2425 3455 2803 3539 jejuniorum
2844 3451 3085 3521 hebdot

2020 3555 2265 3618 madam
2291 3552 2343 3638 ²)
2390 3552 2579 3619 veluti
2610 3554 2684 3618 ad
2719 3557 2949 3619 metam
2980 3574 3082 3617 ac-

2019 3652 2348 3716 cessimus:
2408 3656 2470 3716 et
2514 3650 2660 3716 hinc
2709 3651 2837 3735 jam
2886 3670 3084 3735 usque

2020 3751 2095 3814 ad
2189 3750 2518 3835 septimam
2623 3749 3083 3816 hebdomadam

1024 3971 1065 4040 ¹)
1104 3971 1389 4038 Dominica,
1415 3988 1544 4042 quae
1565 3973 1825 4028 Triodium
1854 3974 2134 4044 praecedit,
2172 3973 2365 4042 legitur
2390 3975 2713 4043 evangelium
2738 3973 2801 4026 de
2821 3971 3085 4028 Zacchaeo

843 4070 906 4106 ex
944 4052 1116 4107 Lucae
1154 4067 1264 4122 cap.
1306 4053 1391 4106 19.
1453 4053 1584 4108 Hinc
1621 4055 1755 4108 idem
1793 4054 2243 4125 Theophanes
2280 4055 2420 4108 hom.
2450 4055 2544 4118 15,
2580 4058 2704 4108 tunc
2739 4054 3085 4124 pronuntiata,

842 4134 1105 4188 auditores
1136 4134 1245 4204 jam
1272 4133 1337 4187 ad
1362 4134 1856 4204 appropinquantes
1867 4135 2240 4205 poenitentiae
2268 4140 2323 4190 et
2330 4135 2678 4206 jesunioram
2703 4134 2824 4190 dies
2855 4138 3086 4189 attentos

844 4213 1030 4282 reddit,
1065 4213 1299 4267 historia
1339 4214 1608 4269 Zacchaei
1642 4232 1735 4272 eos
1771 4216 2008 4283 docente,
2047 4219 2304 4286 quantum
2344 4216 2523 4271 caleat
2544 4216 2882 4286 poenitentia
2894 4233 3084 4287 pecca·

844 4298 1039 4349 torum.
1113 4292 1240 4347 Ibid.
1279 4310 1328 4362 p.
1365 4296 1668 4351 345—346.

1027 4373 1069 4442 ²)
1109 4373 1256 4428 Hanc
1292 4375 1538 4444 postridie
1576 4376 1686 4446 ejus
1735 4378 1834 4432 diei
1874 4379 2110 4433 dominici
2161 4381 2278 4443 (τῆς
2316 4377 2667 4448 τυροφᾶγου)
2718 4379 2969 4448 incipere,
3023 4394 3085 4432 cx

847 4456 950 4508 ritu
988 4455 1165 4524 graeci
1195 4455 1376 4526 jeJunii
1415 4460 1579 4524 patet.
