3514 5391
748 520 995 593 Κυριακῆ
1031 518 1100 580 δ’.
1137 524 1247 577 τῶν
1281 524 1559 589 νηστειῶν.
1615 520 1887 578 Dominioa
1922 520 2008 579 IV.
2048 519 2316 594 Quadrag.
2494 490 2495 493 Ἴ
2555 522 2676 579 ’145

426 722 649 785 tetram
693 719 872 787 illam
919 722 1136 789 mortis
1182 721 1545 809 imaginem,
1595 723 1674 789 ab
1722 742 1987 789 amoena
2033 726 2265 790 aestate
2305 724 2455 808 jam·
2484 744 2673 809 appe·

426 823 590 883 tente
653 820 718 884 in
767 841 984 907 pugna
1029 820 1357 901 devictam,
1421 841 1496 886 ex
1543 821 1787 906 oppidis
1849 825 1913 886 et
1957 823 2136 908 pagis
2198 822 2510 907 expellant
2554 844 2673 888 .ex-

425 916 799 1002 pulsamque
845 919 908 984 in
959 940 1182 1003 aquam
1229 919 1586 1005 projiciant:
1638 919 1970 986 simulacro
2017 921 2353 987 straminea
2380 922 2673 989 nimirum

427 1035 653 1101 magna
699 1036 848 1082 eum
894 1032 1125 1103 pompa
1170 1018 1331 1084 elato
1381 1022 1443 1083 et
1488 1017 2060 1085 vehementioribus
2088 1018 2411 1085 turbarum
2444 1019 2674 1086 elamo-

427 1113 594 1275 Eibus
643 1114 875 1251 misere
921 1114 1211 1197 lacerato,
1261 1116 1578 1201 discerpto
1641 1120 1828 1200 atque
1875 1117 1938 1180 in
1985 1115 2277 1200 paludem
2327 1116 2422 1183 vel
2470 1117 2671 1183 lacum

468 1232 710 1277 emerso
759 1214 836 1297 )..
892 1262 898 1267 ‹

597 1322 656 1385 A
701 1318 1018 1386 debellata
1061 1319 1312 1407 hyeme,
1378 1314 1637 1402 mortis,
1702 1325 1772 1386 ut
1818 1321 2118 1401 diximus,
2181 1313 2488 1408 imagine,
2552 1322 2672 1388 diei

432 1438 646 1483 nomen
696 1420 948 1507 dedisse
978 1414 1283 1486 'videntur
1339 1419 1602 1486 Bohemi
1667 1419 1837 1487 Ned.
1885 1419 2190 1484 emo-telmai
2211 1421 2299 1506 ²),
2367 1420 2548 1487 Sorbi
2611 1422 2673 1486 in

433 1515 674 1582 Lusatia
736 1522 800 1583 et
847 1519 910 1583 in
955 1518 1169 1584 vicinis
1215 1519 1550 1603 provinciis
1597 1517 2046 1598 Femercluiza,
2109 1520 2276 1603 quod
2339 1509 2674 1604 utrumque

430 1614 766 1680 Dominica
812 1618 1036 1681 mortis
1084 1620 1263 1681 sonat
1282 1615 1366 1701 3);
1415 1617 1582 1702 apud
1611 1617 1961 1684 Germanos
1999 1636 2143 1683 vero
2174 1628 2407 1703 aestas,
2456 1617 2674 1688 victrix

431 1732 498 1777 ex
547 1734 756 1801 pugna
804 1716 1172 1792 diseedenS‚
1241 1734 1465 1781 nomen
1523 1716 1741 1781 tribuit
1790 1714 2198 1803 Sommertay,
2258 1715 2326 1783 h.
2379 1736 2468 1791 e.‚
2531 1717 2675 1781 dies

432 1815 708 1878 aestatis.

599 1954 965 2022 Sublimiori
1014 1975 1202 2019 sensu
1249 1955 1473 2020 deinde
1522 1955 1821 2022 celebrari
1862 1956 2064 2040 eoepit
2111 1961 2404 2042 tanquam
2441 1958 2669 2024 festum

431 2052 717 2137 populare
765 2053 1049 2118 devictae
1097 2052 1492 2138 gentilitatis,
1557 2074 1669 2138 per
1726 2054 1999 2140 gelidam
2062 2054 2359 2138 hyemem
2419 2078 2673 2141 reprae-

432 2155 721 2227 sentatae,
775 2150 957 2234 eujus
983 2151 1072 2214 rei
1103 2150 1541 2217 documentum
1571 2151 1883 2217 habemus
1915 2153 2080 2237 apud
2110 2153 2556 2241 Dlugossju
2576 2177 2669 2221 m.

434 2249 757 2312 Histoviae
807 2246 1140 2331 Ροίοπίαο,
1210 2249 1250 2314 l.
1300 2250 1361 2326 2,
1411 2251 1489 2315 ad
1520 2271 1594 2315 an
1651 2250 1784 2317 965
1806 2252 1881 2333 ⁴).
1953 2250 2174 2317 Relata
2205 2253 2365 2319 enim
2415 2252 2674 2339 historia

430 2349 500 2412 de
548 2346 895 2425 Mieeislao‚
949 2346 1148 2431 primo
1196 2348 1354 2412 duee
1401 2347 1738 2413 christiano
1787 2348 2101 2427 poloniae,
2151 2351 2315 2435 qnod
2349 2350 2675 2417 Dominiea

430 2446 694 2510 Laetare
742 2446 954 2511 omnia
1001 2446 1166 2511 idola
1201 2446 1496 2529 jussisset
1527 2448 1835 2533 confringi
1884 2450 2036 2513 etin
2070 2469 2262 2532 aquas
2295 2451 2669 2537 demergi⁶)‚

432 2544 578 2609 haec
623 2545 686 2610 in
736 2566 875 2610 rem
922 2548 1196 2609 nostram
1247 2545 1456 2610 subdit
1501 2566 1560 2630 p.
1610 2542 1728 2611 94:
1797 2545 1973 2621 Quae
2019 2547 2269 2632 quidem
2314 2549 2569 2613 deorum
2616 2561 2674 2611 et

429 2643 687 2708 deamm
734 2642 1168 2730 idolorumque
1216 2642 1568 2731 confractio
1616 2655 1677 2708 et
1719 2646 2034 2710 immersio
2075 2644 2444 2732 tuncfacta,
2469 2706 2472 2712 ,
2496 2648 2674 2734 apud

429 2742 770 2807 nonnullas
823 2742 1198 2807 Polonorum
1243 2741 1452 2824 villae,
1515 2743 1692 2830 (illis)
1738 2742 2085 2809 simulacra
2133 2745 2552 2811 Dziewau'nae
2587 2759 2674 2835 „et

433 2841 827 2905 Marzannae
874 2842 948 2904 in
991 2840 1173 2933 lonyo
1222 2840 1391 2927 liyno
1439 2841 1883 2908 eaetollentibue
1932 2831 1992 2906 et
2035 2844 2105 2907 in
2123 2842 2403 2930 paludes
2449 2846 2517 2906 in
2546 2846 2669 2915 Do-

429 2940 660 3003 mistica
713 2938 1253 3026 Quadraqeeimae
1301 2939 1640 3006 Laetare
1676 2940 2166 3031 projicientibus
2222 2949 2281 3004 et
2325 2941 2671 3027 deman-yen-

432 3035 611 3120 tibue‚
659 3049 1198 3125 repraesentatur,
1244 3052 1587 3104 renovatur
1631 3042 1703 3105 in
1746 3040 1906 3104 hunc
1952 3040 2117 3104 diem
2163 3047 2279 3108 ete.

603 3144 706 3210 Sic
754 3145 946 3230 igitur
991 3139 1234 3211 sensilis
1271 3145 1376 3212 illa
1408 3167 1444 3211 a
1471 3147 1786 3213 veteribus
1816 3135 2093 3214 derivata
2122 3145 2329 3232 imago
2360 3147 2668 3227 victoriae,

431 3263 612 3326 quam
676 3242 754 3307 de
819 3243 1044 3327 hyeme
1106 3249 1308 3310 aestas
1372 3251 1721 3328 reportasse
1784 3245 2163 3331 fingebatur,
2238 3267 2274 3310 a
2320 3243 2673 3312 christianis

431 3342 821 3423 postmodum
891 3342 1024 3427 ipso
1095 3342 1213 3410 hoc
1279 3343 1378 3408 die
1443 3349 1743 3428 usurpata
1806 3344 1999 3409 fuisse
2066 3344 2311 3411 videtur
2376 3350 2667 3430 tauquam

433 3438 627 3524 figura
672 3440 982 3524 quaedam
1029 3441 1108 3506 ad
1156 3441 1500 3507 solemnem
1548 3461 1730 3507 verae
1780 3442 2097 3526 religionis
2146 3441 2528 3527 triumphum
2563 3465 2670 3529 po·

433 3537 722 3619 pulariter
770 3538 1290 3607 adumbrandum.

609 3761 648 3828 ⁸)
685 3761 965 3818 Ludicrum
1003 3764 1352 3832 spectaculum
1377 3764 1555 3818 multis
1581 3764 1827 3820 describit
1853 3762 2098 3819 Grimm
2116 3804 2129 3830 ‚
2168 3762 2445 3819 Deutschz‘
2464 3763 2670 3835 Mytho·

432 3839 563 3910 onie
584 3841 841 3906 (Sommer
859 3843 960 3897 und
975 3842 1196 3912 Winter,
1216 3843 1625 3914 Todaustragen,
1647 3843 2024 3912 Sommerfest)‚
2052 3843 2174 3902 edit.
2195 3845 2245 3912 2,
2273 3860 2357 3914 pp.
2371 3845 2670 3901 720-734,

574 3920 648 4055 l’)
696 3922 1038 3978 solemnitate
1087 3924 1320 3995 populari
1382 3928 1555 3978 tamen
1613 3926 1664 3977 in
1712 3921 2035 3979 Dominicam
2089 3925 2320 3994 proxime
2372 3931 2670 3996 sequentem

433 4005 573 4056 trans
594 4008 699 4057 ata.
2434 4040 2440 4045 -

603 4080 647 4150 ⁸)
686 4082 936 4139 Smrt===
954 4099 1120 4140 more.

601 4160 646 4231 ⁴)
683 4161 897 4234 Lipsiae
938 4162 1227 4229 (Gleditsch
1265 4169 1320 4220 et
1355 4165 1704 4234 Weidmann),
1741 4182 1825 4221 an.
1865 4168 2022 4223 1711.

601 4239 644 4312 ¹⁵)
683 4243 736 4299 S.
777 4242 1146 4312 wladimirus,
1202 4261 1351 4316 quem
1400 4245 1681 4300 Russorum
1729 4247 2010 4316 principem
2069 4254 2124 4302 et
2173 4246 2462 4316 apostolum
2484 4301 2488 4305 Α
2514 4245 2677 4299 fuisse

435 4318 640 4377 diximus
677 4329 822 4379 tomo
864 4324 915 4378 1,
969 4338 1019 4391 p.
1057 4323 1185 4390 212,
1238 4326 1392 4380 simili
1429 4327 1630 4380 ratione
1669 4326 1805 4380 idola
1842 4327 2016 4396 gentis
2054 4343 2177 4381 suae
2226 4327 2278 4379 in
2314 4324 2670 4395 Borysthenen

315 4445 322 4451 .
435 4401 536 4456 sive
569 4402 803 4474 Niparim
860 4401 1136 4471 (Dnieper)
1187 4405 1365 4475 projici
1415 4422 1474 4460 ac
1527 4405 1754 4474 demergi
1787 4407 2007 4476 ,iussisse
2046 4406 2238 4473 legitur
2286 4406 2419 4473 apud
2454 4405 2671 4472 scripto-

435 4495 511 4535 Γθδ
544 4499 732 4539 masos.
2287 4529 2290 4533 ,

533 4574 771 4635 Nilles,
813 4568 1220 4639 Ἑορῐολόγιον,
1261 4577 1334 4626 Ῑῐ.
1393 4577 1536 4625 Edit.
1577 4591 1682 4624 sec.
2392 4575 2460 4626 10
