3514 5391
861 502 968 557 610
1485 502 1661 558 Annus
1698 499 2081 559 ecclesiasticus
2118 504 2473 560 Armenorum.

1324 707 1494 799 Sectio
1532 707 1644 761 VII.
1702 707 2090 763 Chatfi-veratz.
2145 708 2408 764 Exaltatio
2448 709 2644 773 Crucis.

859 890 918 955 d.
968 890 1074 956 23.
1124 891 1323 965 Nom
1390 890 1592 954 Arm.
1657 907 1802 952 vero
1850 889 1910 953 d.
1961 889 2065 953 22.
2119 888 2317 971 ejusd.
2367 892 2623 969 mensis.
2718 892 2875 971 Item
2929 891 3089 956 Sosi-

853 998 1045 1073 pater
1093 992 1153 1052 et
1204 987 1434 1065 Jason,
1484 987 1590 1069 qui
1637 987 1697 1049 in
1746 985 1951 1050 insula
1997 986 2304 1070 Corcyrae
2351 989 2777 1067 decesserunt,
2841 1011 3087 1075 quorum

860 1086 1143 1151 meminit
1189 1085 1420 1152 Mart.
1469 1084 1677 1150 Rom.
1727 1083 1829 1150 25,
1883 1084 2054 1149 Junii
2101 1090 2164 1150 et
2216 1085 2315 1152 12.
2360 1085 2531 1163 Julii,
2581 1088 2778 1155 Men.
2829 1090 3085 1165 Graec.

861 1185 918 1249 d.
971 1184 1075 1249 27.
1126 1186 1313 1267 Apr.;
1375 1185 1552 1249 Arm.
1602 1184 1659 1249 d.
1717 1183 1816 1247 14.
1870 1182 2040 1265 Maji.
2092 1221 2178 1230 —
2228 1184 2497 1250 Demum
2553 1184 2912 1269 Onesimus,
2968 1188 3090 1270 epi-

860 1303 1086 1366 scopus
1133 1281 1368 1365 Ephesi
1415 1286 1556 1366 post
1601 1281 2019 1359 Timotheum,
2071 1281 2304 1347 Romae
2352 1284 2648 1367 martyrio
2697 1286 2959 1362 functus
3018 1286 3089 1349 de

859 1401 980 1465 quo
1037 1380 1266 1445 Mart.
1319 1380 1520 1447 Rom.
1585 1381 1643 1445 d.
1700 1381 1802 1444 16.
1851 1380 2074 1455 Febr.,
2149 1380 2344 1451 Men.
2396 1383 2673 1450 Graec.
2743 1382 2842 1449 15.
2894 1384 3087 1453 Febr..

860 1482 1068 1545 Arm.
1122 1499 1266 1544 vero
1320 1479 1418 1544 10.
1471 1478 1752 1562 ejusdem
1803 1479 2057 1544 mensis.

1036 1747 1415 1813 Sabbato.
1467 1746 1724 1809 Festum
1771 1768 1852 1810 ss.
1902 1746 2456 1833 Evangelistarum
2483 1749 2818 1830 Matthaei,
2868 1750 3086 1833 Marci,

858 1846 1064 1909 Lucae
1112 1855 1172 1908 et
1218 1845 1536 1925 Joannis;
1583 1855 1767 1929 atque
1818 1846 2092 1909 Lucia‘ni
2125 1846 2488 1932 presbyteri
2533 1859 2593 1910 et
2637 1870 2719 1915 88.
2754 1846 3089 1936 nias-tyrum

864 1943 1159 2023 Taracki,
1209 1942 1404 2005 Probi
1451 1953 1511 2004 et
1557 1942 1933 2020 Andronici,
1984 1966 2059 2006 ac
2108 1943 2404 2029 Pelaqiae
2466 1943 2633 2031 Viry.

1036 2086 1169 2151 Etsi
1234 2086 1428 2152 Men.
1481 2088 1685 2152 Arm.
1745 2088 2115 2171 martyrium
2174 2107 2258 2154 ss,
2312 2087 2851 2174 Evangelistarum
2909 2091 3087 2155 variis

856 2186 1075 2249 diebus
1125 2186 1418 2270 assignet,
1468 2184 1772 2249 Matthaei
1823 2186 2073 2268 quidem
2113 2186 2293 2269 juxta
2339 2186 2613 2252 Graecos
2661 2188 2721 2255 d.
2776 2188 2875 2254 16.
2912 2188 3081 2265 Nor..

856 2285 1020 2368 quod
1070 2283 1297 2348 Mart.
1351 2283 1552 2349 Rom.
1603 2285 1797 2348 refert
1843 2285 1901 2350 d.
1951 2284 2057 2351 21.
2109 2284 2314 2368 Sept.;
2367 2286 2580 2349 Marci
2625 2286 2684 2351 d.
2737 2286 2842 2353 24.
2869 2286 3080 2351 Martii.

857 2384 1024 2465 quod
1071 2383 1132 2446 in
1183 2382 1409 2448 Mart.
1459 2381 1666 2448 Rom.
1717 2386 1779 2446 et
1818 2382 2015 2459 Men.
2053 2384 2329 2449 Graec.
2380 2382 2647 2448 habetur
2694 2383 2754 2450 d.
2787 2383 3081 2468 25.Apr.;

856 2481 1061 2544 Lucae
1110 2482 1168 2547 d.
1223 2481 1324 2547 18.
1377 2480 1531 2557 Oct„
1583 2500 1704 2544 non
1754 2500 1935 2545 secus
1996 2501 2067 2546 ac
2116 2483 2179 2546 in
2226 2481 2456 2548 Mart.
2508 2481 2714 2548 Rom.
2783 2487 2847 2547 et
2902 2482 3078 2547 Men.

857 2579 1161 2655 Graec.;
1221 2579 1506 2643 Joamzis
1554 2580 1820 2663 denique
1870 2581 1927 2646 d.
1980 2579 2085 2646 26.
2138 2580 2307 2665 Sept.
2350 2580 2528 2664 juxta
2573 2581 2883 2659 GraecOS,
2950 2600 3080 2646 nec-

855 2699 976 2743 non
1025 2678 1085 2744 d.
1136 2677 1241 2743 28.
1275 2678 1426 2744 Dec.
1476 2686 1545 2742 ut
1589 2678 1776 2743 etiam
1828 2677 2051 2745 Mart.
2103 2678 2308 2746 Rom.
2360 2680 2418 2745 d.
2462 2680 2566 2745 27.
2604 2678 2800 2762 ejusd.
2832 2680 3079 2746 mensis:

855 2797 1068 2841 eorum
1116 2777 1396 2841 omnium
1444 2776 1673 2841 festum
1720 2783 1931 2841 tamen
1978 2798 2055 2842 ex
2107 2778 2456 2843 Kalendarii
2505 2778 2718 2843 ordine
2766 2778 2869 2844 hic
2913 2777 3079 2843 simul

854 2875 1220 2940 celebratur.
1314 2874 1463 2939 Ideo
1513 2874 1656 2938 alibi
1704 2873 1874 2939 nulla
1920 2877 2179 2941 seorsim
2227 2877 2571 2941 instituitur
2632 2878 2708 2942 de
2756 2877 2879 2942 illis
2926 2897 3080 2942 com-

857 2973 1251 3050 memorati03
1299 2973 1577 3056 'excepto
1635 2972 1908 3050 Joanne,
1978 2973 2154 3057 cujus
2215 2976 2537 3058 proprium
2601 2975 2833 3040 festum
2895 2976 3081 3062 agitur

853 3072 1078 3136 iterum
1126 3072 1459 3155 postremis
1507 3071 1728 3135 diebus
1776 3072 2180 3150 Decembris3
2232 3077 2294 3137 et
2340 3074 2498 3137 forte
2547 3093 2682 3138 eam
2732 3075 2811 3139 ob
2844 3094 3080 3140 causam

853 3169 1150 3234 nonnulla
1198 3169 1579 3234 Kalendaria
1640 3170 1703 3233 in
1751 3171 2128 3255 assignando
2176 3170 2279 3236 hic
2326 3171 2484 3237 festo
2532 3171 3080 3258 Evangelistarum‚

851 3267 1040 3331 trium
1089 3267 1362 3351 priorum
1407 3272 1650 3332 tantum
1697 3269 1933 3332 faciunt
1979 3270 2378 3346 mentionem,
2429 3271 2660 3336 omisso
2693 3270 2953 3336 Joannis
2982 3292 3081 3336 no-

852 3365 1052 3428 mine:
1121 3366 1402 3447 quamvis
1462 3365 1642 3450 plura
1703 3365 1820 3430 alia
1869 3368 2306 3432 convenienter
2351 3367 2656 3433 Joannem
2726 3389 2972 3453 quoque
3017 3369 3083 3433 iis

851 3462 1208 3547 adjungant,
1260 3469 1444 3546 atque
1492 3464 1581 3528 sic
1613 3464 1838 3528 iterum
1889 3464 2022 3547 ejus
2072 3470 2257 3551 agant
2286 3468 2939 3532 commemorationem
2970 3487 3083 3532 una

851 3581 994 3624 cum
1058 3561 1191 3625 aliis
1247 3561 1681 3647 Evangelistis
1757 3601 1830 3609 —
1906 3563 2062 3628 Post
2122 3563 2263 3630 illos
2327 3565 2654 3630 instituunt
2711 3563 3079 3632 Kalendaria

852 3658 1110 3724 aliorum
1177 3662 1588 3743 quorumdam
1658 3667 2001 3746 martyrum
2063 3662 2242 3728 festa.
2336 3665 2431 3728 Ac
2494 3664 2763 3748 primum
2822 3663 3080 3728 Luciani

851 3758 1226 3842 presbyteri,
1293 3779 1478 3843 quem
1524 3759 1803 3825 nonnulli
1858 3766 2072 3844 putant
2119 3781 2256 3827 esse
2303 3762 2647 3828 Lucianum
2703 3764 3071 3828 sacerdotem

851 3857 1344 3935 Antiochenam,
1412 3858 1818 3924 Nicomediae
1880 3860 1995 3925 sub
2047 3860 2432 3926 Diocletiano
2495 3881 2771 3945 passum,
2843 3863 2918 3926 de
2962 3880 3069 3944 quo

853 3954 1177 4039 Martyr.
1223 3955 1428 4023 Rom.
1480 3958 1539 4024 d.
1575 3958 1630 4022 7.
1664 3957 1828 4037 Jan.,
1879 3963 1940 4023 et
1969 3958 2164 4026 Men.
2202 3961 2328 4024 Gr.
2379 3961 2670 4025 etArm.
2720 3961 2780 4026 d.
2824 3959 2919 4027 15.
2948 3959 3066 4023 Oct.

847 4053 970 4118 Sed
1020 4074 1142 4118 non
1191 4056 1434 4120 videtur
1483 4056 1833 4134 verisimile,
1884 4056 2193 4140 siquidem
2242 4058 2374 4141 ejus
2409 4059 2639 4124 festum
2669 4061 2909 4144 septem
2940 4066 3066 4123 ante

847 4153 1066 4217 diebus
1129 4154 1476 4218 celebratur
1535 4175 1658 4219 una
1719 4174 1862 4218 cum
1910 4154 2286 4230 Callistrato,
2355 4158 2521 4239 quod
2568 4157 2793 4222 iterum
2842 4156 2941 4222 hic
2984 4175 3067 4220 re

848 4255 1058 4334 petere
1108 4273 1636 4338 supervacaneum
1685 4253 1863 4319 foret.
1950 4253 2116 4338 Ergo
2166 4255 2270 4339 qui
2303 4254 2403 4319 hic
2436 4254 2795 4332 honoratur,
2845 4256 3069 4320 videtur

848 4369 982 4414 esse
1031 4350 1186 4415 alter
1232 4351 1545 4416 Lucienus
1594 4351 1955 4434 presbyter,
2019 4353 2125 4435 qui
2173 4372 2314 4418 cum
2364 4353 2664 4438 Dionysio
2712 4354 2774 4419 in
2821 4353 3067 4421 Galliam

850 4448 1194 4529 profectm,
1262 4451 1627 4533 martyrium
1677 4470 1788 4533 pro
1838 4449 2068 4515 Christi
2114 4451 2239 4517 fide
2287 4451 2494 4528 subiit,
2563 4454 2641 4518 de
2690 4473 2812 4537 quo
2860 4451 3066 4520 Mart.
