3514 5391
1178 496 1289 548 ’Ῑοῦ
1326 492 1492 563 ἁγίου
1537 491 1828 565 Θεοδώρου
2567 497 2637 553 97

605 605 890 613 --——--—--
907 606 1106 613 ψ’,

551 696 720 773 Quas
759 693 839 761 ⁴in
868 693 1135 777 longiori
1165 695 1509 776 synaxario,
1561 693 1706 759 huic
1736 693 2022 760 rubricae
2055 694 2356 780 subjecte,
2407 694 2468 760 Ν
2481 696 2635 761 ice-

393 790 683 874 phorus
735 788 1145 855 Callistus
1193 792 1452 857 verbose
1498 790 1775 856 declarat
1820 792 1965 857 festi
2012 792 2300 871 rationeS‚
2351 812 2456 858 eas
2503 793 2639 876 ipse

401 891 446 953 iu
487 889 748 959 brevem
810 888 978 953 hanc
1040 907 1351 953 summam
1413 889 1703 956 collectas
1760 890 1964 963 reddit
2010 888 2374 955 Ecclesiam.
2421 890 2635 956 histor.

401 987 428 1053 l.
476 986 578 1063 10,
630 1006 685 1052 c.
741 986 863 1051 12:

473 1099 699 1179 “Omug
747 1099 783 1164 ὃ
831 1099 1206 1188 ἀποστάτης
1241 1103 1325 1167 τὰ
1351 1097 1461 1167 ἐπ’

395 1198 619 1284 ἀγορᾶς
679 1198 843 1264 ὤνια
889 1194 1170 1282 μιαίνειν
1221 1200 1461 1282 προσέ-

393 1313 596 1363 ταττε·
627 1296 737 1363 καὶ
762 1296 918 1384 περὶ
941 1302 1057 1361 τοῦ
1081 1293 1263 1379 ἁγίου
1301 1301 1462 1364 Θεο-

394 1396 593 1481 δώρου
639 1401 758 1461 τοῦ
815 1394 1126 1483 Τήρωνος.

497 1527 760 1616 Μικρὸν
785 1526 881 1593 ’δὲ
929 1528 1177 1616 προϊών
1221 1533 1463 1618 παῤῥη-

393 1624 715 1715 σιαίτερον
739 1626 776 1691 ὃ
800 1625 1196 1716 ἀποστάτης,
1222 1628 1464 1712 μᾶλλον

393 1726 460 1791 δὲ
527 1724 984 1812 ἀναιδέστερον
1052 1730 1134 1815 τῇ
1199 1723 1464 1815 ἀσεβείᾳ

391 1825 731 1911 χρώμενος,
780 1824 948 1890 κατὰ
991 1830 1104 1914 τῆς
1138 1820 1466 1908 εὐσεβείας

392 1920 727 2005 ὡπλίζετο.
836 1922 958 2011 Μὴ
1003 1918 1165 2005 ἔχων
1211 1923 1272 1988 δ’
1318 1922 1356 1989 ὅ
1399 1949 1462 1989 τι

393 2021 494 2086 καὶ
543 2020 687 2109 δρᾷ,
736 2020 822 2086 τὰ
868 2018 979 2086 ἐπ’
1027 2018 1260 2107 ἀγορᾶς
1305 2020 1465 2093 ὤνια

391 2127 500 2186 τοῦ
526 2121 902 2206 μιάσματος
922 2115 1243 2203 ἕπίμπλα·
1261 2143 1463 2203 ,περι-

394 2216 757 2305 εῤῥαίνοντο
823 2218 941 2301 γὰρ
1000 2221 1141 2296 τοῖς
1204 2216 1276 2283 ἐκ
1337 2224 1465 2284 τῶν

397 2323 643 2383 θυσιῶν
715 2312 950 2401 αἵμασί
1012 2340 1084 2381 τε
1151 2316 1258 2382 καὶ
1326 2317 1463 2382 ἅλι-

395 2416 728 2505 γήσμασιν,
774 2412 900 2480 ὅσα
928 2413 1234 2498 ἐδώδιμα·
1284 2414 1460 2502 ὄρτοι

397 2515 492 2580 καὶ
541 2515 704 2601 κρέα
750 2512 859 2579 καὶ
907 2512 1164 2599 ὀπῶραι
1211 2512 1317 2578 καὶ
1350 2513 1465 2578 πό-

400 2636 588 2680 πανα·
681 2612 723 2678 ὅ
793 2611 869 2700 δὴ
937 2611 1020 2676 τὰ
1087 2616 1318 2697 πρῶτα
1382 2613 1468 2701 μὴ

407 2713 801 2803 ὑφορώμενοι
850 2706 907 2776 οἳ
958 2716 1070 2798 τῆς
1113 2716 1230 2777 τοῦ
1267 2732 1466 2777 σεσω-

409 2813 578 2891 κότος
652 2805 1091 2898 προσηγορίας
1166 2830 1468 2897 μετεσχη-

414 2911 570 2989 κότες
591 2964 608 2990 ,
682 2904 875 2986 θείας
921 2907 1175 2974 ἄνωθεν
1222 2932 1468 2996 προμη-

411 3006 587 3087 θείας
635 3010 1078 3093 κατηξιοῢντο.
1139 3006 1266 3070 Τὸν
1309 3006 1467 3092 μάρ-

401 3131 548 3194 τυρα
613 3105 737 3192 γὰρ
801 3103 1139 3190 Θεόδωρον
1201 3104 1473 3194 πέμψας

403 3205 690 3290 ἀοράτως
717 3203 884 3280 Θεὸς
929 3208 1023 3289 τῷ
1067 3209 1180 3292 τῆς
1224 3202 1473 3280 πόλεως

403 3304 678 3391 ἀρχιερεῖ
724 3301 1067 3385 (Εὖδόξιος
1112 3295 1299 3381 οἶτος
1345 3296 1469 3391 ἦν),

407 3402 793 3470 {vexet-simo
815 3400 1184 3482 ἀπέχεσθαι
1201 3400 1475 3485 μὲντοὺς

407 3501 687 3586 εὐσεβεῖν
756 3498 1103 3590 ᾑρημένους
1169 3507 1296 3564 τῶν
1365 3499 1473 3564 ἐπ’

406 3599 634 3688 ἀγορᾶς
678 3596 1108 3685 τεθειμένων,
1177 3602 1356 3663 σῖτον
1403 3597 1473 3664 δὲ

405 3698 664 3789 λέβησιν
711 3696 1019 3787 ἕψοντας,
1070 3692 1111 3761 ἃ
1144 3695 1210 3761 ἐν
1240 3694 1469 3790 ιΕὖχαΐ-

407 3821 541 3876 τοις
597 3796 888 3880 κόλλυβα
909 3796 962 3882 ²)
1027 3790 1308 3862 εἰώθασι
1373 3792 1475 3859 λε’-

407 3899 625 3983 γεινθ),
652 3897 1210 3980 παραμυθεῖσθαι
1241 3892 1355 3982 τὴν
1375 3887 1474 3957 ἔν-

1692 1104 1772 1169 Ut
1818 1112 2118 1189 apostata
2162 1126 2265 1166 ree
2293 1102 2545 1169 venales
2569 1104 2639 1166 in

1555 1204 1713 1290 foro
1753 1201 2145 1289 polluendas
2176 1201 2537 1266 manda-rit:
2584 1212 2641 1264 et

1572 1302 1648 1364 de
1697 1310 1913 1378 sancto
1945 1299 2272 1363 Theodoro
2312 1299 2544 1363 Tirone
2569 1301 2638 1384 ¹).

1672 1532 1937 1599 Paulum
1960 1553 2102 1598 vero
2119 1553 2486 1620 progressus
2499 1554 2640 1618 apo-

1575 1633 1774 1709 stata‚‘
1824 1631 2079 1696 liberius
2141 1652 2213 1695 ac
2272 1633 2478 1715 potius
2524 1632 2642 1696 im-

1575 1730 1910 1814 pudentius
1930 1730 2252 1813 impietate
2272 1750 2442 1808 usuS‚
2473 1751 2645 1795 arma

1575 1849 1687 1893 sua
1733 1840 1949 1893 contra
1997 1829 2290 1912 pietatem
2308 1816 2640 1912 expedivit.

1575 1926 1655 1991 Et
1703 1947 1845 1991 cum
1896 1927 2059 2010 quod
2110 1926 2343 1991 faceret
2376 1946 2496 1990 non
2532 1926 2641 1991 ha-

1573 2025 1766 2101 beret,
1817 2045 1917 2091 res
1965 2026 2025 2089 in
2064 2025 2208 2093 soro
2256 2023 2504 2090 venales
2551 2025 2643 2088 in-

1574 2123 1928 2207 quinatione
1944 2124 2185 2190 imbuit.
2212 2123 2453 2189 Infecta
2467 2145 2643 2189 nam-

1575 2242 1692 2305 que
1710 2226 1856 2287 sunt
1876 2221 2320 2287 sacrificiorum
2345 2224 2644 2308 sanguine

1576 2326 1637 2385 et
1698 2320 2219 2385 contaminatione
2297 2321 2641 2387 esculenta:

1579 2438 1770 2501 panes
1818 2418 2122 2494 videlieet,
2173 2438 2335 2494 care,
2369 2438 2556 2502 poma
2585 2424 2646 2484 et

1579 2516 1917 2599 placentae.
1987 2516 2157 2597 Quae
2199 2536 2337 2581 cum
2375 2518 2642 2601 primum

1578 2635 1699 2679 non
1731 2615 2314 2692 animadverterent,
2365 2616 2468 2700 qui
2503 2616 2645 2680 Ser-

1581 2715 1807 2779 vatoris
1840 2714 2089 2779 nomine
2121 2719 2473 2792 censentur,
2507 2734 2645 2779 coe-

1581 2812 1723 2877 litus
1787 2813 1919 2896 ejus
1975 2813 2065 2877 rei
2115 2812 2501 2895 providentia
2554 2813 2644 2876 di-

1579 2912 1720 2975 vina
1739 2915 1885 2974 sunt
1905 2910 2223 2976 admoniti.
2287 2910 2451 2975 Nam
2476 2910 2647 2975 Deus

1580 3008 1907 3074 Theodoro
1929 3013 2201 3093 martyre
2222 3029 2443 3074 arcano
2462 3011 2669 3074 modo

1583 3108 1792 3183 misse,
1824 3107 1997 3172 urbis
2019 3108 2151 3190 ejus
2174 3108 2464 3191 episcopo
2492 3107 2646 3186 (Eu-

1582 3207 1801 3270 doxius
1860 3206 1913 3270 is
1959 3206 2103 3290 fuit)
2164 3206 2514 3283 mandavit,
2581 3211 2649 3269 ut

1582 3303 1686 3386 qui
1733 3303 1833 3386 pie
1878 3304 2083 3369 vivere
2113 3304 2493 3378 statuissent,
2544 3321 2649 3367 eos

1583 3402 1893 3466 abstinere
1919 3422 1956 3466 a
1974 3402 2161 3466 rebus
2174 3402 2441 3484 juberet,
2492 3422 2649 3486 quae

1582 3500 1642 3563 in
1663 3499 1796 3564 foro
1811 3520 2035 3564 venum
2048 3501 2399 3583 propositae
2412 3504 2647 3564 essent:

1584 3598 1855 3662 triticum
1906 3603 2112 3662 autem
2158 3598 2223 3661 in
2252 3597 2388 3662 ollis
2423 3617 2649 3680 coque·

1584 3701 1723 3761 rent
1751 3735 1837 3741 -—
1872 3692 2172 3779 κόλλυβα,
2204 3694 2325 3760 hoc
2358 3699 2470 3774 est,
2524 3696 2650 3759 fru—

1586 3799 1863 3860 mentum
1895 3799 2159 3870 coctum‚
2210 3796 2373 3877 apud
2403 3793 2651 3858 Eucha-

1583 3897 1700 3957 i‘tas
1725 3893 2045 3956 nominare
2071 3891 2272 3956 solent
2301 3930 2404 3968 ——‚
2456 3911 2652 3973 eoque

592 4133 632 4197 ¹)
672 4130 866 4198 Migne,
905 4126 1048 4181 Patr.
1087 4143 1165 4196 gr.
1206 4133 1245 4181 t.
1283 4128 1404 4194 146,
1443 4141 1526 4196 pp.
1565 4125 1867 4180 473—474.

591 4212 635 4277 ¹)
676 4209 734 4263 In
771 4208 979 4262 Triodio
1015 4207 1250 4272 κόλλυβα
1287 4209 1588 4278 simpliciter
1625 4208 1863 4261 dicuntur
1896 4205 2095 4272 ἑψητὸς
2120 4210 2283 4267 σῖτος,
2310 4204 2651 4275 frumentum

411 4306 553 4359 aqua
591 4291 792 4345 coctum
807 4329 825 4356 ,
877 4289 1141 4343 clavatum
1192 4305 1283 4344 seu
1307 4290 1644 4360 pulmentum
1663 4303 1687 4355 ‚⁶
1737 4288 1787 4340 in
1824 4287 2118 4355 Horologiis
2157 4285 2355 4339 Veneto
2406 4288 2459 4337 et
2496 4282 2652 4336 Athe—

415 4371 577 4425 niensi
613 4377 789 4425 autem
824 4373 1131 4440 βρασμένος
1168 4373 1332 4432 σῖτος,
1368 4369 1500 4440 quod
1539 4367 1859 4422 tantumdem
1897 4368 2056 4421 ferme
2094 4366 2251 4419 valet.

599 4452 641 4510 Β)
683 4451 740 4504 In
777 4451 988 4504 homilia
1023 4449 1256 4505 Nectarii
1295 4455 1544 4506 vocantur
1581 4450 1737 4502 etiam
1766 4446 1931 4510 κόλβα
1969 4453 2022 4500 et
2046 4446 2249 4507 κόλβιιι,
2290 4443 2409 4498 alibi
2434 4440 2651 4504 κόλυβα.

528 4543 762 4600 ΚίΠεε,
799 4537 1198 4606 Ἐορῐολόγιον,
1239 4543 1310 4589 11.
1367 4542 1509 4590 Edit.
1549 4556 1652 4589 sec.
2410 4534 2440 4586 7
