3514 5391
1211 539 1241 594 J
1246 540 1468 609 ejunium
1505 538 1884 608 Apostolorum.
2148 554 2163 569 ²
2565 540 2669 593 457

441 652 658 658 ----.-Φ
750 654 826 658 .—
859 655 874 659 ,
910 650 1640 659 —--—„-——-——.—-.——<-

1968 651 2271 657 --.———.-—-.
2346 650 2668 657 --——-----—-—

438 739 631 822 quoad
680 743 874 803 totam
923 737 1262 804 dioecesim
1311 737 1731 822 (regularibus
1763 741 1972 803 tamen
2017 738 2320 822 exceptis)
2368 759 2424 822 p]

437 836 690 919 epistola
750 836 1046 920 pastorali
1108 837 1165 901 d.
1216 835 1323 902 30.
1375 836 1526 920 Maji
1578 836 1749 901 1788
1810 836 2044 920 jejunio
2078 837 2189 901 .ad
2249 857 2424 901 unun

433 935 713 1000 restricto
738 936 810 1018 ι).
904 934 1137 1000 Verum
1204 933 1352 999 illud
1416 935 1963 1017 quantumvislicet
2009 934 2378 1020 abrogatum

432 1032 707 1097 lendaria
751 1032 1046 1117 legitimis
1085 1033 1464 1117 jejuniorum
1522 1034 1908 1118 temporibus
1957 1053 2287 1098 accensere
2349 1040 2411 1098 et

427 1131 896 1218 religiosissime
945 1151 1190 1198 servare
1241 1135 1507 1217 pergunt
1532 1130 1601 1215 ²).

596 1239 680 1304 In
727 1240 901 1305 libris
947 1239 1249 1324 liturgicis
1313 1245 1373 1304 et
1422 1237 1808 1304 Kalendariis
1857 1237 2387 1306 Rumenorum

422 1338 571 1404 haec
631 1334 889 1425 νηστεία
932 1342 1062 1402 τῶν
1105 1334 1526 1401 Ἀποστόλων
1588 1337 1874 1402 similiter
1920 1339 2319 1422 praescriptis
2369 1358 2424 1403 e(

412 1436 677 1520 jejuniis
725 1436 1089 1523 (posturile,
1129 1436 1309 1520 juxta
1352 1440 1661 1502 nostrates
1709 1436 2179 1502 Transsilvanos
2228 1443 2290 1502 et
2320 1438 2424 1502 But

418 1555 602 1600 enses
660 1536 891 1600 rectius
940 1535 1293 1626 ajunmile)
1341 1536 1571 1619 ubique
1621 1543 2066 1601 annumeratur
2083 1537 2155 1621 ⁸).

599 1643 797 1727 Apud
820 1643 1050 1727 Syros
1083 1643 1380 1708 ecclesiae
1405 1642 1744 1708 catholicae
1775 1664 1815 1707 u
1834 1645 1906 1708 ni
1924 1648 2000 1709 to
2018 1664 2048 1708 s
2068 1643 2376 1727 jejunium
2400 1667 2424 1709 s

419 1741 731 1806 stolorum
783 1743 859 1806 ad
909 1747 1173 1825 quatuor
1219 1743 1352 1807 dies
1399 1742 1721 1807 redactum
1771 1748 1883 1819 est,
1934 1743 2082 1807 dum
2115 1765 2150 1809 a
2181 1743 2406 1827 Syris

420 1840 605 1905 bitis
670 1839 984 1924 hodieque
1045 1842 1424 1906 Graecorum
1488 1861 1659 1904 more
1722 1840 2104 1908 observatur.
2215 1843 2288 1925 Iu
2329 1862 2416 1925 eo

422 1944 716 2004 caeterae
763 1939 1045 2004 nationes
1094 1938 1423 2003 orientales
1473 1961 1509 2004 a
1553 1959 1781 2024 graeco
1827 1940 1948 2004 ritu
1999 1940 2343 2016 discedunt,
2401 1960 2424 2023 c

421 2038 778 2102 minoribus
826 2037 1331 2121 Quadragesimis
1394 2044 1632 2108 tantum
1693 2059 1730 2101 a
1776 2038 1932 2103 cibis
1977 2039 2182 2104 vetitis
2239 2039 2424 2103 abstir

424 2134 684 2214 habent,
736 2134 982 2201 sublata.
1026 2135 1163 2221 lege
1212 2136 1497 2201 servandi
1546 2135 1805 2201 alteram
1843 2136 2061 2220 jejunii
2094 2143 2356 2222 partem,
2407 2158 2424 2202 ε

420 2234 610 2298 unica.
660 2234 1045 2300 comestione
1094 2234 1395 2315 consistit.
1490 2233 1614 2299 Sed
1675 2235 1796 2319 legi
1858 2235 2042 2300 velim
2090 2236 2424 2301 annotarim

423 2330 690 2396 ctissimi
739 2331 854 2396 viri
899 2332 1373 2418 Archiepiscopi
1420 2332 1675 2398 David
1718 2334 1780 2398 in
1828 2334 2006 2399 Actis
2047 2335 2259 2399 Revue
2296 2335 2407 2398 cles

424 2428 752 2504 d’Orienm
802 2437 845 2493 t.
883 2429 943 2508 2,
993 2451 1096 2514 pp.
1139 2431 1506 2507 148-149‚
1556 2431 1664 2494 ubi
1693 2430 1889 2495 multa
1923 2431 2136 2509 habes
2185 2453 2343 2516 quae
2372 2451 2424 2496 a(

425 2528 585 2593 iales
624 2528 850 2612 jejunii
899 2527 1070 2614 leges
1118 2530 1444 2613 pertinent.

608 2709 1140 2794 Quadragesimae
1169 2709 1611 2793 Apostolorum
1646 2711 1810 2792 apud
1859 2709 2186 2774 orientales
2235 2710 2298 2774 in
2339 2710 2424 2773 rit:

409 2806 677 2895 jejunia
726 2807 1089 2891 viqiliarum
1135 2809 1531 2892 respondent.
1610 2807 1901 2874 Generali
1949 2807 2416 2893 ecclesiaeslege

426 2908 740 2970 statutum
772 2908 885 2981 est,
936 2911 1004 2969 ut
1037 2908 1351 2988 „omnium
1381 2906 1832 2992 Apostolorum
1863 2906 2121 2991 viyiliae
2149 2907 2215 2969 in
2250 2906 2424 2970 obser

409 3002 665 3090 jejunii
711 3001 1121 3085 celebrentur,
1184 3014 1445 3091 praeter
1489 3005 1745 3091 viyilias
1796 3004 2239 3090 Apostolorum
2284 3004 2424 3068 Phil

424 3099 670 3164 Jacobi
716 3110 775 3163 et
822 3099 993 3164 beati
1037 3100 1319 3166 Joanm's
1368 3102 1850 3190 Evanyelistae:
1909 3103 2206 3191 quoniam
2252 3104 2424 3189 ipsor

428 3197 736 3262 lemnitaa
773 3199 862 3283 (1.
887 3199 1067 3283 Maji)
1114 3203 1288 3265 intra
1326 3199 1784 3265 solemnitatem
1808 3202 2193 3287 paschalem,
2242 3203 2424 3266 istius

428 3298 615 3361 intra
677 3295 962 3363 natalem
1021 3299 1289 3363 Domini
1343 3300 1476 3382 (27.
1527 3299 1859 3383 Decemb.)
1917 3299 2329 3365 celebratur.“
2415 3307 2424 3356 4

428 3395 646 3461 silium
698 3396 758 3462 2.
808 3396 885 3462 X.
952 3398 1029 3462 de
1076 3397 1317 3463 observ.
1359 3396 1553 3480 jejun.
1604 3397 1745 3480 (111,
1797 3400 1931 3483 46).

621 3504 1162 3584 Quemadmodum
1221 3510 1426 3570 autem
1475 3506 1804 3570 austeritas
1852 3505 2362 3590 quadragesimae
2412 3554 2424 3569 .

429 3601 643 3666 lorum
691 3601 754 3665 in
805 3601 1054 3668 Oriente
1103 3603 1219 3668 fuit
1279 3603 1629 3668 labentibus
1691 3604 1867 3669 annis
1928 3605 1986 3668 in
2053 3604 2330 3688 pluribus
2377 3624 2424 3667 11

430 3701 519 3765 ita
567 3704 633 3765 et
682 3699 742 3764 in
793 3700 1128 3766 Occidente
1182 3700 1432 3784 jejuniis
1480 3701 1825 3788 vigiliarum
1876 3701 2173 3785 paulatim
2223 3702 2424 3766 mitior

433 3798 650 3862 induci
701 3799 936 3883 coepit:
978 3799 1198 3884 jejunii
1246 3799 1618 3886 obligatione
1686 3807 1791 3865 aut
1852 3801 1911 3864 in
1974 3800 2136 3865 aliud
2186 3802 2424 3884 tempus

433 3898 621 3980 cipue
676 3898 1016 3976 AdventuS‚
1067 3898 1380 3975 translata,
1432 3905 1537 3963 aut
1585 3897 1733 3963 alias
1784 3891 1844 3963 in
1875 3898 2211 3963 faciliorem
2266 3899 2424 3962 mod*

434 4000 700 4060 mutata.

630 4254 674 4319 ι)
710 4255 861 4323 Apud
899 4252 1405 4320 Harasiewicz,
1461 4255 1706 4308 Annales
1757 4254 2016 4308 ecclesiae
2064 4254 2414 4315 ruthenicae,

626 4333 674 4401 ²)
710 4334 917 4388 Salubri
955 4334 1185 4404 exemplo
1211 4341 1345 4401 sunt,
1385 4351 1515 4405 quae
1541 4334 1603 4388 de
1629 4335 1965 4404 integerrima
1989 4334 2086 4388 hac
2111 4334 2424 4388 Ruthenorui

439 4413 719 4478 αὐτόπτης
755 4415 924 4468 refert
958 4413 1249 4482 Pelesz,·
1274 4414 1588 4469 Geschichte
1625 4415 1727 4469 der
1775 4415 1946 4469 Union
1985 4417 2023 4467 t.
2065 4416 2113 4480 2,
2154 4431 2202 4478 p.
2242 4414 2363 4468 743.

627 4493 676 4563 ⁸)
715 4495 825 4550 Cfr.
867 4492 997 4566 Pap
1011 4494 1432 4567 p·Szilagyi‚
1471 4494 1831 4551 Enchin'dion
1870 4495 2032 4565 juris
2081 4495 2202 4549 eccl.
2241 4493 2424 4547 orient
