3514 5391
926 478 1034 536 514
1566 479 1725 540 Festa
1763 480 1969 541 mobilia
2007 490 2125 556 post
2159 481 2520 546 Pentecosten.

1879 600 1890 604 ,
1910 599 2286 606 —m———ss
2299 600 2892 608 *φῇ-.-
2905 600 3139 609 -u-——Q-

926 685 1194 768 Dissert.
1221 683 1321 762 de
1344 685 1596 772 jejunio
1628 695 1900 769 quatuor
1931 695 2312 772 tempomm;
2359 686 2622 754 Thom.
2661 687 3012 764 valfrid„
3057 688 3139 751 De

925 804 1043 846 usu
1099 794 1168 855 et·
1218 783 1615 858 institutione
1662 783 2058 870 jejuniorum
2091 793 2464 868 ·temporum
2526 785 3139 869 (Bononiae·.167l');

927 871 1217 944 'Petanm
1285 877 1474 943 Βίαν.
1538 902 1728 944 mens.
1783 878 2090 965 Septemb.
2153 883 2223 944 in
2269 903 2517 966 yenere,
2588 903 2696 957 nn.
2740 885 3030 958 44÷75;
3091 891 3143 948 et

928 978 1483 1061 Linsenmayr‚
1535 978 1782 1042 dissert.
1834 998 1944 1062 pro
1993 979 2214 1043 merito
2261 979 2402 1045 heic
2452 980 2698 1046 laudata
2746 1003 2803 1066 p.
2860 983 2957 1064 76,
3012 982 3044 1065 ξ
3088 982 3137 1046 2.

933 1075 1557 1162 Quatemberfasten.

1103 1217 1358 1290 Tempus
1390 1217 1602 1289 jejunii
1629 1223 1881 1288 quatuor
1907 1224 2235 1290 temporum
2266 1219 2511 1292 antiqua
2534 1219 2916 1278 Kalendaria
2942 1220 3139 1277 dnobus

925 1299 1017 1356 his
1056 1299 1325 1357 versibus
1366 1299 1805 1355 demonstrant:
2697 1298 2700 1302 '

1370 1407 1487 1460 Vult
1521 1422 1680 1472 crux,
1717 1407 1915 1471 Lucia,
1953 1406 2186 1473 cineres,
2223 1407 2562 1461 charismata
2600 1407 2752 1468 data,

1365 1488 1431 1540 Ut
1466 1486 1557 1541 det
1592 1490 1710 1540 cota
1737 1487 1840 1556 pia
1882 1489 2080 1555 quarta
2117 1501 2351 1555 sequens
2378 1488 2554 1557 feria.

1103 1595 1280 1652 Hanc
1338 1595 1607 1666 regulam
1658 1593 2026 1651 Laurent.
2079 1593 2399 1666 Hispan.
2457 1595 2800 1653 accuratius
2857 1593 3037 1652 tradit
3085 1593 3137 1649 in

923 1675 1123 1746 glossa
1163 1675 1238 1732 ad
1277 1692 1325 1732 c.
1365 1675 1452 1728 De
1474 1675 1696 1744 jejunio
1739 1674 1795 1730 3.
1834 1673 1993 1731 Dist.
2043 1675 2128 1745 76,
2168 1676 2330 1732 verb.
2370 1675 2426 1728 in
2467 1674 2789 1729 Decembri:

1208 1783 1406 1835 Prima
1449 1782 1850 1851 Quad1·a9enae
1888 1785 2074 1835 servat
2095 1783 2321 1851 jejunia
2361 1784 2542 1851 veris,·

1211 1863 1536 1917 Pnenmatis
1569 1861 1906 1916 hebdomada
1943 1878 2173 1917 servare
2209 1862 2446 1916 secunda
2470 1863 2697 1932 juberis
2710 1878 2736 1929 ,·

1215 1942 1397 1995 Tertia
1435 1941 1771 2011 Septembris
1806 1942 2003 1996 cultam
2032 1945 2159 2011 fert
2196 1942 2473 1996 Mercaris
2493 1940 2535 2011 ¹)
2574 1943 2737 1997 istum
2755 1958 2778 2008 ,-

1209 2023 1448 2076 Sabbata
1473 2023 1736 2091 jejunent
1771 2022 1982 2091 riqilem
2010 2023 2343 2092 praeeuntia
2388 2021 2681 2077 Christum.
2730 2020 2733 2023 ’

1105 2147 1469 2214 Celebratur
1515 2148 1723 2234 igitur
1788 2169 2046 2212 vernum
2102 2147 2407 2231 Jejunium
2487 2154 2752 2232 quatuor
2815 2153 3142 2230 temporum

926 2247 1318 2312 hebdomada
1366 2248 1566 2332 prima
1611 2246 2163 2333 Quadragesimae,
2228 2234 2534 2311 aestivum
2580 2246 2971 2312 hebdomada
3023 2246 3146 2329 post

925 2345 1360 2429 Pentecosten,
1392 2344 1755 2410 autumnale
1777 2366 1991 2411 mense
2014 2345 2367 2430 Septembri
2392 2345 2548 2410 feria
2566 2344 2674 2412 IV.
2705 2350 2842 2430 post
2867 2344 2928 2410 S.
2950 2343 3146 2409 Crucis

853 2479 858 2486 ·
927 2445 1225 2510 solemnia
1248 2446 1319 2530 ²),
1388 2443 1710 2508 hibernum
1755 2443 2169 2509 hebdomada
2200 2447 2342 2528 post
2388 2443 2616 2509 festum
2668 2465 2717 2511 s,
2767 2443 2992 2509 Luciae
3049 2460 3146 2506 seu

928 2549 1066 2626 post
1092 2544 1484 2608 Dominicam
1513 2544 1625 2610 III.
1664 2545 2012 2622 AdventuS,
2061 2549 2130 2608 ut
2158 2543 2349 2608 habet
2382 2543 2766 2610 Breviarium
2800 2541 3147 2608 Romanum.

996 2797 1000 2801 q
1109 2724 1167 2779 A
1221 2722 1559 2796 Septembri
1613 2722 1924 2780 discedere
1975 2738 2089 2780 non
2141 2738 2477 2795 possumne,
2549 2722 2687 2794 quin
2737 2721 2969 2779 illustre
3019 2716 3151 2775 illud

928 2804 1172 2876 pietatis
1214 2811 1519 2861 certamen
1559 2803 1961 2870 advertamus,
2001 2815 2112 2873 qno
2150 2801 2361 2860 fideles
2401 2802 2718 2860 christiani
2744 2800 3151 2859 Beatissimam

926 2884 1401 2956 Deigenitricem
1453 2883 1640 2941 variis
1691 2880 1869 2939 festis
1921 2882 2233 2940 mobilibus
2286 2881 2346 2939 in
2385 2881 2513 2954 ejus
2549 2882 2825 2940 honorem
2880 2877 3153 2948 institutis

927 2964 1102 3021 filiali
1143 2964 1454 3023 devotione
1494 2969 1942 3035 prosequuntur.
2033 2962 2129 3019 Ex
2179 2962 2252 3020 iis
2303 2962 2612 3034 praesenti
2663 2962 2773 3019 hoc
2810 2976 3011 3018 mense
3054 2974 3154 3015 non

926 3045 1114 3102 minus
1152 3045 1223 3102 44
1261 3044 1516 3116 undique
1559 3043 1738 3099 affert
1776 3041 2162 3108 Holweck,
2216 3042 2381 3097 Fasti
2413 3043 2679 3110 Mariani,
2735 3059 2829 3114 pp.
2866 3036 3153 3098 224—240.

927 3124 1120 3182 Unum
1174 3143 1245 3184 ex
1296 3124 1778 3181 Messanensibus
1830 3139 2290 3180 commemorare
2327 3123 2591 3180 volumus
2630 3123 2701 3176 B.
2739 3122 2965 3176 Mariae
3016 3120 3065 3172 V.
3098 3115 3156 3170 de

926 3205 1179 3272 Andria,
1234 3211 1358 3263 tum
1398 3203 1547 3276 quod
1592 3206 1666 3262 ab
1704 3204 2012 3275 utriusque
2052 3204 2204 3261 ritus
2243 3202 2520 3261 fidelibus
2573 3201 2861 3261 communi
2899 3196 3157 3274 populari

929 3284 1242 3343 devotione
1273 3287 1568 3353 cebretur,
1608 3290 1730 3341 tum
1760 3284 1912 3354 qnod
1939 3300 2047 3355 per
2073 3283 2440 3341 occasionem
2469 3282 2747 3341 solemnis
2775 3277 3157 3340 coronationis

927 3365 1112 3423 iconis
1152 3365 1346 3423 oratio
1382 3363 1628 3438 propria
1667 3365 1742 3420 sit
1782 3382 1816 3419 a
1856 3362 1913 3420 S.
1943 3363 2015 3421 R.
2046 3362 2227 3435 Cong.
2270 3364 2603 3436 approbata
2642 3363 2695 3420 d.
2726 3363 2809 3420 14.
2833 3362 2994 3434 Aug.
3016 3358 3156 3419 1858»

927 3462 1098 3517 qnam
1140 3446 1630 3515 academicorum,
1685 3463 1792 3519 pro
1845 3446 2053 3517 quibus
2103 3446 2253 3503 haec
2305 3446 2644 3515 scribimus,
2702 3445 2962 3502 interest
2999 3442 3157 3500 scire.

928 3526 1044 3583 Est
1082 3532 1278 3583 autem
1317 3526 1681 3597 hujusmodi:
1735 3527 1975 3592 „Deus,·
2013 3527 2109 3595 qui
2142 3526 2495 3596 dispositione
2530 3526 2781 3580 mirabili
2827 3519 3159 3581 constituisti,

925 3610 987 3660 nt
1020 3608 1408 3661 miraculorum
1447 3608 1684 3677 Viryinis
1721 3606 1962 3671 Mariae,
2011 3606 2288 3676 Unigeniti
2321 3607 2406 3660 lai
2438 3606 2656 3673 matris,
2693 3605 2939 3676 speciosa
2979 3604 3159 3672 imaqo.

925 3703 1085 3755 qaam
1110 3687 1209 3756 pie
1247 3703 1600 3753 veneramur,
1651 3703 1851 3741 corona
1892 3703 2066 3741 aurea
2103 3686 2437 3756 splenderet,
2488 3687 2611 3756 ejas
2647 3686 2867 3741 meritis
2920 3689 2972 3739 et
3008 3684 3158 3738 inter·

926 3768 1167 3823 cessione
1203 3768 1447 3834 concede,
1476 3772 1546 3821 'nt
1580 3768 1771 3821 bonum
1809 3771 2082 3820 certamen
2106 3766 2254 3837 ‘fidei
2286 3767 2525 3837 legitime
2560 3769 2838 3821 certantes
2886 3767 2943 3820 in
2980 3762 3158 3824 terris,

924 3866 1024 3903 nos
1061 3865 1266 3917 quoqne
1299 3849 1481 3917 ,qloria
1522 3851 1573 3900 et
1610 3849 1816 3900 honore
1853 3847 2114 3901 coronari
2147 3863 2463 3901 mereamur
2499 3847 2555 3900 in
2594 3848 2814 3902 coeh’s‘ss

1110 4013 1150 4078 ²)
1191 4010 1507 4064 Nominativi
1560 4026 1709 4062 casus
1761 4014 1815 4061 et
1853 4008 2079 4062 feminini
2133 4008 2340 4076 generis
2387 4012 2484 4061 est.
2559 4006 2641 4060 Ita
2692 4013 2818 4061 nota
2872 4004 3154 4076 marginalis

927 4092 992 4146 ad
1029 4092 1188 4161 gloss.
1230 4092 1314 4144 cit.

1105 4171 1149 4240 ²)
1188 4173 1240 4225 Si
1278 4173 1465 4224 festum
1504 4170 1848 4225 Exultationis
1886 4188 1928 4223 s,
1967 4169 2145 4224 Crucis
2203 4170 2394 4224 incidat
2427 4169 2495 4236 ,in
2540 4170 2723 4223 feriam
2763 4168 2853 4223 IV.
2905 4168 3057 4240 (quod
3102 4165 3153 4219 iis

924 4253 1070 4307 annis
1109 4253 1408 4320 contingere
1447 4251 1692 4316 videmus,
1749 4251 1834 4321 qui
1873 4251 2075 4304 literam
2116 4250 2157 4303 B
2196 4250 2385 4304 habent
2424 4249 2833 4315 dominicalem),
2886 4251 2996 4319 ipsa
3043 4250 3151 4302 haec

924 4334 1053 4386 feria
1091 4332 1208 4400 poni
1246 4349 1345 4385 non
1384 4337 1557 4400 potest
1594 4348 1686 4400 pro
1725 4332 1853 4384 feria
1893 4330 1978 4383 lv,
2017 4335 2238 4401 quatuor
2276 4336 2585 4399 temporum.
