3514 5391
819 449 930 506 402

824 563 976 568 --
987 564 1152 569 ——-—
1175 565 1188 568 ι
1214 565 1310 569 ..-.---
1362 563 1520 570 —

822 647 1101 730 ,,πλόοις
1173 648 1609 735 ποντοὺμειος
1685 650 1893 736 ἆμαρ-

824 740 1056 829 ,,τιάις,
1118 746 1227 812 καὶ
1276 748 1689 837 ψυχοφθόρῳ
1740 749 1894 839 θηρὶ

825 845 1463 933 ,,προσριπτόμενος,
1526 847 1613 925 ιῦς
1658 847 1891 930 Ἰωνᾶς,

822 943 1134 1029 ,,Χριστὲ,
1180 949 1321 1028 βοιῢ
1352 967 1480 1011 σοι·
1547 945 1648 1011 Ἐκ
1683 951 1892 1012 θανα-

823 1041 1149 1132 ,,τηφόρου
1203 1067 1283 1127 με
1336 1048 1555 1125 βυθοῦ
1601 1042 1888 1130 ἀνάγαγε.

1165 1204 1553 1292 Τροπάριον.

954 1346 1055 1413 [ἢκ
1132 1335 1241 1394 voi
1327 1330 1701 1413 Πνεύματός
1777 1352 1895 1397 σου

823 1426 1027 1515 σάρκα
1072 1426 1186 1494 ἐπὶ
1232 1433 1481 1508 πᾶσαν,
1546 1428 1632 1507 ιῦς
1676 1422 1892 1512 εἶπας,

821 1520 1150 1604 πλουσίως
1197 1525 1476 1609 ἐξέχεας,
1539 1527 1648 1593 καὶ
1695 1526 1893 1616 ἐπλή-

824 1627 960 1712 σθη
1026 1629 1139 1712 τῆς
1207 1629 1321 1713 σῆς
1395 1625 1480 1691 τὰ
1548 1625 1894 1710 σι’·μπαντα

821 1722 1128 1807 γνώσεως,
1179 1723 1283 1789 ὅτι
1331 1723 1401 1790 ἐκ
1438 1725 1699 1812 Πατρὸς
1738 1720 1896 1802 Υἱὸς

823 1819 1173 1909 ἇῤῥεὺστως
1201 1817 1376 1911 ἔφυς,
1407 1822 1512 1889 καὶ
1535 1822 1611 1889 τὸ
1628 1827 1893 1907 Πνεῦμα

824 1915 1181 2004 ἅμερῖστως
1226 1920 1543 2007 πρόεισιν.

1539 452 1700 508 Festa
1736 453 1948 511 mobilia
1982 460 2103 527 post
2139 454 2358 510 Pascha.

2002 652 2358 719 submersus
2375 655 2677 741 peccatis,
2708 653 3069 742 belluaeque

2002 753 2206 816 animi
2282 754 2666 840 comptrici
2725 756 3068 841 projectus,

1999 861 2070 914 ut
2083 850 2315 929 Jonas,
2353 849 2619 935 Christe,
2646 851 2735 915 ad
2758 862 2817 915 te
2840 848 3069 915 clamo:

2001 949 2106 1012 Em
2178 948 2505 1036 mortzfero
2580 971 2674 1014 me
2737 948 3068 1036 profundo

2003 1047 2176 1112 educ.

2361 1209 2721 1294 Troparion.

2113 1334 2207 1399 De
2255 1334 2488 1418 Spiritu
2537 1342 2642 1400 tuo
2705 1354 2895 1419 super
2942 1354 3068 1400 om—

2003 1452 2146 1497 nem
2196 1452 2467 1512 earnem,
2517 1438 2587 1497 ut
2612 1434 2877 1512 dixeram,
2928 1430 3071 1497 affa-

2003 1532 2113 1596 tim
2177 1530 2483 1610 effudisti,
2557 1537 2619 1596 et
2680 1530 2920 1616 repleta
2980 1537 3071 1596 est

2003 1630 2203 1695 omnis
2223 1635 2389 1696 terra
2408 1630 2757 1714 cognitione
2780 1635 2887 1695 tua
2908 1630 3070 1714 quod

2004 1749 2079 1793 ex
2138 1729 2323 1794 Patre
2382 1728 2579 1794 Filius
2640 1728 2773 1793 sine
2835 1729 3069 1793 semine

2002 1833 2185 1892 natus
2232 1828 2337 1904 siS,
2389 1830 2451 1891 et
2483 1825 3070 1909 Spiritussindivisi-

2000 1925 2209 1990 biliter
2255 1929 2522 1990 emanet.

1724 2101 1797 2164 Ὁ
1844 2094 2078 2179 οἶκος
2104 2105 2173 2188 ¹).

834 2228 1109 2306 Ταχεῖαν
1153 2224 1262 2290 καὶ
1308 2225 1646 2315 σταθηράν

823 2320 1007 2388 δίδου
1051 2317 1487 2409 παραμυθίαν

821 2427 961 2499 τοῖς
1007 2419 1261 2499 δούλοις
1307 2443 1445 2503 σου,
1494 2419 1719 2511 Ἰησοῦ,

824 2514 894 2584 ἓν
938 2525 1032 2606 τῷ
1080 2518 1419 2607 ἇκηὸιᾶσαι

821 2618 905 2684 τὰ
950 2617 1288 2704 πνεύματα
1334 2616 1527 2708 ἡμῶν.

825 2723 909 2783 Μ
911 2718 942 2809 ἡ
986 2714 1259 2806 χωρίζου
1304 2723 1433 2783 τῶν
1469 2724 1689 2807 ψυχῶν
1722 2716 1897 2808 ἡμῶν

823 2816 904 2884 ἓν·
943 2812 1278 2906 θλίψεσιν,

821 2915 908 3004 μὴ
933 2915 1252 3001 μακρῦνου
1286 2921 1415 2981 τῶν
1443 2921 1690 3004 φρενῶν
1724 2915 1897 3001 θμιῦν

825 3013 892 3078 ἕν
937 3012 1420 3099 περιστάσεσιν,

824 3112 964 3176 ἀλλ’
1013 3109 1112 3177 ἀεὶ
1160 3110 1323 3200 ἡμᾶς
1368 3112 1788 3201 πρόφθασον,

825 3204 1079 3293 ἔγγισον
1124 3209 1292 3298 ἡμῖν,
1341 3205 1592 3294 ἔγγισον

824 3308 859 3375 ὁ
907 3316 1260 3391 πανταχοῦ.

823 3406 1043 3493 ὥσπερ
1087 3412 1228 3485 τοῖς
1273 3407 1671 3486 ἀποστόλοις
1717 3430 1836 3473 σου

823 3505 1106 3571 πάντοτε
1152 3510 1358 3595 συνῆς,

823 3602 990 3669 οὕτω
1034 3603 1144 3668 καὶ
1188 3608 1329 3682 τοῖς
1374 3626 1447 3670 σε
1493 3608 1828 3669 ποθοῦσιν

823 3701 1062 3767 ἕνωσον
1108 3702 1363 3783 σαυτόν,
1414 3698 1775 3787 οἶκτίρμων,

821 3800 929 3865 ἵνα
977 3800 1357 3888 συνημμένοι
1408 3822 1513 3866 σοι

823 3898 931 3964 καί-
976 3898 1265 3983 ὑμνιῦμεν
1310 3897 1416 3964 καὶ
1452 3898 1894 3981 δοξολογιῦμεν

822 3996 899 4060 τὰ
944 3995 1263 4080 πανάγιον
1309 4001 1591 4079 Πνεῦμα.

2003 2228 2303 2313 Prompta
2350 2234 2410 2293 et
2455 2227 2641 2294 fortia

2004 2327 2233 2411 praebe
2280 2327 2497 2392 solatia

2004 2425 2144 2503 tniS‚
2195 2446 2230 2490 o
2279 2425 2431 2490 Jesu
2481 2424 2749 2503 famu1i8‚

2004 2526 2153 2589 dum
2202 2541 2483 2589 moerore
2531 2522 2865 2588 concidunt

2005 2624 2198 2688 nostri
2245 2622 2531 2707 spiritus;

2003 2728 2165 2789 netu
2183 2743 2218 2787 a
2234 2722 2461 2786 nostris
2482 2722 2737 2786 recedas
2762 2719 3069 2784 mentibus

2005 2822 2165 2886 inter
2212 2839 2575 2895 aerumnas;

2005 2939 2081 2984 ne
2099 2916 2313 3003 procul
2341 2938 2376 2982 a
2394 2918 2622 2982 nostris
2642 2916 2866 2981 animis
2886 2916 3069 2980 abeas

2004 3017 2064 3082 in
2113 3015 2588 3085 calamitatibus,

2002 3116 2112 3180 sed
2159 3134 2408 3198 semper
2470 3115 2547 3178 ad
2609 3133 2724 3178 nos
2789 3130 3065 3198 propera,

2003 3214 2229 3279 accede
2277 3212 2419 3289 huc,
2472 3211 2717 3288 accede,

2004 3317 2068 3375 tu
2118 3311 2220 3396 qui
2269 3309 2645 3394 ubicumque
2693 3328 2790 3376 es:

2003 3409 2163 3474 sicut
2210 3408 2502 3493 apostolis
2548 3407 2669 3481 tuis

2003 3527 2251 3591 semper
2298 3507 2536 3583 aderas,

2000 3606 2089 3669 ita
2135 3610 2195 3670 et
2239 3604 2736 3670 desiderantibus
2784 3623 2853 3668 se

2002 3723 2194 3768 unum
2245 3708 2307 3767 te
2354 3703 2472 3781 fac,
2523 3723 2559 3767 o
2606 3702 2979 3778 wisel-imm,

2002 3805 2070 3865 nt
2116 3800 2427 3885 conjuncti
2473 3806 2678 3866 tecum

2003 3904 2065 3964 et
2128 3898 2381 3983 hymnis
2456 3903 2517 3964 et
2581 3898 2840 3964 canticis
2914 3897 3069 3964 cele·

2060 4019 2065 4025 ·
2494 4079 2503 4091 ·
2702 3997 2983 4081 [bremus

2003 4096 2463 4161 sanctissimum
2513 4094 2833 4179 Spiritum.

1006 4240 1046 4305 ¹)
1089 4240 1426 4309 Desumptum
1453 4243 1534 4292 est
1571 4240 1668 4293 hoc
1694 4252 1902 4293 carmen
1927 4236 2231 4307 ἐμβόλιμον
2268 4253 2382 4291 cum
2405 4238 2673 4302 κοντακίῳ
2694 4236 2814 4305 'Jam
2839 4235 3072 4290 exhibito

825 4337 873 4390 p.
912 4321 1018 4376 323
1056 4337 1119 4375 ex
1155 4321 1377 4390 longiori
1417 4321 1604 4390 hymno
1642 4336 1684 4373 s,
1723 4318 2013 4385 Romani,
2052 4334 2202 4389 quem
2241 4335 2305 4372 ex
2330 4317 2556 4386 antiquis
2583 4316 2843 4370 codicibus
2868 4322 3075 4370 erutum

824 4400 965 4454 dedit
1001 4400 1200 4455 Emus.
1242 4400 1448 4466 Pitra‚
1488 4400 1751 4454 Analecta
1790 4416 1975 4454 sacra.
2014 4415 2096 4469 pp.
2120 4399 2418 4454 151—164.
