3514 5391
1097 510 1325 576 Πέμπτη
1363 511 1463 560 τοῦ
1497 506 1747 577 μεγάλου
1785 507 2031 571 κανόνος.

2582 511 2686 566 149

447 724 506 769 ac
553 704 788 770 slavica
837 725 1034 790 nuper
1077 707 1270 772 edidit
1315 706 1718 784 Maltzew,
1784 706 2089 773 Kanonik
2148 708 2278 774 sive
2333 707 2683 774 Andaclzts·

445 802 607 883 buch,
658 824 765 887 pp.
821 804 1167 869 176-277
1201 804 1266 890 ¹).

613 909 920 992 Quoniam
988 913 1381 1004 quaestiones
1445 933 1664 978 omnes
1729 914 1809 978 de
1873 914 2085 999 magni
2146 914 2400 980 canonis
2460 919 2680 992 aetate,

442 1014 709 1091 auctore,
775 1011 1043 1089 nomine,
1107 1016 1494 1097 argumento,
1559 1012 1965 1096 dispositione
2023 1016 2208 1097 atque
2253 1033 2371 1078 usu
2421 1012 2683 1079 authen-

443 1109 620 1174 ticam
669 1109 1045 1175 solutionem
1093 1108 1329 1176 habent
1383 1110 1444 1175 in
1493 1111 1824 1195 synaxario
1872 1111 2103 1176 Triodii
2153 1112 2231 1176 ad
2277 1110 2341 1177 h.
2392 1112 2488 1189 d.,
2551 1109 2684 1195 ejus

447 1208 798 1292 exemplum
846 1205 951 1272 hic
999 1208 1273 1274 dandum
1322 1229 1669 1287 censemuS,
1718 1208 2001 1293 subjecta
2046 1213 2256 1275 tamen
2304 1209 2511 1294 aliqua
2551 1230 2686 1275 cor·

443 1306 710 1373 rectione
728 1359 743 1385 ‚

830 1326 957 1390 qua
1017 1306 1573 1392 Nicephorum
1641 1307 2073 1374 Callistum
2137 1307 2681 1392 Xantopulum

447 1405 670 1488 passim
720 1424 910 1491 egere
956 1405 1094 1490 plus
1141 1406 1334 1472 semel
1383 1407 1759 1473 monuimus·

551 1533 644 1616 Ίῇ
690 1526 850 1617 αὐτῇ
893 1525 1122 1616 ἡμέρᾳ,
1183 1528 1350 1595 κατὰ
1393 1529 1506 1619 τὴν

443 1621 706 1712 ἀρχαίαν
734 1626 1122 1713 παράδοσιν,
1175 1627 1508 1717 ψάλλομεν

437 1724 542 1789 καὶ
586 1723 700 1814 τὴν
760 1730 877 1791 τοῦ
921 1725 1196 1810 μεγάλου
1241 1726 1506 1805 κανόνος

437 1820 855 1890 ἀκολουθίαν.
953 1829 1197 1889 Τοῦτον
1241 1825 1354 1891 τὸν
1399 1825 1505 1891 ὅν-

431 1946 560 2000 τως
602 1921 889 1988 κανόνων
927 1921 1248 2006 μέγιστον,
1298 1922 1507 1989 ἁπάν-

431 2045 560 2085 των
624 2016 903 2108 α’ρίστως
961 2021 1070 2087 καὶ
1127 2022 1510 2111 τεχνηέντως

433 2119 761 2207 ἡρμόσατο
834 2120 944 2185 καὶ
1015 2120 1411 2211 συνέγραψεν
1471 2120 1507 2185 ό

433 2218 500 2285 ἕν
532 2214 741 2303 ἁγίοις
767 2219 984 2309 πατὴρ
1013 2219 1185 2310 ἡμῶν
1207 2218 1510 2307 Ἀνδρέας

431 2316 464 2379 ό
529 2312 1054 2404 ἅρχιεπίσκοπος
1119 2317 1403 2408 Κρήτης,
1472 2317 1508 2383 ό

431 2415 532 2481 καὶ
565 2412 1081 2505 Ἱεροσολυμίτης
1124 2415 1505 2502 ὀνομαζόμε-

435 2538 551 2595 νος,
626 2513 698 2593 ὅς
762 2513 1018 2604 ὥρμητο
1075 2514 1191 2599 μὲν
1252 2514 1322 2581 ἐκ
1371 2519 1507 2580 Δα-

433 2618 718 2697 μασκοῦ,
795 2610 909 2679 ἐπὶ
976 2613 1507 2700 τεσσαρεσκαιδε-

432 2712 604 2799 κάτῳ
666 2711 739 2778 δὲ
785 2708 918 2778 ἔτει
970 2718 1084 2803 τῆς
1129 2712 1326 2779 αὐτοῦ
1371 2711 1508 2802 ἡλι-

428 2806 487 2874 κί
491 2835 565 2890 ας
596 2806 1042 2900 παιδευτηρίῳ
1072 2816 1509 2899 γραμματικῆς

429 2905 765 2988 iudo-9859,
840 2909 949 2974 καὶ
1010 2909 1125 2998 τὴν
1182 2909 1509 2993 ἐγκύκλιον

426 3004 780 3074 παίδευσιν
800 3006 1173 3097 ἕξασκήσας,
1204 3004 1297 3086 είς
1319 3006 1496 3094 Ἱερο-

428 3106 680 3192 σόλυμα
715 3105 1004 3191 γεγονώς,
1041 3105 1158 3172 τὸν
1182 3106 1509 3194 μοναστΐμν

319 3235 327 3242 ·
433 3202 780 3292 ἐπέρχεται
826 3200 996 3288 βίον·
1047 3200 1240 3282 ὁσίως
1287 3203 1358 3270 δὲ
1399 3203 1508 3269 καὶ

432 3303 771 3392 θεοφιλῶς
845 3301 1083 3384 διαζῶν
1155 3298 1226 3368 ἓν
1297 3303 1509 3394 ἡσύχῳ

429 3401 533 3467 καὶ
577 3399 889 3488 ἇταράχῳ
916 3406 995 3490 τῇ
1022 3405 1246 3490 βιαντῇ,
1294 3401 1509 3468 πολλὰ

428 3498 542 3583 μὲν
617 3499 732 3565 καὶ
813 3498 978 3568 ἄλλα
1053 3499 1509 3586 συγγράμματα

429 3599 724 3688 βιωφελῆ
797 3592 1178 3664 καταλείπει
1250 3604 1329 3687 τῇ
1392 3603 1511 3665 τοῦ

437 3697 602 3760 Θεοῖ·
641 3691 1003 3786 Ἐκκλησία,
1049 3695 1273 3781 λόγους
1303 3722 1374 3763 τε
1400 3696 1509 3763 καὶ

431 3792 725 3872 κανόνας·
772 3793 1019 3877 μᾶλλον
1055 3792 1396 3881 ἅδρότερος
1440 3793 1510 3862 ἐν

431 3896 567 3969 τοῖς
591 3894 1058 3980 πανηγυρικοῖς
1085 3916 1146 3976 γι
1154 3891 1415 3976 νόμενός
1437 3918 1509 3959 τε

432 3988 536 4054 καὶ
585 3988 1014 4074 δεικνύμενος.
1086 3989 1213 4056 Σὺν
1233 3992 1507 4069 πολλοῖς

1719 1531 1961 1597 Eodem
2010 1531 2129 1609 die,
2166 1551 2240 1595 ex
2274 1530 2524 1615 antiqua
2556 1535 2681 1595 tra-

1614 1629 1847 1695 ditione
1873 1630 2155 1695 canimus
2177 1629 2449 1695 officium
2474 1630 2683 1715 magni

1617 1729 1889 1794 canonis
1938 1728 2122 1794 Hunc
2139 1748 2281 1793 vere
2297 1748 2373 1793 ex
2393 1727 2683 1793 omnibus

1615 1828 1957 1893 canonibus
2013 1826 2386 1905 maximum,
2450 1826 2684 1912 optime

1616 1932 1678 1991 et
1709 1927 2028 2013 ingeniose
2059 1927 2407 2010 composuit
2437 1930 2500 1992 et
2536 1945 2684 1991 con-

1617 2025 1867 2109 scripsit
1927 2029 2179 2091 sanctus
2238 2023 2429 2091 Pater
2476 2029 2687 2090 noster

1617 2123 1923 2202 Andreas,
1982 2122 2487 2209 archiepiscopus
2535 2121 2684 2188 Orc-

1618 2226 1735 2299 tae,
1788 2227 2200 2308 cognomento
2234 2219 2684 2306 Hierosolymi-

1617 2324 1818 2385 tauus,
1881 2321 2001 2385 Hic
2027 2320 2336 2386 Damasco
2366 2318 2681 2397 oriundus,

1617 2419 1860 2483 decimo
1881 2422 2100 2503 quarto
2116 2419 2337 2485 aetatis
2358 2438 2505 2485 suae
2524 2438 2684 2483 anno

1615 2517 2063 2602 grammaticae
2110 2517 2383 2582 studium
2430 2536 2685 2603 aggres-

1615 2635 1742 2694 suS,
1801 2620 1864 2680 et
1910 2615 2200 2681 omnibus
2248 2616 2484 2681 artibus
2528 2614 2684 2681 libe-

1613 2713 1847 2781 ralibus
1894 2714 2089 2799 probe
2137 2714 2416 2781 excultus
2462 2714 2684 2780 Hiero-

1616 2812 1920 2898 solymam
1981 2813 2296 2899 pervenit,
2370 2813 2684 2896 vitamque

1614 2913 2022 2978 monasticam
2071 2912 2237 2990 iniit;
2306 2911 2412 2995 qui
2474 2917 2686 2975 sancte

1618 3015 1679 3076 et
1692 3011 1794 3095 pie
1819 3012 2009 3076 vitam
2026 3029 2353 3097 peragenS,
2381 3009 2445 3074 in
2476 3007 2685 3092 quieto

1615 3108 1718 3174 illo
1767 3113 1830 3173 et
1875 3130 1911 3173 a
1943 3108 2144 3174 turbis
2172 3112 2413 3173 remoto
2439 3106 2684 3173 vivendi

1613 3207 1916 3285 institute,
1964 3206 2161 3272 multa
2192 3206 2445 3290 quidem
2492 3224 2682 3289 quum
2724 3255 2727 3258 .

1617 3305 1737 3370 alia
1799 3303 2118 3370 Ecclesiae
2183 3304 2301 3370 Dei
2366 3303 2687 3369 fructuosa

1615 3403 1848 3489 ingenii
1869 3403 1963 3468 sui
1987 3406 2391 3468 monumenta
2413 3400 2682 3486 reliquit,

1618 3507 1751 3567 tum
1798 3502 2000 3566 varias
2048 3501 2357 3566 orationes
2404 3503 2467 3565 et
2499 3519 2684 3564 cano·
2724 3527 2733 3536 ·

1617 3620 1764 3668 nes:
1815 3599 2090 3666 crebrior
2135 3603 2346 3664 tamen
2393 3601 2455 3663 et
2480 3598 2685 3682 copio-

1620 3700 1745 3764 sior
1790 3699 1853 3764 in
1883 3698 2275 3786 panegyricis
2306 3697 2686 3764 orationibus

1617 3798 1843 3864 existit.
1910 3797 2005 3863 Ex
2032 3795 2245 3862 multis
2293 3801 2498 3863 autem
2532 3795 2684 3870 aliis

1614 3896 1783 3961 hunc
1843 3915 2088 3980 quoque
2148 3912 2445 3982 magnum
2501 3913 2687 3959 cano-

1616 4014 1780 4073 nem,
1808 3993 2050 4059 infinita
2072 3993 2439 4059 contritione
2467 3992 2686 4057 animi·

616 4224 660 4292 ι)
700 4223 784 4278 De
821 4222 1111 4290 Germania
1149 4239 1321 4278 rerum
1360 4224 1612 4279 ecclesiae
1648 4240 1872 4294 graecae
1910 4222 2170 4290 studiosis,
2209 4223 2524 4278 clarissimos
2547 4221 2688 4276 viros

433 4304 523 4358 Al.
562 4305 893 4359 Maltzew
952 4303 1160 4374 ejusque
1212 4305 1266 4358 in
1310 4304 1568 4360 laboribus
1605 4304 1853 4359 literariis
1902 4303 2095 4358 socium
2132 4302 2283 4357 Bas.
2321 4301 2555 4356 Goken
2599 4317 2688 4356 vo·

434 4384 619 4439 lumine
658 4386 767 4439 isto
805 4383 1152 4439 communibus
1189 4385 1326 4439 curis
1366 4384 1521 4452 edito,
1559 4386 1688 4440 bene
1724 4383 2086 4454 promeruisse,
2124 4381 2331 4437 uberius
2368 4397 2401 4435 a
2422 4379 2571 4435 nobis
2605 4380 2688 4434 de-

435 4469 783 4520 monstratum
818 4462 1000 4517 videas
1014 4463 1074 4518 .in
1099 4463 1422 4535 Zeitsclzrzfl
1436 4467 1544 4536 sur
1567 4465 1715 4519 leam.
1741 4462 2046 4533 Theolofie,
2084 4462 2241 4529 1896,
2277 4473 2365 4531 pp.
2384 4460 2690 4517 353—359·
