3514 5391
841 496 945 550 120
1479 497 1638 552 Festa
1675 498 1882 551 mobilia
1918 499 1969 551 in
2007 496 2428 567 Quadragesima.

857 607 948 614 -——-·
1051 610 1086 613 --
1113 609 1190 613 ..—
1231 609 1462 614 ,,.-.--..-.,
1491 609 1632 614 -.-.-

1019 695 1351 759 Hodiernis
1397 695 1823 761 brandonibus
1871 697 2178 780 quaedam
2226 700 2319 762 est
2368 696 2841 783 significationis
2870 698 3083 763 simili-

840 794 989 858 tudo
1037 796 1180 858 cum
1225 792 1477 878 ignibus
1519 794 1573 859 's
1623 793 1884 859 Joannis
1932 794 2270 879 Baptistae,
2320 815 2476 879 quos
2507 795 2571 860 in
2603 796 2929 881 pervigilio
2954 797 3085 881 ejus

840 892 984 957 festi
1030 892 1284 957 accendi
1330 891 1531 969 solere
1586 892 1855 957 diximus
1910 896 2081 971 ‘tomo
2132 894 2190 971 1,
2255 914 2360 978 pp.
2414 894 2803 974 188—190;
2869 914 3084 979 quem-

842 991 1180 1056 admodum
1227 991 1392 1056 euim
1457 991 1692 1056 ibidem
1737 990 1955 1056 fideles
2021 991 2202 1056 editis
2261 991 2383 1058 illis
2443 987 2759 1077 popularis
2823 992 3085 1058 laetitiae

842 1089 1036 1175 signis
1084 1091 1146 1155 in
1187 1090 1390 1156 'sancti
1422 1091 1844 1174 praecursoris
1867 1090 1931 1156 N
1933 1087 2207 1156 ativitate
2237 1111 2304 1156 se
2333 1093 2609 1177 gaudere
2638 1091 2847 1175 palam
2880 1095 3084 1156 osten·

843 1189 1020 1266 dunt,
1083 1188 1187 1254 sic‘
1234 1192 1295 1254 et
1341 1187 1528 1254 hodie
1589 1187 1856 1273 populus
1915 1188 2357 1269 laetabunduS,
2426 1190 2668 1256 facibus
2724 1190 3088 1255 ardentibus

844 1287 1266 1353 exsultationis
1312 1308 1500 1353 eausa
1547 1287 1867 1369 adhibitis,
1927 1287 2174 1353 Christo
2221 1288 2510 1367 Domino,
2574 1288 2791 1353 victori
2840 1285 3084 1358 diaboli,

842 1386 943 1469 pIe
992 1384 1388 1452 acclamando
1429 1386 1669 1470 justum
1717 1386 1861 1471 ejus
1897 1388 1974 1452 de
2020 1386 2202 1452 hoste
2248 1386 2638 1471 triumphum
2685 1386 2982 1453 celebrat.

1026 1500 1406 1568 secretiores
1460 1501 1672 1568 ’Officii
1694 1553 1709 1581 ,
1783 1502 2016 1569 Missae
2078 1502 2498 1587 Stationisque
2572 1503 2850 1569 rationes
2931 1502 3087 1587 apud

845 1600 1308 1664 Durandum
1328 1600 1332 1605 ’
1356 1599 1393 1667 Ι.
1419 1622 1473 1667 c.
1502 1594 1554 1668 c.
1583 1601 1689 1667 32.
1740 1600 2018 1686 aliosque
2052 1602 2424 1686 interpretes
2444 1602 2577 1686 jam
2608 1602 2832 1668 citatos
2864 1619 3086 1685 quaere

845 1699 1335 1783 nominatimque
1384 1700 1541 1778 vide,
1610 1721 1879 1786 quanam
1928 1702 2166 1767 ratione
2211 1700 2400 1766 homo
2449 1702 2773 1785 poenitens
2824 1721 2898 1766 ac
2935 1698 3090 1785 jeju-

845 1818 1000 1862 nans
1048 1799 1207 1863 inter
1254 1799 1673 1878 duas'molas,
1722 1800 2011 1864 timorem
2058 1798 2294 1865 scilicet
2341 1819 2413 1865 ac
2460 1812 2657 1884 spem,
2718 1800 2977 1865 molitus
3023 1818 3089 1862 ae

845 1897 1144 1962 contritus
1169 1897 1239 1981 ¹),
1291 1898 1469 1981 panis
1518 1898 1650 1963 Deo
1699 1898 1955 1982 placens
2003 1897 2340 1975 efficiatur;
2392 1917 2465 1963 ac
2513 1917 2636 1982 quo
2684 1901 2875 1965 modo
2923 1896 3083 1961 chri-

846 1996 1082 2060 stianus
1131 1996 1328 2075 mileS,
1379 2016 1490 2080 per
1537 1996 1878 2082 Epistolam
1931 1996 2040 2081 (ΙΙ.
2076 1995 2215 2062 Gor.
2266 1996 2328 2068 6,
2384 1996 2628 2081 1—10)
2675 2000 2945 2081 quatuor
2976 1996 3089 2060 vir-

847 2097 1081 2162 tutibus
1107 2097 1523 2163 cardinalibus
1549 2102 1844 2176 armatuS,
1879 2097 2161 2181 exemplo
2186 2096 2377 2162 divini
2402 2096 2579 2161 ducis
2603 2100 2821 2161 contra
2848 2094 3088 2160 hostem

849 2196 1178 2280 pugnando
1237 2196 1526 2299 (Evang.
1557 2195 1785 2262 Matth
1834 2196 2210 2280 441-11)
2273 2195 2620 2261 certissime
2680 2194 2956 2278 palmam
3017 2191 3091 2256 sit

849 2298 1237 2397 accepturus

1026 2410 1121 2476 De
1180 2409 1367 2495 hujus
1427 2412 1550 2476 diei
1598 2406 1973 2477 abstinentia
2031 2411 2283 2475 tandem
2345 2409 2472 2475 hic,
2505 2408 3088 2495 repraesentandam

849 2529 1177 2575 censemus
1224 2510 1597 2575 sententiam
1645 2529 1700 2574 s:
1746 2506 2123 2594 Gregorii
2170 2508 2298 2585 M.‚
2363 2528 2522 2593 quae
2569 2506 2865 2591 quoniam
2917 2505 3090 2590 plena

851 2612 945 2672 est
1004 2607 1413 2695 sollicitudine
1478 2614 1540 2674 et
1598 2608 1930 2693 prudentia
1990 2607 2314 2692 pastorali,
2359 2606 2757 2693 ‘dignissima
2820 2603 3090 2691 profecto

851 2713 1123 2792 apparet,
1188 2728 1346 2792 quae
1393 2730 1430 2772 a
1476 2708 1805 2773 canditatis
1850 2707 2129 2774 muneris
2177 2707 2523 2791 pastoralis*
2553 2709 2787 2771 attente
2835 2704 3087 2790 legatur.

854 2806 1144 2871 Refertur
1190 2806 1253 2871 in
1301 2826 1561 2891 corpore
1599 2806 1759 2890 juris
1806 2806 1967 2871 sacri
2016 2825 2067 2871 c.
2100 2805 2387 2890 Denique
2435 2806 2497 2871 6.
2535 2805 2705 2870 Dist.·
2725 2805 2790 2882 4,
2842 2804 2904 2868 in
2944 2802 3088 2866 haee

852 2904 1041 2970 verba
1100 2906 1483 2989 conscripta}
1546 2906 1647 2969 De
1691 2906 1843 3000 ipsa
1886 2925 2031 2967 vero
2078 2901 2191 2967 die
2230 2902 2551 2968 dominica
2573 2901 2627 2987 ²)
2692 2903 3091 2974 haesitamus,

851 3003 1155 3088 quidnam
1202 3002 1536 3068 dicendum
1582 3005 1684 3084 sit,
1751 3026 1938 3090 quum
1984 3023 2192 3067 omnes
2241 3000 2397 3065 laici
2456 3012 2517 3065 et
2562 2998 2949 3066 saeculares
2978 2993 3092 3061 illa

841 3101 956 3165 -die
991 3101 1148 3187 plus
1194 3100 1383 3166 solito
1432 3103 1696 3167 caeteris
1743 3101 1966 3166 diebus
2013 3101 2375 3176 accuratius
2436 3100 2607 3165 cibos
2652 3099 2945 3162 carnium
2989 3116 3090 3180 ap-

843 3209 1073 3285 petant
1093 3198 1180 3282 8);
1247 3205 1308 3263 e't
1353 3201 1486 3264 nisi
1529 3223 1697 3264 nova
1741 3198 2022 3286 quadam
2083 3196 2393 3263 aviditate
2458 3195 2801 3283 usquead
2857 3193 3093 3259 medias

851 3308 1058 3362 noctes
1092 3320 1155 3361 se
1183 3298 1566 3384 inqaryitent
1582 3296 1657 3384 ⁴),
1707 3320 1836 3362 non
1869 3297 2059 3362 aliter
2106 3318 2171 3361 se
2214 3297 2397 3384 hujus
2436 3296 2608 3360 sacri
2653 3292 2954 3380 temporis
2998 3287 3092 3352 ob·

852 3398 1268 3460 servationem
1313 3399 1628 3483 suscipere
1662 3406 1939 3484 putant:
2002 3395 2169 3481 quod
2213 3396 2426 3481 utique
2450 3441 2455 3447 -
2479 3416 2608 3459 ‘non
2650 3393 2928 3471 rationi,
2987 3385 3094 3451 sed

852 3493 1187 3581 voluptati,
1251 3496 1438 3561 immo
1501 3495 1754 3560 cuidam
1814 3495 2040 3559 mentis
2101 3493 2396 3558 caecitati
2455 3490 2942 3557 adsmibendum
2985 3493 3090 3562 est,

853 3593 1020 3658 unde
1077 3615 1191 3657 nec
1250 3618 1293 3659 a
1356 3594 1478 3659 tali
1534 3593 1983 3659 consuetudine
2045 3593 2248 3656 averti
2296 3603 2604 3678 possunt.-
2669 3601 2729 3654 et
2770 3588 2917 3653 ideo
2962 3604 3092 3648 cum

855 3694 1040 3755 venia
1086 3715 1195 3756 suo
1243 3693 1495 3777 inqenio
1541 3691 1945 3778 relinquendi
1990 3701 2155 3770 sunt,
2201 3711 2280 3755 ne
2309 3690 2493 3776 forte
2517 3693 2769 3778 pejores
2798 3676 3089 3756 existant,

1037 3896 1080 3964 ¹)
1120 3897 1401 3968 A‘ssumpta
1439 3915 1471 3953 a
1507 3897 1751 3953 Durando
1801 3896 1930 3951 haec
1978 3896 2282 3966 metaphora
2332 3899 2414 3950 est
2463 3911 2527 3949 ex
2564 3895 2741 3964 glossa
2785 3894 2851 3947 ad
2888 3909 2931 3947 c.
2968 3887 3087 3943 Ser·

845 3996 987 4049 pens
1023 3979 1110 4033 47.
1148 3978 1209 4032 de
1248 3979 1439 4047 poenit.
1479 3979 1614 4033 Dist.
1656 3979 1703 4032 1.
1741 3993 1856 4031 voc.
1894 3978 2017 4032 Non
2055 3976 2365 4047 desperata.

1036 4056 1081 4126 ²)
1122 4057 1355 4112 Scilicet:
1405 4057 1677 4113 Dominiea
1714 4058 1881 4127 prima
1918 4056 2370 4126 Quadragesimae‚
2428 4061 2481 4110 et
2517 4070 2617 4110 non
2654 4052 2987 4125 carnisprivii,
3036 4049 3089 4100 ut

856 4139 1034 4208 glossa
1072 4154 1285 4192 erronee
1323 4139 1608 4194 adnotavit.
1686 4139 1795 4193 Cfr.
1834 4137 1986 4193 Card.
2025 4136 2263 4191 Thomas,
2302 4141 2425 4191 tom.
2465 4138 2516 4192 7.
2553 4152 2601 4205 p.
2641 4136 2764 4189 188.

1038 4219 1083 4284 ⁸)
1124 4218 1370 4284 Quoniam
1410 4220 1679 4274 Dominica
1733 4219 1862 4273 haec
1912 4218 2075 4288 prima
2124 4216 2560 4287 Quadragesimae
2610 4219 2843 4284 tempore
2893 4231 2932 4267 s,
2969 4208 3085 4263 Gro-

857 4301 989 4367 gorii
1016 4300 1083 4353 Μ.
1123 4300 1290 4352 media
1327 4300 1670 4370 interjacebat
1708 4299 1845 4353 inter
1868 4302 2090 4368 quatuor
2113 4298 2223 4351 dies
2241 4297 2421 4368 jeJunii
2440 4296 2822 4366 ‘praeliminaris
2859 4298 2913 4349 et
2936 4293 3087 4361 ipsam

857 4380 1239 4434 observantiam
1259 4379 1772 4449 quadragesimalem,
1800 4379 1994 4449 dejure
2020 4378 2269 4432 communi
2295 4377 2514 4431 nondum
2541 4373 2948 4446 ἀποκρεώσιμος
2965 4375 3085 4425 erat.

1042 4459 1088 4530 ⁴)
1129 4457 1479 4531 Ἀποκρεύειν
1515 4459 1692 4516 dicunt
1730 4459 1935 4527 Graeci,
1974 4458 2392 4533 quemadmodum
2429 4456 2721 4516 notavimus
2756 4461 2807 4533 p.
2847 4453 2930 4516 19.
