3514 5391
830 493 938 552 452
1472 493 1631 551 Festa
1668 493 1875 550 mobilia
1912 499 2032 566 post
2068 491 2431 550 Pentecosten.

830 693 961 778 μς’.
1020 692 1314 781 Κυριακὴ
1355 697 1484 759 τῶν
1528 691 2095 781 προπατόρων..
2409 688 2549 774 146.
2596 693 2676 761 D.
2723 692 2837 759 In.
2939 693 2989 776 l.

831 869 956 956 μζ.
1020 871 1308 960 Κυριακὴ
1353 870 1483 956 πρὸ
1528 875 1641 959 τῆς
1687 874 1977 956 Χριστοῦ
2021 868 2380 958 γεννήσεως·
2441 872 2549 937 47.
2599 872 2675 937 D.
2724 867 2832 935 IV.

1009 974 1138 1034 τῶν
1183 968 1482 1056 πατέρων
1506 971 1573 1055 ¹).

3009 709 3078 1045 suqueapv

831 1147 937 1237 pus
945 1203 958 1216 .
1022 1147 1307 1236 Κυριακὴ
1352 1146 1518 1231 μετὰ
1562 1145 1677 1235 τὴν
1725 1107 2016 1234 Χριστοῦ
2076 1145 2379 1235 γέννησιν.
2440 1151 2548 1216 48.
2597 1149 2680 1215 D.
2733 1149 2897 1214 infra
2941 1146 3081 1214 Oct..

2562 1247 2935 1312 Nativitatis.

831 1424 974 1507 μεθ’.
1020 1423 1310 1511 Κυριακὴ
1355 1421 1484 1510 πρὸ
1528 1411 1659 1488 τῶν
1704 1423 1956 1511 φώτων.
2078 1437 2085 1442 '
2352 1483 2359 1490 .
2442 1427 2549 1492 49.
2602 1426 2677 1492 D.
2734 1426 2897 1491 infra
2940 1424 3083 1491 Oct.

2503 1523 3022 1590 circumcisionis,

864 1699 940 1765 ν’.
1010 1699 1300 1785 Κυριακὴ
1343 1699 1505 1785 μετὰ
1551 1699 1631 1765 τὰ
1678 1705 1884 1789 φῶτα.
2328 1675 2335 1682 ’
2442 1703 2549 1769 50.
2601 1703 2678 1768 D.
2732 1702 2894 1767 infra
2939 1701 3082 1766 Oet.

2413 1791 2417 1880 Ι
2554 1798 2961 1884 Epiphaniae.

837 1974 957 2040 να’.
1020 1975 1306 2066 Κῑριακὴ
1352 1975 1583 2064 δεκάτη
1627 1975 1898 2065 πέμπτη
1955 1981 2070 2041 τοῦ
2126 1982 2384 2047 Λουκᾶ·
2413 1883 2550 2045 !51.
2579 1979 2654 2044 D.
2674 1977 2755 2044 II.
2782 1975 3089 2062 postEpi·

1011 2073 1160 2158 περὶ
1206 2079 1322 2139 τοῖ
1367 2070 1728 2157 Ζακχαίουε
1775 2077 1851 2141 de
1900 2077 2204 2143 ΖαοῘιαοο.
2412 2099 2418 2132 ¹
2603 2077 2916 2161 phaniam.

1019 2255 1132 2320 Isti
1181 2265 1325 2321 sunt
1370 2276 1588 2321 omnes
1637 2256 1818 2321 unius
1866 2256 2007 2321 anni
2058 2256 2192 2321 dies
2221 2256 2512 2323 dominici
2555 2274 2699 2321 cum
2733 2253 3091 2392 praecipuls

839 2352 1208 2419 lectionibus
1253 2355 1317 2419 in
1366 2354 1442 2418 iis
1486 2353 1611 2438 legi
1658 2353 1876 2420 solitis

1016 2449 1275 2518 Caetera
1321 2447 1670 2535 Εὔαγγέλια
1718 2449 2059 2534 ἒκλογάδια
2122 2451 2490 2537 prolixitatis
2550 2451 2835 2517 vitandae
2894 2469 3091 2514 causa

840 2550 1217 2626 omittimuS,
1282 2570 1476 2633 quum
1523 2571 1557 2616 e
1605 2551 1805 2634 primo
1867 2571 2113 2635 quoque
2160 2552 2317 2617 libro
2366 2550 2652 2636 liturgico
2700 2549 3087 2616 Graecorum

841 2648 966 2732 peti
1014 2648 1273 2734 possint.
1382 2647 1447 2714 Si
1508 2649 1607 2714 cui
1669 2668 1814 2715 vero
1878 2649 1939 2715 in
1988 2654 2281 2736 promptu
2344 2669 2466 2715 non
2517 2649 2598 2715 sit
2644 2647 2800 2714 liber
2844 2646 3089 2712 ritualia

839 2746 1137 2812 ecclesiae
1184 2747 1518 2825 orientaliS,
1568 2748 1619 2812 is
1668 2749 1848 2814 adeat
1895 2751 2324 2826 Asseman.,
2386 2749 2493 2834 qui
2541 2768 2615 2814 ea
2660 2748 2737 2813 de
2784 2767 2851 2812 re
2900 2766 3087 2812 accu-

837 2850 971 2910 rate
1032 2844 1160 2931 agit
1219 2845 1281 2909 in
1344 2845 1495 2911 Kal.
1544 2846 1783 2911 Eccles.
1843 2846 2144 2913 Univers:
2188 2854 2338 2914 tom.
2387 2846 2462 2925 5,
2529 2868 2632 2931 pp.
2679 2844 2812 2911 563
2852 2864 3084 2930 .seqq.;

840 2947 1025 3027 atque
1072 2962 1148 3007 ex
1195 2962 1267 3008 eo
1315 2945 1635 3027 speciatim
1706 2947 1909 3029 quoad
1959 2965 2286 3011 numerum
2337 2946 2582 3010 dierum
2629 2942 3085 3009 dominicorum

830 3052 984 3126 post
1029 3042 1481 3128 Epiphaniam,
1533 3062 1606 3107 ex
1635 3043 2075 3129 subsequentis
2107 3043 2433 3109 Paschatis
2466 3044 2613 3109 sede
2638 3042 3083 3117 definiendum,

842 3136 998 3203 haec
1045 3138 1164 3204 sibi
1210 3143 1410 3217 notet,
1474 3142 1579 3225 qui
1628 3143 1902 3226 computi
1951 3142 2353 3208 ecclesiastici
2399 3142 2693 3228 dogmata
2754 3139 2934 3224 plene
2982 3160 3087 3206 co-

843 3237 1018 3321 gnita
1064 3257 1184 3301 non
1232 3237 1441 3304 habet.

1022 3342 1221 3425 Quum
1272 3344 1637 3412 Dominicae
1702 3354 1844 3432 post
1887 3347 2305 3432 Epiphaniam
2356 3347 2537 3412 modo
2586 3346 2827 3431 plures.
2897 3346 3084 3410 modo

845 3441 1170 3527 pauciores
1229 3442 1384 3521 sint,
1447 3444 1500 3509 si
1547 3453 1795 3529 tempus
1854 3446 2053 3530 ipsius
2098 3445 2413 3518 Paschae.
2478 3466 2589 3529 pro
2638 3443 2815 3528 cujus
2862 3464 3085 3509 norma·

844 3541 997 3605 istae
1046 3540 1414 3626 diriguntur,
1464 3544 1839 3620 consideres,
1890 3544 2507 3610 animadvertendum
2556 3546 2669 3619 est,

1023 3683 1095 3769 a)
1153 3684 1204 3748 si
1252 3683 1500 3750 Pascha
1559 3686 1950 3771 subsequens
1997 3687 2137 3765 22..
2203 3691 2308 3751 aut
2354 3686 2496 3765 23„
2564 3690 2670 3751 aut
2715 3684 2820 3750 24.
2870 3684 3079 3749 Martii

842 3782 1102 3858 eveniet,
1151 3781 1489 3848 Dominio-a
1525 3788 1665 3868 post
1712 3784 2049 3869 Lumina2)
2096 3783 2264 3850 nulla
2311 3785 2444 3861 erit,
2493 3784 2603 3849 sed
2650 3783 2856 3850 statim
2906 3783 3079 3848 Trio·

1031 3971 1069 4037 ¹)
1109 3969 1320 4025 Duobus
1357 3971 1498 4026 hisce
1535 3972 1714 4027 diebus
1750 3971 2017 4026 dominicis
2054 3972 2142 4028 47.
2180 3976 2236 4026 et
2270 3966 2358 4037 48,
2395 3971 2482 4042 qui
2507 3987 2539 4026 a
2564 3970 2856 4025 Nativitate
2887 3969 3075 4026 Christi

843 4067 1027 4106 nomen
1065 4051 1271 4118 habent,
1309 4051 1501 4120 legitur
1536 4051 1861 4121 evangelium
1902 4068 1966 4106 ex
2003 4052 2295 4115 Matthae03
2336 4056 2492 4122 atque
2530 4050 2646 4105 inde
2683 4051 2841 4117 venit,
2880 4056 2937 4105 ut
2970 4050 3077 4103 dies

844 4131 1125 4186 dominicus
1162 4133 1249 4187 51.
1287 4132 1359 4186 sit
1396 4133 1480 4187 15.
1518 4130 1708 4187 Lucae.

1023 4210 1071 4278 ¹)
1109 4211 1422 4281 Epiphania
1459 4212 1687 4274 Domini
1719 4212 1934 4267 Graecis
1972 4211 2001 4277 ἡ
2028 4211 2201 4285 ἡμέρα
2237 4214 2347 4265 τῶν
2371 4210 2586 4282 φώτων,
2625 4212 2744 4267 dices
2771 4212 3077 4275 Lamiam,

844 4292 1033 4347 dicitur
1070 4308 1100 4345 a
1138 4293 1301 4346 cereis
1339 4297 1394 4346 et
1431 4292 1765 4362 lampadibn8‚
1803 4293 1985 4363 quibus
2011 4294 2243 4348 accensis
2267 4294 2536 4348 universus
2562 4293 2647 4348 ille
2672 4293 2805 4347 ritus
2838 4289 3071 4362 baptismi

844 4372 1158 4437 absolvitur;
1207 4372 1340 4442 quod
1378 4373 1513 4427 enim
1549 4371 1721 4426 Latini
1761 4373 2024 4442 baphsmo
2059 4374 2211 4428 ablui
2256 4373 2462 4437 dicunt,
2514 4372 2563 4427 id
2613 4372 2944 4427 orientalibus
2993 4376 3071 4424 est

845 4452 1199 4521 φωτίζεσθαι,
1236 4452 1557 4506 illuminari.
1631 4452 1730 4506 Sed
1771 4468 1834 4506 ea
1870 4453 1933 4507 de
1970 4470 2027 4508 re
2065 4454 2196 4508 satis
2231 4454 2395 4508 multa
2431 4460 2570 4508 tomo
2610 4455 2658 4520 1,
2694 4470 2744 4523 p.
2780 4448 2867 4508 57.
