3514 5391
743 508 853 564 198³
944 545 951 555 -
1391 510 1550 565 Festa
1586 511 1796 565 mobilia
1833 511 1884 563 in
1923 509 2345 588 Quadragesima.

1112 624 2210 631 —————-————.—————

740 731 969 776 annum
1019 710 1249 775 Christi
1300 710 1698 776 millesimum
1745 710 2040 789 desiisse,
2105 711 2270 776 idem
2319 711 2650 777 cardinalis
2708 711 2989 778 animad-

741 809 939 874 vertit.
1021 805 1167 874 Sed'
1192 814 1437 892 praeter
1485 809 1636 875 alios
1683 810 1762 874 dc
1811 809 2116 875 fermento
2165 813 2502 875 tractantes
2550 810 2852 876 videndus
2891 816 2988 876 est

742 907 875 991 ipse
904 906 1404 973 ¹'Phomasius
1451 908 1602 974 locis
1651 909 1712 973 in
1761 908 1965 974 indice
2013 929 2217 975 rerum
2269 909 2573 975 indicatis,

785 1286 887 1351 De
938 1284 1378 1368 imaginibus
1425 1283 1912 1355 hebdomadae
1946 1286 2234 1352 sanctae
2280 1303 2360 1351 ac
2389 1285 2942 1355 Pentecostarii.

1450 1421 1707 1483 Notitia
1743 1421 2274 1498 praeliminaris.

918 1534 1142 1593 Varias
1164 1535 1290 1592 *has
1327 1532 1584 1592 festivas
1623 1534 1823 1592 icones
1863 1550 1975 1591 non
2013 1540 2138 1591 tam
2178 1538 2423 1591 ornatus
2463 1550 2633 1607 qnam
2674 1534 2986 1593 doctrinae

742 1631 928 1672 causa
964 1613 1152 1672 fnisse
1191 1614 1498 1672 adhibitas
1537 1614 1725 1685 scias3
1780 1613 2091 1687 pertinent
2129 1613 2282 1672 enim
2336 1612 2413 1671 ad
2450 1616 2810 1674 secretiores
2848 1615 2989 1674 illas

740 1694 1118 1768 symbolicas,
1169 1694 1421 1768 typicas.
1477 1694 1865 1768 propheticas
1918 1694 2187 1767 aliasque
2224 1692 2510 1752 festorum
2554 1695 2855 1754 mobilium
2893 1713 2989 1755 ra-

740 1775 932 1832 tiones
983 1775 1046 1831 in
1097 1774 1425 1832 academiis
1477 1774 1864 1849 explicandas
1917 1791 1989 1833 ac
2029 1774 2553 1846 demonstrandas,
2609 1776 2740 1834 sine
2778 1776 2989 1850 quibus

740 1855 992 1913 interior
1028 1872 1103 1913 ac
1139 1856 1453 1914 recondita
1491 1856 1632 1914 anni
1671 1855 2072 1914 ecclesiastici
2112 1855 2332 1915 notitia
2366 1855 2579 1913 haberi
2620 1872 2731 1914 non
2772 1862 2989 1930 potest.

740 1935 1031 1993 Prostant
1080 1934 1313 2008 quidem
1366 1935 1427 1992 in
1467 1935 1667 1993 multis
1707 1935 2068 1993 editionibus
2105 1933 2342 2008 graecis
2392 1933 2595 1994 εἰκόνες
2630 1935 2990 2005 ἑορταστικαί,

740 2032 942 2074 verum
982 2032 1094 2074 non
1132 2031 1272 2073 raro
1299 2015 1448 2073 adeo
1475 2013 1828 2074 deformiter
1848 2021 1986 2074 sunt
2006 2014 2276 2074 diffictae
2296 2014 2625 2089 vitioseque
2646 2033 2987 2090 expressae,

740 2101 809 2154 nt
846 2113 958 2153 non
988 2095 1174 2153 solum
1213 2096 1455 2169 ineptae
1496 2096 1858 2154 academicis
1884 2096 2417 2154 exercitationibus
2440 2096 2842 2169 reperiantur,
2881 2098 2988 2155 sed

740 2176 835 2235 vel
875 2177 1062 2249 ipsum
1102 2181 1329 2234 textum
1368 2176 1708 2248 liturgicum
1738 2174 1915 2235 foede
1945 2175 2297 2234 deforment.
2322 2207 2394 2216 -—
2418 2176 2723 2250 Imagines
2750 2182 2988 2236 nostras

742 2262 1026 2330 acceptas
1064 2256 1381 2316 referimus
1422 2258 1678 2316 eximiae
1715 2258 2177 2317 benevolentiae
2214 2256 2459 2315 Domini
2497 2256 2730 2327 Pustet,
2783 2257 2990 2317 Ratis·

741 2337 1035 2399 bonensis,
1074 2329 1436 2411 typographi
1474 2338 1805 2412 apostolici,
1843 2339 1941 2411 qui
1981 2355 2084 2397 eas
2123 2338 2291 2396 nobis
2330 2356 2403 2396 ex
2429 2339 2634 2412 opibus
2660 2338 2781 2397 suis
2817 2339 2989 2397 litur-

742 2417 892 2489 gicis
940 2434 1083 2477 vere
1135 2419 1320 2490 regiis
1370 2418 1798 2478 liberalissime
1853 2418 2163 2478 concessit.
2247 2417 2643 2477 Continentur
2689 2426 2888 2478 antem
2926 2421 2990 2478 in

743 2514 938 2571 opere,
996 2497 1147 2571 qnod
1200 2499 1261 2555 in
1310 2516 1415 2558 suo
1464 2516 1686 2572 genere
1723 2517 1969 2554 museum
2007 2500 2298 2570 litarqicae
2334 2500 2479 2555 artis
2528 2518 2639 2558 non
2693 2500 2988 2559 immerito

743 2577 981 2643 dixeris,
1021 2579 1115 2635 cui
1154 2596 1361 2653 nempe
1400 2579 1612 2639 titulus
1651 2586 1773 2638 est:
1813 2580 2184 2636 IconesNom'
2216 2583 2272 2634 et
2305 2580 2514 2635 Veteris
2546 2581 2878 2636 Testamenti
2898 2581 2990 2636 de·

740 2663 984 2731 sumptae
1022 2675 1094 2714 ex
1129 2659 1355 2715 Hissali
1388 2660 1635 2715 Romano
1671 2660 1999 2716 novissimae
2036 2661 2293 2716 editionis
2329 2660 2749 2717 Ratisbonensis
2775 2661 2908 2717 XII.
2925 2660 2988 2733 ¹),

725 2736 897 2810 'qaas‚
947 2757 982 2794 a
1006 2742 1338 2812 professore
1373 2741 1405 2796 J
1420 2757 1452 2795 o
1466 2756 1498 2794 a
1512 2757 1588 2795 nn
1603 2757 1633 2794 e
1670 2741 1876 2796 Klein
1914 2741 2223 2797 delineatae
2237 2783 2254 2808 ,
2297 2759 2409 2812 per
2444 2746 2630 2797 textas
2667 2743 2886 2797 biblicae
2930 2742 2988 2797 in

740 2821 977 2876 dirersis
1011 2820 1215 2891 linquis
1252 2838 1324 2875 ex
1358 2838 1433 2876 ss.
1474 2821 1709 2876 Patram
1746 2838 1912 2876 sensu
1951 2822 2279 2892 explanatas
2314 2823 2660 2877 amatoribus
2675 2824 2822 2878 artis
2844 2823 2988 2878 cleri·

722 2901 957 2956 -stianae
1012 2900 1227 2956 dedicat
1283 2905 1488 2956 auctor.
1549 2932 1612 2941 —
1672 2902 2011 2956 Ratisbonae
2025 2943 2042 2968 ,
2096 2902 2215 2956 Neo
2229 2902 2507 2958 -Eboraci
2552 2907 2606 2957 ct
2643 2902 2991 2967 C'incinnatii,

740 2981 1059 3052 sumptibus,
1096 2982 1309 3037 chartis
1345 2986 1401 3037 et
1434 2983 1577 3052 typis
1612 2982 1900 3045 Friderici
1933 2983 2148 3049 Pasiet,
2185 2982 2423 3038 Sanctae
2459 2983 2624 3038 Sedis
2647 2983 2992 3055 Apostolicae

740 3060 1078 3132 typoqraphi.
1121 3062 1291 3115 1876.
1343 3092 1407 3101 —
1463 3061 1560 3119 Ex
1598 3078 1667 3119 eo
1707 3062 1894 3120 etiam
1931 3061 2196 3128 uberior,
2227 3061 2327 3120 nbi
2366 3079 2509 3136 opus
2546 3061 2750 3135 fuerit,
2803 3063 2990 3137 expli-

746 3140 903 3199 catio
943 3141 1261 3213 imaginum
1303 3141 1424 3200 erit
1457 3142 1812 3201 haurienda.

924 3309 1212 3396 Κυριακὴ
1256 3315 1385 3375 τῶν
1428 3310 1655 3394 βαΐων.
2036 3313 2376 3378 Dominica
2421 3315 2492 3378 in
2536 3312 2779 3379 Palmis
2802 3315 2872 3399 ²).

922 3454 1124 3519 Slav.
1178 3453 1459 3545 Nedelja
1502 3457 1680 3545 vaij:
1728 3477 2020 3523 rumen.
2070 3456 2442 3521 Dominec'a'
2467 3457 2787 3544 flavilem.

924 3579 1265 3657 Dominica,
1316 3600 1473 3664 quae
1521 3579 1767 3645 Pascha
1813 3582 2140 3659 antecedit,
2192 3583 2598 3666 agestatione
2620 3583 2990 3669 palmarum

745 3696 969 3742 nomen
1017 3678 1218 3755 traxit,
1269 3678 1434 3762 quod
1481 3677 1585 3743 illo
1630 3678 1730 3743 die
1778 3679 1934 3744 rami
1984 3678 2328 3763 palmarum
2378 3681 2439 3746 in
2487 3681 2990 3765 processionibus

746 3776 1151 3859 deportentur
1198 3776 1257 3841 in
1307 3776 1822 3862 significationem
1875 3776 2138 3853 illorum,
2191 3782 2257 3842 ut
2303 3779 2387 3843 ait
2416 3778 2808 3844 Belethus
2858 3780 2989 3843 Ra·

748 3871 969 3937 tional.
1021 3872 1219 3939 divin.
1269 3873 1435 3960 offic.
1484 3896 1536 3940 c.
1586 3874 1694 3950 94,
1756 3894 1913 3959 quos
1960 3875 2069 3941 filii
2117 3875 2309 3941 Israel
2360 3881 2710 3942 statuerunt
2755 3877 2816 3942 in
2866 3878 2983 3954 via,

745 3991 933 4055 quum
985 3971 1292 4036 Dominus
1340 3971 1841 4056 Hierosolymam
1889 3975 2152 4039 tendens
2199 3974 2387 4039 asello
2435 3975 2694 4040 sedebat
2713 3974 2786 4058 ⁸).

930 4149 968 4215 ι)
1007 4147 1086 4202 Ex
1123 4149 1319 4204 Missali
1365 4150 1521 4204 etiam
1576 4150 1895 4205 transierunt
1945 4151 1994 4205 in
2031 4152 2362 4206 novissimam
2399 4151 2654 4206 Breviarii
2693 4152 2984 4218 editionem,

745 4245 897 4300 quam
934 4228 1068 4282 idem
1105 4227 1379 4298 bibliopola
1416 4229 1679 4298 splendide
1719 4231 1860 4300 typis
1899 4232 2180 4301 impressit.

926 4306 970 4375 ²)
1009 4308 1066 4362 In
1102 4309 1325 4365 vetustis
1363 4309 1505 4364 libris
1555 4309 1811 4380 liturgicis
1862 4312 2020 4366 etiam
2070 4318 2286 4367 vocatur
2337 4313 2494 4367 Dom.
2546 4313 2602 4367 in
2640 4312 2819 4367 ramis
2853 4312 2984 4367 Pal·

745 4404 959 4442 marum
999 4392 1054 4443 et
1091 4388 1249 4443 Doni.
1288 4389 1344 4444 in
1382 4391 1575 4444 ramis.

927 4467 970 4540 ⁸)
1012 4470 1158 4540 Apud
1196 4471 1385 4540 Migne,
1424 4470 1568 4525 Patr.
1606 4471 1639 4527 1.
1679 4476 1718 4526 t.
1759 4473 1879 4537 202,
1921 4489 1969 4542 p.
2009 4474 2094 4528 95.
