3514 5391
858 484 966 540 460
1502 498 1661 554 Festa
1697 504 1906 559 mobilia
1943 513 2062 577 post
2098 509 2458 569 Pentecosten.

867 596 1440 614 ῳψΉῇ-

2274 624 2375 631 ᾖ

2682 633 2859 643 ———-——-.-
2876 635 3095 645 —-———--—-..

1039 771 1374 847 Dominica
1424 785 1877 856 Sanctissimae
1932 796 2295 864 Trinitatis.
2378 845 2379 848 =

1031 919 1235 989 Slav.
1310 927 1592 1018 Nedelja
1651 941 2052 1027 presvjatyja
2106 943 2369 1032 Trojcy3
2445 952 2662 1016 arab.
2734 955 2958 1020 Achad
3016 969 3095 1021 et·

854 1014 1081 1082 tscil’tits
1129 1020 1453 1109 el-aqdas‚·
1501 1049 1653 1113 syr.
1714 1031 2156 1105 Chadb’sabba
2215 1043 2732 1137 dath’ttthajzttkct
2766 1054 3094 1139 qaddtsat.

846 1442 920 1508 In
973 1447 1361 1520 Kalendariis
1428 1459 1710 1529 civilibus
1766 1466 2122 1536 rumenis
2189 1474 2503 1560 signatum
2566 1486 2663 1545 est
2723 1484 3093 1568 Domincc’a

833 1565 1001 1626 prea
1061 1545 1290 1614 Sant'a
1361 1556 1602 1622 Treime
1664 1563 1759 1628 vel
1814 1565 2173 1644 Trinitate,·
2238 1573 2300 1637 in
2346 1574 2833 1663 hungaricis
2900 1583 3090 1648 Szent

849 1640 1549 1743 Hdromsaqvasamzap.
1600 1656 2052 1748 Ἡμερολόγιον
2075 1662 2610 1758 ἑλληνοβλαχικόν
2629 1699 2856 1746 nomen
2876 1684 3087 1749 vertit:

847 1741 1134 1832 Κυριακὴ
1177 1751 1289 1831 τῆς
1338 1747 1522 1833 ἁγίας
1576 1758 1872 1842 Τριὰδος.

1020 1904 1364 1991 Dominics„
1414 1935 1572 1999 quae
1605 1920 2020 1993 Pentecosten
2052 1931 2332 2013 proxime
2360 1939 2778 2022 consequitur,
2830 1941 3087 2007 Festum

841 1999 1290 2073 Sanctissimae
1344 2013 1686 2084 Trinitatis
1748 2023 1951 2091 Latini
2018 2028 2437 2114 celebramuS,
2505 2038 2681 2121 cujus
2740 2041 3087 2106 rationibus

839 2097 1206 2186 indagandis
1252 2109 1508 2179 inservit
1555 2116 1900 2188 Decretalis
1938 2122 2251 2198 Quoniam
2283 2133 2345 2196 2.
2378 2132 2454 2196 X.
2491 2133 2570 2197 de
2603 2134 2816 2201 Feriis
2846 2138 2957 2222 (Π,
2990 2141 3080 2218 9).

839 2195 927 2261 Eo
976 2203 1177 2286 eapite
1227 2227 1369 2274 vero
1416 2213 1774 2283 Alexander
1820 2221 1946 2288 ΡΡ.
1978 2224 2059 2292 ΙΙ.
2094 2227 2142 2308 ¹)
2190 2227 2346 2294 haec
2394 2229 2585 2297 habet
2631 2238 2672 2316 ξ
2720 2236 2796 2299 3:
2847 2237 3081 2314 „Prae-

836 2304 1008 2360 terea
1053 2300 1391 2385 festivitas
1439 2310 1892 2383 Sanctissimae
1965 2322 2308 2391 Trinitatis
2365 2331 2705 2397 secundum
2760 2341 3082 2400 consuetu·

833 2392 1015 2459 dines
1060 2397 1453 2471 diversarum
1498 2414 1822 2496 reqionum
1868 2442 1911 2482 a
1954 2421 2331 2506 quibasdam
2377 2432 2698 2495 consuevit
2724 2433 2795 2496 in
2827 2433 3081 2498 octavis

831 2491 1239 2582 I'entecostes,
1292 2504 1370 2567 ab
1420 2507 1573 2573 aliis
1617 2512 1688 2576 in
1719 2514 2063 2583 Dominica
2101 2523 2321 2607 prima
2368 2536 2515 2590 ante
2563 2528 2903 2594 adventum
2950 2533 3079 2595 Do·

829 2591 988 2655 mini
1031 2593 1355 2667 celebrari.
1435 2606 1723 2674 Ecclesia
1771 2614 2080 2701 siquidem
2131 2620 2423 2686 Romana
2468 2625 2538 2688 in
2565 2647 2685 2690 usu
2713 2629 3077 2721 nonhabet,

827 2690 994 2773 qaod
1036 2694 1106 2759 in
1152 2695 1366 2785 aliquo
1416 2714 1687 2793 tempore
1731 2712 2092 2803 hujusmodi
2136 2718 2400 2785 celebret
2439 2726 2809 2811 specialiter
2820 2729 3076 2815 festivi·

828 2795 1036 2869 tatem,
1085 2816 1270 2878 quum
1314 2801 1585 2887 sinyulis
1631 2808 1852 2876 diebus
1901 2814 2113 2881 Gloria
2164 2817 2329 2883 Patri
2379 2830 2442 2884 et
2490 2822 2649 2889 Filio
2706 2830 2768 2890 et
2816 2826 3073 2913 Spiritui

826 2886 1054 2955 Sancto
1122 2906 1181 2957 et
1239 2909 1489 2966 caetera
1546 2907 1790 2974 similia
1856 2912 2156 2979 dicantur
2216 2918 2306 2982 ad
2368 2917 2621 2985 laudem
2666 2927 3073 3008 pertinentia

836 2984 1242 3060 Tvinitatis.“
1336 2997 1525 3084 Cujus
1577 3005 1921 3076 Decretalis
1969 3014 2157 3080 verba
2218 3022 2284 3081 ut
2331 3018 2575 3102 planius
2624 3021 3067 3108 intelligantur,

823 3080 979 3149 haec
1027 3096 1171 3155 sunt
1217 3113 1291 3159 ex
1340 3101 1553 3168 ordine
1601 3110 1888 3199 notanda.

998 3212 1171 3280 Festi
1220 3218 1670 3294 Sanctissimae
1725 3234 2070 3300 Trinitatis
2129 3232 2527 3308 celebrationi
2586 3245 2875 3328 specialis
2932 3247 3067 3314 dies

823 3310 1175 3395 assignatus
1224 3339 1347 3386 non
1395 3323 1511 3389 fuit
1557 3331 1776 3412 primis
1823 3333 2139 3403 Ecclesiae
2188 3341 2471 3421 saeculis,
2520 3362 2717 3427 usque
2747 3344 2895 3410 dum
2931 3345 3067 3431 pul-
3160 3394 3165 3401 -

1001 3489 1044 3557 ²)
1085 3493 1414 3554 Deci-etalem
1455 3503 1717 3570 Quoniam
1757 3510 1811 3563 2.
1853 3512 1939 3566 X(
1972 3514 2041 3568 de
2077 3512 2267 3571 Feriis
2315 3517 2368 3572 in
2404 3535 2617 3593 corpore
2648 3522 2783 3595 juris
2831 3525 3060 3579 canonici

818 3567 1109 3627 Alexandro
1147 3575 1246 3630 ΡΡ.
1285 3578 1373 3634 ΠΙ.
1428 3580 1678 3642 mendose¹
1716 3591 1903 3659 tribui,
1953 3599 2072 3663 post
2110 3595 2450 3665 Mai-tene,
2508 3600 2596 3654 De
2643 3602 2872 3671 antiqua
2910 3604 3058 3659 Eccl.

815 3647 1023 3720 discipl.
1061 3654 1118 3708 in
1156 3658 1460 3716 celebr-and.
1495 3665 1698 3723 divinis
1739 3672 1891 3742 Offic.
1932 3691 1976 3728 c.
2002 3676 2088 3742 28,
2128 3682 2182 3731 et
2207 3677 2248 3731 Τ
2263 3678 2337 3732 ho
2353 3695 2447 3734 ma
2462 3696 2488 3733 s
2505 3697 2531 3735 s
2546 3681 2562 3737 i
2577 3697 2646 3747 n.‚
2684 3681 2753 3739 de
2778 3685 3058 3753 festorum

814 3730 1089 3795 celebrat„
1125 3737 1211 3792 lib.
1252 3741 1301 3807 2,
1341 3758 1384 3797 c.
1426 3745 1509 3811 18,
1550 3764 1612 3802 ex
1651 3765 1711 3803 eo
1750 3754 1954 3808 conficit
1991 3755 2407 3813 Benedictus
2444 3760 2545 3817 ΡΡ.
2583 3760 2740 3829 XIV„
2790 3762 2860 3817 de
2886 3765 3059 3835 sestis

814 3809 885 3863 D.
927 3813 995 3866 N.
1033 3815 1085 3869 J.
1129 3819 1242 3885 Oh„
1266 3828 1419 3891 part.
1460 3827 1509 3892 I,
1545 3844 1598 3881 n.
1637 3830 1783 3897 521,
1841 3835 1972 3905 quod
2025 3853 2138 3891 eam
2188 3845 2440 3895 memoret
2478 3840 2930 3913 MicrologuS.
2986 3845 3055 3900 de

813 3890 1219 3953 Ecclesiasticis
1254 3903 1459 3960 obserc.
1499 3924 1542 3962 c.
1581 3910 1652 3964 60
1691 3914 1848 3982 (apud
1886 3915 2076 3985 Migne‚
2115 3918 2259 3973 Patr.
2301 3921 2333 3973 l.
2374 3926 2413 3974 t.
2454 3923 2575 3989 151,
2613 3939 2662 3992 p.
2692 3926 2873 3992 1020).
2929 3925 3052 3980 Nul-

811 3970 914 4024 lum
953 3979 1126 4031 autem
1164 3981 1384 4053 dubium,
1424 3989 1543 4056 quin
1581 3990 1893 4063 Micrologus
1930 3997 2120 4052 vixerit
2157 4001 2249 4054 sub
2289 4018 2330 4057 S.
2370 4000 2625 4073 Gregorio
2664 4004 2764 4062 ΡΡ.
2804 4003 2914 4060 VII.
2956 4007 3050 4073 (uti

810 4057 960 4121 patet
995 4072 1058 4111 ex
1097 4076 1139 4113 c.
1182 4063 1248 4116 14
1287 4080 1368 4135 op.
1407 4067 1547 4135 cit),
1599 4072 1684 4141 qui
1736 4081 1943 4130 creatus
1994 4082 2078 4132 est
2114 4079 2352 4134 Pontifex
2404 4099 2488 4136 sn.
2530 4085 2686 4139 1073.
2760 4086 3050 4142 Alexander

809 4132 910 4187 ΡΡ.
949 4134 1036 4189 III.
1077 4155 1202 4210 ergo
1239 4160 1391 4213 quum
1430 4147 1791 4207 Pontificatum
1829 4155 1900 4209 sit
1935 4157 2153 4228 adeptus
2191 4176 2323 4214 anno
2364 4163 2520 4229 1159,
2561 4164 2671 4232 ejus
2711 4166 2844 4234 legis
2868 4174 3047 4223 auctor

810 4230 924 4269 osse
971 4233 1069 4271 non
1107 4228 1298 4290 potest.
1373 4228 1669 4285 Alexander
1719 4234 1909 4303 igitur,
1967 4241 2111 4308 cujus
2162 4242 2393 4309 meminit
2442 4243 2862 4323 Micrologus
2912 4249 2943 4302 l.
2983 4266 3043 4311 c.,

809 4297 919 4365 ejus
955 4301 1173 4355 nominis
1211 4308 1493 4363 Secundus
1531 4327 1645 4365 esse
1683 4313 1852 4381 debet,
1904 4319 1989 4387 qui
2027 4321 2091 4373 ad
2128 4320 2451 4385 Pontiflciam
2489 4324 2797 4394 dignitatem
2836 4335 3043 4384 evectus

807 4376 1001 4510 leggur
1035 4396 1129 4515 agg
1159 4386 1314 4440 1061.
1389 4388 1494 4443 Cfr.
1535 4390 1725 4447 Bened.
1771 4394 1870 4450 ΡΡ.
1908 4396 2044 4453 XIV.
2086 4400 2118 4454 Ι.
2157 4417 2201 4456 c.
2276 4400 2746 4465 Edition.Bruxell.
2785 4425 2868 4465 an.
2892 4410 3038 4481 1866,

807 4462 845 4511 t.
923 4497 935 4525 ‚
972 4473 1022 4527 p.
1135 4503 1147 4517 .
