3514 5391
1118 553 1294 605 Annus
1331 552 1513 605 eccles.
1554 552 1942 605 Chaldaeorum.

504 838 756 906 Annus
805 839 1338 906 ecclesiasticus
1388 838 1972 921 syro-chaldaeus
2006 838 2407 909 Catholicor

592 1001 1105 1066 Nestorianorun]
1157 1007 1218 1065 et
1266 1000 1715 1066 Chaldaeorum
1768 1021 1964 1066 annus
1998 1001 2407 1067 ecclesiastice

411 1104 667 1185 putatur
699 1099 774 1164 ab
805 1101 1055 1165 ineunte
1083 1100 1416 1165 Decembri
1451 1101 1523 1164 ad
1557 1104 1882 1164 exeuntem
1905 1099 1966 1163 N
1972 1100 2349 1165 ovembrem.
2398 1155 2407 1162 .

410 1198 589 1262 ducit
617 1223 659 1261 a
688 1199 1027 1262 Dominica
1065 1201 1280 1284 prima
1308 1197 1838 1261 Annuntiationis
1855 1198 1920 1280 ¹),
1971 1218 2153 1281 quan]
2205 1198 2358 1263 aliae
2389 1203 2407 1263 t

410 1299 651 1381 cipiunt
698 1297 1102 1362 Nativitatem
1153 1297 1403 1361 Domini
1451 1298 1910 1381 praecedentes,

594 1444 650 1504 A
699 1440 1027 1504 Dominica
1056 1439 1458 1505 Pentecostes
1507 1444 1916 1505 numerantur
1944 1462 2057 1503 seae
2083 1441 2407 1504 Dominico

408 1538 749 1617 stolorum,
813 1559 967 1622 quas
1030 1539 1254 1623 excipit
1302 1539 1576 1602 omnium
1625 1538 2074 1625 Apostolorum
2120 1537 2407 1603 solemnit

408 1638 756 1701 Dominica
806 1636 1091 1701 Aestatis
1126 1638 1363 1723 prima.

594 1779 1047 1847 Continuantur
1090 1782 1467 1845 Dominicae
1516 1782 1784 1845 aestatis
1830 1782 1917 1846 ad
1964 1782 2293 1865 septimam
2337 1801 2407 1846 us

595 1923 957 2008 Sequuntur
1003 1934 1234 2011 septe-m
1279 1924 1910 2019 DominicaeeE'liae,
1972 1925 2080 1988 sed
2130 1926 2232 2002 ita,
2297 1930 2364 1990 ut

408 2023 635 2088 Crucis
683 2023 1094 2101 solemnitate,
1155 2023 1336 2088 simul
1387 2022 1777 2108 appellentur
1824 2023 2199 2087 Dominicae
2246 2024 2407 2088 Invea

591 2167 951 2232 Procedunt
998 2169 1072 2231 ad
1121 2169 1495 2231 Dominicas
1546 2167 1790 2253 Moysis
1837 2166 2018 2230 duas.

593 2310 814 2376 Finem
862 2310 1099 2376 faciunt
1147 2311 1520 2375 Dominicae
1568 2309 1997 2373 dedicationis
2028 2321 2314 2395 quatuor,
2339 2323 2399 2374 'e

411 2411 620 2494 prima
679 2430 752 2474 ea
792 2414 936 2487 est,
1005 2429 1162 2493 quac
1225 2411 1507 2495 proxima
1560 2409 1729 2491 jacet
1776 2408 2045 2476 Kalend.
2096 2409 2407 2473 Novembl

413 2509 807 2593 spondetque
857 2509 1090 2591 primae
1140 2508 1502 2573 Dominicae
1551 2508 1692 2571 anni
1741 2507 1961 2571 eccles,
1996 2506 2294 2590 Syrorum
2343 2527 2407 2590 pt

599 2706 831 2771 Omnes
880 2706 1070 2782 feriae
1119 2715 1326 2771 sextae
1379 2706 1487 2789 per
1518 2726 1748 2770 annum
1796 2707 2072 2789 insignes
2116 2710 2259 2769 sunt
2292 2707 2407 2768 San

417 2805 755 2882 memoriiS,
807 2805 1330 2889 quemadmodum
1360 2806 1490 2889 jam
1525 2825 1711 2889 supra
1743 2808 1839 2868 est
1868 2803 2369 2888 adsignificatum

419 2902 783 2968 Generatim
849 2923 994 2967 vero
1058 2903 1256 2968 notari
1311 2903 1538 2981 debet,
1622 2923 1853 2967 annum
1919 2901 2407 2966 ecclesiasticum

419 3000 874 3066 Chaldaeorum
942 3001 1154 3084 paucis
1216 3001 1436 3066 diebus
1513 3002 1706 3065 sacris
1771 3019 1908 3064 esse
1975 3000 2407 3084 conspicuum,

420 3098 865 3163 Kalendarium
917 3100 1203 3176 ostendit,
1272 3101 1436 3182 quod
1500 3121 1574 3164 ex
1632 3100 1807 3164 libris
1869 3098 2171 3184 liturgicis
2234 3096 2407 3161 Roma

418 3196 585 3282 gatis
634 3202 879 3260 erutum
927 3198 1028 3263 hic
1076 3198 1372 3265 sistimus,

581 3462 770 3531 Ordo
817 3463 1174 3532 festorum
1223 3466 1584 3532 Ecclesiae
1635 3467 1920 3533 sanctae
1970 3465 2407 3532 Chaldaeoru

813 3625 1103 3690 Kanun
1152 3627 1368 3710 qdem
1422 3647 1530 3692 seu
1581 3628 1801 3712 prior
1848 3627 2275 3711 (December).

473 3769 535 3833 4.
587 3769 649 3832 S.
700 3769 1032 3834 Barbarae.

477 3866 536 3930 6.
587 3866 649 3932 S.
698 3865 959 3933 Nicolai.

479 3965 536 4028 8.
589 3964 1023 4050 Conceptionis
1072 3967 1374 4031 Dominae
1424 3967 1659 4032 Mariae
1707 3967 2160 4032 immaculatae.

436 4061 537 4127 25.
588 4062 895 4128 Nativitas
943 4064 1199 4129 Domini
1248 4065 1461 4129 Nostri
1511 4066 1572 4129 ln
1623 4087 1826 4130 carne.

437 4161 540 4225 27.
593 4160 813 4226 Caedis
860 4162 1207 4228 infantium.

622 4335 662 4405 ¹)
698 4338 995 4394 Dominicae
1032 4342 1188 4395 etiam
1224 4358 1318 4410 per
1356 4342 1575 4395 Im‘tt'um
1621 4343 1807 4413 Officii
1829 4343 2010 4396 eccles.
2052 4342 2311 4410 designari
2337 4344 2407 4395 sol

441 4419 500 4471 de
526 4435 582 4471 re
619 4418 782 4473 videri
805 4420 997 4488 poterit
1016 4421 1096 4474 Be
1114 4422 1144 4474 d
1152 4422 1261 4490 jan
1300 4423 1350 4474 in
1375 4422 1635 4475 Breviar.
1673 4422 2070 4476 Chaldaeorum
2110 4423 2246 4475 edito
2276 4422 2407 4475 Paris

441 4504 479 4552 t.
516 4500 568 4570 2,
607 4516 654 4570 p.
693 4500 823 4566 272;
863 4506 901 4555 t.
941 4504 991 4567 3,
1029 4502 1151 4572 305,
1189 4502 1312 4568 408,
1350 4503 1472 4568 418,
1511 4503 1631 4558 alibi
1669 4504 1878 4573 passim.

2553 553 2653 606 681
