3514 5391
846 484 952 539 636
1471 484 1649 537 Annus
1687 483 2067 539 ecclesiasticus
2105 485 2460 540 Armenorum.

1583 681 1854 750 Proprium
1893 682 2352 737 schismaticorum.

855 861 992 926 Die
1041 862 1145 926 30.
1197 864 1253 928 D
1273 883 1353 929 ec
1373 863 1564 927 emb.
1642 862 2014 948 Hisckadciq
2043 869 2297 953 serpojn
2332 865 2598 928 Krikori
2634 864 3015 953 Njuscioza
3046 896 3110 904 -

1029 961 1550 1034 Commemoratio
1600 992 1646 1035 s,
1701 970 1987 1054 Gregorii
2035 965 2429 1033 Nazianzeni.

857 1068 998 1134 Die
1064 1072 1169 1135 31.
1225 1074 1588 1141 Decemb.
1690 1077 2060 1162 Hischadciq
2125 1076 2388 1160 serpujn
2434 1068 2967 1159 Szy'eclzpestrosi.
3046 1100 3104 1110 -

1036 1169 1556 1240 Commemoratio
1606 1196 1653 1240 s.
1706 1175 2004 1241 Silvestri.

1337 1362 1445 1417 ΙΙΙ.
1497 1362 1891 1434 Proprium
1941 1359 2615 1418 schismaticorum.

1531 1480 1966 1545 Monstrum
2019 1466 2425 1543 lectionis

1037 1618 1292 1684 Armeni
1343 1623 1721 1688 schismatici
1772 1624 1835 1688 in
1883 1620 2505 1706 Austro-Hungaria
2567 1620 2864 1703 degentes
2926 1604 3089 1673 festis

859 1715 1126 1796 propriis
1189 1725 1419 1784 carent.
1515 1722 1683 1805 Quae
1751 1742 1894 1786 vero
1958 1741 2031 1785 ex
2081 1719 2516 1785 communibus
2572 1716 2890 1781 solemniis
2955 1701 3089 1769 cele-

858 1810 1074 1891 brant,
1138 1816 1410 1883 indicata
1470 1819 1780 1885 habentur
1840 1820 1900 1885 in
1949 1819 2159 1883 mixtis
2218 1817 2340 1882 illis
2387 1813 2882 1909 HemerologiiS,
2959 1818 3094 1910 (1¹13ss

860 1913 1161 1993 superiori
1211 1920 1376 1982 tomo
1427 1919 1750 1984 citavimus
1800 1940 1857 2003 p.
1910 1919 2059 1983 374.
2148 1917 2241 1981 Ex
2288 1917 2362 1981 iis
2410 1914 2771 2000 speciminis
2821 1922 2986 1993 ergo
3010 1899 3095 1963 11¹0

861 2008 1145 2075 adscribo
1191 2001 1511 2099 festorum
1569 2016 1840 2081 indicem
1906 2016 2268 2081 Kalendarii
2334 2014 2577 2079 rumeni
2639 2002 2808 2097 typis
2876 2005 3100 2072 Cerno-

861 2106 1235 2175 viciensibus
1282 2115 1448 2191 editi,
1500 2135 1620 2198 quo
1669 2116 1851 2180 simul
1903 2118 2214 2199 appareat,
2266 2133 2453 2197 quam
2502 2113 2682 2177 foede
2712 2111 2992 2175 nomina
3033 2114 3102 2160 81·-

865 2225 1048 2270 mena
1105 2209 1167 2273 in
1229 2210 1347 2276 illis
1403 2214 1682 2296 partibus
1740 2214 1865 2277 sint
1911 2213 2259 2278 deformata
2326 2232 2398 2276 ac
2446 2232 2631 2295 saepe
2679 2211 2873 2275 etiam
2948 2213 3109 2280 Supra

864 2324 1112 2370 omnem
1161 2309 1455 2393 ineptiam
1506 2315 1815 2395 corrupta.
1890 2310 2343 2376 Kalendarium
2387 2310 2787 2374 immutatum
2819 2298 3105 2373 exhibeo.

865 2403 1010 2485 quia
1057 2405 1361 2487 ejusmodi
1409 2428 1650 2475 errores
1688 2410 2003 2494 joculares
2050 2430 2173 2473 non
2223 2409 2355 2473 sine
2401 2408 2684 2472 utilitatis
2732 2428 2805 2472 ac
2833 2400 3108 2470 delecta-

864 2502 1046 2567 tionis
1093 2505 1297 2571 fructu
1347 2529 1383 2571 a
1429 2509 1720 2573 studiosis
1769 2509 1919 2592 ipsis
1968 2507 2283 2572 observari
2330 2507 2678 2592 corrigique
2725 2504 2968 2568 solent.

867 2895 1398 2972 calendariul
1432 2901 1918 2974 Armenilor
1947 2899 2338 2974 orientali
2372 2900 2594 2990 dupa
2635 2898 2761 2969 cel
2794 2887 3082 2987 Julian.

870 3060 1013 3122 Nor
1059 3061 1227 3142 dari,
1275 3085 1469 3130 novus
1517 3086 1732 3130 annus.

877 3155 1273 3242 Geracaluiz,
1321 3162 1548 3247 vigilia
1597 3163 2061 3247 (Epiphaniae).
2977 3244 2988 3254 ·
3049 3238 3059 3248 ‚

879 3255 1132 3322 Genunt
1177 3261 1668 3345 Meqkerdutimz
1705 3260 1994 3340 Cristosi,
2043 3261 2353 3326 Nativitas
2382 3263 2444 3323 et
2465 3259 2825 3343 Baptismus
2855 3245 3079 3318 Christi.

874 3355 1174 3421 Ameneia
1223 3360 1515 3439 Hoc-otiu,
1566 3362 1842 3426 omnium
1893 3361 2369 3425 defunctorum..

871 3454 1022 3518 Don
1069 3480 1280 3521 avana
1335 3456 1621 3539 Cristosi,
1671 3460 1902 3524 festum
1948 3459 2238 3524 Nominis
2288 3455 2537 3522 Christi.

881 3553 1127 3626 Olzanes
1175 3557 1582 3640 Meqherdici,
1633 3557 1891 3622 Joannis
1939 3557 2276 3641 Baptistae.

876 3649 1043 3737 Surp
1092 3653 1324 3735 Aulon,
1375 3658 1570 3720 sancti
1619 3656 1892 3721 Antonii.

875 3748 1045 3836 Surp
1093 3751 1368 3830 Sarabis,
1419 3756 1616 3818 sancti
1666 3755 1867 3839 Sergii
1892 3753 1954 3837 ¹).

883 3850 1396 3938 Djarnentaraci,
1446 3853 1804 3917 Purificatio
1853 3853 1922 3916 B.
1976 3851 2062 3918 M.
2120 3851 2188 3917 V.

1060 4105 1101 4170 ¹)
1142 4105 1311 4159 Paene
1351 4106 1722 4175 praeterieram
1759 4104 2049 4168 admonere,
2100 4103 2233 4156 hunc
2270 4100 2508 4169 Sergium
2546 4097 2797 4164 (Sarkis),
2846 4100 2984 4165 quem
3014 4090 3080 4130 ⁵¹¹·

881 4186 1051 4254 pel-ius
1092 4187 1161 4255 (p.
1202 4188 1328 4254 57⁶2)
1381 4187 1537 4240 alium
1573 4186 1637 4240 ab
1677 4186 1765 4239 ino
1803 4183 1984 4252 Sergio
2022 4183 2256 4248 diximus,
2307 4182 2393 4252 qui
2432 4179 2577 4233 simul
2620 4195 2733 4234 cum
2772 4172 2955 4231 Baccho
2994 4171 3069 4231 ΡΝ

881 4266 1073 4318 Christi
1113 4266 1208 4319 fide
1249 4267 1471 4321 certavit
1511 4267 1572 4334 (t.
1614 4269 1662 4331 1,
1700 4282 1749 4335 p.
1790 4265 1938 4331 298),
1976 4262 2348 4332 Martyrologio
2385 4261 2614 4314 Romano
2652 4259 2849 4313 illatum
2882 4262 2980 4307 esse
3017 4233 3067 4291 ”d

881 4350 928 4398 (Ι.
968 4347 1054 4399 24.
1093 4346 1244 4400 Febr.
1321 4348 1504 4401 Utrum
1539 4364 1665 4401 vero
1704 4346 1837 4398 idem
1875 4345 1959 4406 sit,
2012 4345 2097 4414 qui
2134 4344 2186 4396 in
2225 4343 2451 4396 Menaeis
2489 4341 2553 4394 ad
2591 4341 2638 4394 d.
2680 4340 2729 4393 2.
2769 4339 2959 4392 Januar·
3002 4332 3068 4373 ‘a‘

882 4427 989 4484 dite
1015 4428 1219 4500 plexus
1256 4430 1443 4486 dicitur
1481 4430 1640 4482 vitam
1679 4426 1921 4492 finivisse,
1960 4441 2059 4477 non
2098 4423 2259 4480 audeo
2297 4424 2574 4479 affirmare.
