3514 5391
866 486 973 541 414
1601 483 1763 539 Festa
1799 485 2009 540 mobilia
2044 489 2164 555 post
2184 485 2417 544 Pascha.

868 684 1173 761 Duhova5
1235 684 1299 749 in
1360 680 1753 748 Kalendariis
1818 683 2225 748 russiacis
2288 685 2483 749 immo
2537 684 2903 768 simpliciter
2947 684 3109 749 Dore.

868 807 954 849 ευ.
1005 782 1230 846 Ducha
1276 782 1578 867 signatur.
1653 779 1814 845 Aliis
1852 781 2206 846 nationibus
2250 786 2508 847 vocatur
2536 783 2725 869 feria
2753 781 2840 848 II.
2890 783 3111 846 Pente-

868 891 1083 959 costes,
1132 879 1512 944 Slovenis
1547 877 1819 968 Ροπᾱοζφ
1841 878 2198 961 Βίπῖεοὲιπί,
2249 882 2777 964 quemadmodum
2826 885 2889 946 et
2917 881 2982 946 H
2996 901 3111 946 un

868 980 1089 1067 garis
1151 979 1375 1044 dicitur
1423 976 1721 1041 Pnnkb'sd
1763 976 1955 1063 hetfh‘.
2048 978 2336 1045 Poloni
2394 978 2611 1046 feriam
2661 1002 2723 1046 a·
2742 981 2842 1045 die
2890 979 3114 1064 prinei-

869 1077 988 1161 pali
1038 1081 1400 1159 nuncupant
1451 1077 1740 1143 Poniedz.
1793 1077 2126 1163 Zielonych
2173 1060 2390 1163 Sudqt.
2670 1095 2678 1104 ²

1046 1308 1140 1374 ‘H
1180 1303 1329 1393 ἁγία
1375 1307 1807 1397 Πεντηκοστὴ.
1857 1349 1943 1356 -
1910 1304 2213 1395 Ἀργιά
2257 1307 2613 1398 τριήμερος.
2660 1349 2739 1357 -
2800 1307 3121 1393 Ἓβδομάς

868 1408 1187 1496 λελυμένη.
1238 1447 1322 1455 -
1366 1399 1560 1488 Ηχος
1604 1406 1822 1493 βαρύς.

1046 1536 1281 1601 Priscis
1328 1534 1646 1599 Ecclesiae
1695 1534 2081 1618 temporibus
2128 1534 2387 1600 dubium
2436 1556 2559 1600 non
2607 1541 2734 1615 est,
2803 1534 3118 1600 solemnes

870 1637 1004 1702 dies
1049 1633 1292 1700 Natalis
1354 1638 1416 1698 et
1463 1632 1789 1699 Paschatis
1856 1637 1918 1698 et
1962 1632 2368 1699 Pentecostes
2417 1633 2761 1719 singulares
2809 1633 3009 1699 fuisse
3033 1634 3083 1716 ¹)
3103 1656 3131 1706 :-

871 1736 981 1800 sed
1029 1753 1135 1799 eos
1181 1752 1307 1798 non
1351 1731 1440 1796 ita
1485 1731 1680 1797 multo
1728 1736 1870 1816 post
1906 1735 2117 1797 auctos
2148 1732 2410 1797 historia
2440 1733 2643 1799 docet.
2711 1733 3120 1798 Pentecostes

872 1832 1291 1898 celebritatem
1341 1830 1706 1895 nominatim
1756 1831 2060 1895 maturius
2120 1831 2180 1894 in
2234 1836 2475 1916 septem
2520 1831 2653 1896 dies
2710 1832 3117 1909 succrevisse,

873 1941 1013 2016 post
1060 1930 1210 1995 alios
1240 1933 1501 1994 testatur
1531 1928 1965 1997 Honorius
1976 1930 2799 2014 AugustodunensiS,
2856 1928 3120 1995 Gemma

872 2032 1143 2108 animae,
1190 2027 1319 2092 sive
1366 2026 1444 2092 dc
1490 2026 1728 2091 divinis
1776 2017 2044 2113 officiis,
2074 2025 2115 2090 l.
2164 2027 2225 2104 3,
2276 2046 2365 2093 cc,
2424 2027 2547 2091 147
2597 2032 2659 2093 et
2686 2026 2913 2111 149¹).
2995 2027 3119 2091 Ve-

874 2149 1012 2195 rum
1057 2127 1460 2194 festivitatem
1504 2126 1753 2211 proprie
1783 2126 2011 2191 dictam
2059 2146 2225 2191 nunc
2254 2126 2453 2191 ferme
2482 2127 2560 2190 ad
2587 2130 2714 2191 tres
2738 2126 2872 2235 dies
2899 2120 3120 2211 (ἀργία

870 2223 1233 2314 τριήμερος)
1280 2225 1598 2290 redactam
1643 2224 2012 2289 invenimus.

1050 2331 1524 2397 Hebdomadcm
1587 2339 1846 2394 sanctae
1911 2331 2302 2395 Pentecostes
2373 2332 2437 2396 in
2507 2330 2771 2396 ecclesia
2835 2330 3121 2396 orientali

873 2449 1120 2518 quoque
1167 2429 1517 2515 praecipuis
1563 2429 1704 2492 anni
1751 2423 2162 2492 hebdomadis
2208 2426 2403 2493 fuisse
2451 2421 2845 2506 accensitam‚
2906 2433 3121 2513 aperte

874 2531 1147 2597 declarat
1211 2528 1482 2593 Robrica
1546 2526 2027 2592 Pentecostarii;
2107 2523 2353 2590 Ἰστέον
2419 2523 2521 2607 δέ,
2589 2523 2689 2591 ὅτι
2749 2524 2915 2591 καθ’
2971 2523 3123 2613 ὅλην

870 2628 1107 2718 ταῦτην
1160 2626 1273 2712 τὴν
1320 2621 1655 2709 ἑβδομάδα
1720 2627 1828 2711 τῆς
1877 2615 2060 2737 ἄγξας
2106 2627 2553 2713 Πεντηκοστῇς
2612 2617 2855 2706 γίνεται
2918 2623 3120 2687 κατά-

870 2727 1051 2806 amns*
1094 2723 1187 2804 εἷς
1231 2723 1484 2790 πάντας
1528 2743 1687 2809 quae
1735 2723 1927 2789 verba
1969 2725 2035 2788 in
2067 2720 2335 2797 editione
2360 2719 2642 2799 Romana
2668 2723 3117 2789 accuratiorem

875 2830 1036 2895 hanc
1081 2824 1651 2908 interpretationem
1700 2818 1937 2887 habent
1986 2843 2093 2907 pro
2142 2821 2496 2888 monachis:
2560 2818 2826 2885 Ἰστέον
2843 2818 2955 2901 δέ,
3019 2818 3121 2885 ὅτι

873 2926 911 3016 ἡ
956 2921 1238 3008 ἑβδομὰς
1285 2919 1444 3010 αὕτη
1499 2923 1615 3008 τῆς
1659 2915 1844 3002 ἁγίας
1890 2920 2338 3007 nmquam&
2375 2912 2700 3006 λελυμένη
2758 2916 2937 2982 ἐστὶν
2986 2916 3123 2982 ἀπὸ

872 3027 1090 3108 τυροῦ,
1158 3016 1416 3101 &Si-,og
1487 3012 1670 3081 σι’νου
1729 3015 1840 3081 καὶ
1900 3011 2139 3084 Halm
2248 3018 2682 3084 Saecularibus
2748 3038 2875 3102 per
2923 3020 3116 3082 totam

872 3122 1331 3189 hebdomadam
1379 3136 1596 3184 carnes
1644 3118 1972 3182 comedere
2018 3116 2182 3193 licet,
2233 3118 2758 3200 quemadmodum
2796 3116 2985 3180 etiam
3020 3135 3123 3180 ex-

875 3240 1088 3307 presse
1157 3222 1411 3284 annotat
1481 3215 2061 3280 Kalendarium
2126 3203 2799 3298 Leopolitanumz'
2877 3213 2940 3277 V
2994 3215 3123 3302 ⁸2:73⁶

877 3318 1168 3385 Sedmicu
1211 3313 1539 3381 razo-ebeno
1587 3337 1623 3377 v
1671 3310 1913 3385 Sei-edu
1957 3314 1985 3375 i
2032 3312 2262 3402 Iffy'atok
2305 3308 2415 3376 na'
2440 3317 2662 3402 mjaw.

1047 3418 1255 3505 Ἢχος
1296 3419 1512 3505 βαρύς.
1569 3421 1782 3501 Tonas
1826 3420 2043 3503 gravis
2088 3420 2231 3495 sive,
2266 3420 2571 3503 septimus
2619 3418 2801 3484 simul
2851 3438 2922 3482 ac
2965 3418 3122 3483 alter

876 3524 987 3589 πλ.
1037 3522 1116 3588 δ’.
1180 3520 1365 3607 obliq.
1413 3520 1629 3606 quarti
1688 3520 1816 3584 sive
1864 3518 2121 3584 ultimus
2146 3517 2200 3602 ⁸)
2261 3538 2419 3602 pene
2467 3522 2667 3584 totum
2712 3516 3119 3583 Pentecostes

877 3623 1171 3690 Officium
1215 3619 1464 3732 implet3
1513 3618 1612 3683 cui
1655 3622 1992 3682 concentus
2019 3617 2307 3702 gravitati
2338 3617 2438 3682 die
2467 3617 2776 3683 dominico
2806 3615 3120 3681 solemnes

877 3722 1063 3789 veluti
1109 3720 1370 3784 naeniae
1417 3718 1477 3781 in
1509 3708 1872 3800 ἀκολουθίᾳ
1911 3718 2024 3801 τῆς
2049 3707 2454 3796 γονυκλισίας
2498 3715 2819 3791 accedunt,
2868 3714 3121 3779 eadem-

878 3841 999 3905 que
1045 3818 1311 3884 melodia
1357 3836 1469 3903 per
1512 3820 1704 3880 totam
1747 3813 2207 3878 hebdomadem
2238 3813 2482 3878 insonat
2511 3814 2587 3879 ad
2622 3812 3117 3899 praeparandum

878 3928 939 3986 et
985 3916 1406 3983 inchoandum
1442 3913 1769 3997 jejunium,
1820 3913 1981 4023 quod
2015 3896 2243 3976 sanctis
2278 3910 2595 3995 Apostolis
2620 3910 2805 3975 Petro
2839 3914 2899 3975 et
2923 3909 3118 3975 Paulo

877 4020 1290 4083 consecratur.

1061 4284 1102 4354 ¹)
1144 4286 1250 4340 Cfr.
1289 4282 1600 4339 Morcelli
1639 4268 1946 4338 Kalendar.
1987 4281 2118 4349 GP„
2155 4287 2193 4335 t.
2235 4284 2283 4347 1,
2322 4296 2372 4350 p.
2410 4279 2533 4334 285.

1060 4366 1104 4432 ²)
1144 4366 1291 4435 Apud
1329 4364 1517 4434 Migne,
1558 4363 1700 4419 Patr.
1739 4365 1772 4417 l.
1812 4370 1852 4417 t.
1893 4363 2013 4431 172,
2052 4378 2100 4432 p.
2140 4362 2263 4417 684.

1059 4446 1104 4513 ²⁸)
1145 4445 1340 4516 Repete
1378 4462 1508 4515 quae
1547 4444 1608 4497 de
1647 4444 1785 4497 tonis
1822 4442 1961 4496 dicta
1999 4445 2120 4495 sunt
2156 4458 2206 4512 p.
2245 4441 2368 4497 292.
