3514 5391
767 518 1024 586 Κυριακιὶ
1065 523 1154 584 τῆς
1189 520 1811 590 σταυροπροςκυνήσεως.
1870 523 2137 576 Dominica
2174 522 2266 577 111.
2294 523 2553 591 Quadrag.
2688 527 2790 580 135

1033 632 1130 637 jv-—⁴
1185 632 1202 636 -
1229 632 1454 639 -——.—
1501 634 1530 639 -
1591 635 1648 638 —

554 714 608 777 ἐν
641 718 732 798 τῷ
781 710 958 799 θείῳ
1007 735 1126 780 σου
1164 713 1272 780 καὶ
1299 715 1612 804 ζωηφόρῳ

556 816 783 897 σταυρῷ
803 864 819 892 ,
886 808 962 890 ὃς
1019 818 1128 878 νῦν
1174 813 1614 901 ἀνυψούμενος

553 908 746 996 φλέγε-ι
781 910 1121 998 φάλαγγας
1137 911 1476 997 δαιμόνων,
1505 913 1607 979 καὶ

547 1007 752 1093 τρέπει
783 1008 897 1074 καὶ
919 1008 1268 1096 βαρβάρων
1304 1011 1476 1098 ([ῦλα
1505 1011 1608 1077 καὶ

541 1107 920 1193 φρυάγματα
942 1111 1014 1194 ¹).

1720 720 1869 784 xisti·
1924 741 2265 805 omnesque
2313 722 2517 786 divina
2566 728 2667 786 tua
2731 729 2790 786 et

1721 818 1960 884 vivifica
2007 840 2191 885 cruce
2238 820 2397 885 vitae
2446 822 2787 897 restituisti,

1719 936 1877 1001 quae
1894 939 2059 983 nunc
2081 919 2348 985 exaltata
2368 920 2492 984 urit
2513 925 2789 985 catervas

1719 1016 2113 1095 daemonum,
2165 1022 2227 1083 et
2273 1016 2532 1102 dissipat
2566 1018 2786 1083 barba-

1719 1134 1931 1179 rorum
1960 1116 2242 1181 nationes
2282 1123 2343 1182 et
2371 1116 2783 1182 insolentiam.

713 1234 816 1292 Ad
855 1244 1238 1309 praesentem
1297 1237 1448 1295 hunc
1501 1238 1656 1295 diem
1708 1237 2123 1309 μεσονήστιμον
2171 1241 2502 1314 respiciens
2548 1240 2787 1298 'Pheo-

537 1315 772 1387 phane
791 1334 846 1381 s,
889 1314 1414 1376 Tauromeuieusis
1443 1319 1719 1384 antistes,
1748 1319 2030 1378 homiliae
2058 1321 2446 1393 praecedenti
2472 1320 2789 1379 Dominica

535 1396 963 1469 pronuntiatae
1002 1400 1129 1457 tale
1167 1398 1315 1458 fecit
1354 1400 1655 1459 exordium
1676 1399 1756 1470 ²):

641 1500 765 1549 Νῦν
805 1495 944 1565 ἡμῖν
984 1496 1014 1547 ὁ
1043 1501 1132 1563 τῆς
1157 1498 1466 1568 ἐγκρατείας
1490 1517 1608 1551 και-

537 1576 626 1644 ρός
660 1578 917 1648 ἔφθασεν
956 1581 1033 1636 εἰς
1072 1577 1204 1632 αὐτὸ
1244 1579 1304 1631 τὸ
1341 1584 1609 1648 μεσαίτα-

533 1676 646 1721 τον,
696 1661 785 1709 καὶ
827 1658 928 1724 τήν
967 1658 1220 1724 σπουδὴν
1257 1664 1346 1726 τῆς
1380 1660 1610 1731 ἁμίλλης

535 1740 755 1791 ἄνωθεν
795 1739 932 1809 ἡμῖν
970 1738 1339 1794 ἐπιτείνουσιν
1364 1742 1607 1810 ἄγγελοι,

535 1822 618 1870 καὶ
652 1821 896 1890 Χριστός
921 1820 1294 1889 ἀγωνοθετῶν
1329 1823 1608 1874 ἐπισκοπεῖ

535 1905 633 1953 τοῦ
669 1899 888 1970 δρόμου
929 1902 1029 1954 τόν
1066 1902 1312 1965 δίαυλον,
1349 1905 1440 1955 καὶ
1473 1922 1607 1971 προ-

535 1987 698 2034 τείνει
738 1982 805 2034 us?
839 1989 1015 2053 στέφη
1043 1988 1156 2042 τοῖς
1179 1983 1458 2050 ἀθληταῖς,
1497 1983 1608 2052 οὐχ

534 2061 740 2131 ὁμοίως
793 2068 905 2122 τοῖς
946 2063 1373 2134 ἀγωνιζομένοις
1424 2068 1500 2123 εἰς
1543 2065 1605 2116 ui

536 2142 817 2211 Ὀλύμπια.
892 2143 1100 2198 Ἐκεῖσε
1139 2145 1262 2214 γάρ,
1302 2145 1381 2199 ἑνὶ
1419 2149 1494 2212 τῷ
1533 2165 1606 2197 νι·

534 2221 755 2288 κῆσαντι
811 2224 997 2294 μόνον
1048 2223 1264 2277 δίδοται
1319 2230 1411 2292 τῆς
1461 2229 1608 2291 νίκης

535 2301 564 2353 ὁ
600 2308 901 2375 στέφανος,
953 2306 1199 2358 ἐνταῦθα
1245 2310 1416 2360 πᾶσιν
1452 2306 1605 2360 ἅντι-

534 2389 810 2454 μετρεῖται
862 2386 1001 2438 κατά
1056 2386 1118 2438 τό
1179 2387 1318 2447 εἰκός
1365 2386 1396 2452 ἦ
1450 2387 1606 2440 ἀντί-

538 2465 698 2526 δοσις.
768 2467 986 2526 Πάντες
1024 2466 1126 2521 οὖν
1152 2473 1476 2539 στεφανῖται
1513 2488 1605 2537 γε-

545 2546 779 2616 νώμεθα·
793 2547 997 2607 πάντες
1009 2547 1276 2619 νικήσωμε
1287 2568 1316 2601 ν
1327 2553 1425 2616 τῆν
1440 2548 1607 2615 καλὴν

547 2632 684 2692 νίκην
701 2631 796 2680 καὶ
813 2628 1223 2701 ἀνεπίφθονον*
1241 2629 1271 2681 ὁ
1289 2629 1395 2700 μὲν
1416 2631 1604 2701 ἐγκρα-

551 2711 645 2777 τείᾳ
682 2712 1047 2783 faturque-9
1093 2709 1461 2782 ὒπερβαλλέτω
1513 2711 1607 2765 τόν

543 2787 744 2860 ἕτερον,
802 2792 973 2864 λεπτῇ
1023 2791 1205 2864 διαίτῃ
1254 2797 1606 2861 καταπνίγων

540 2871 628 2922 τὸν
661 2872 835 2940 ὄγκον
873 2876 974 2926 τοῦ
1003 2871 1269 2942 σώματος·
1307 2872 1337 2925 o‘
1363 2873 1422 2924 δὲ
1448 2877 1606 2940 νικᾷν

539 2950 831 3019 ἐπειγέσθω
875 2957 953 3020 τῷ
988 2951 1257 3023 ἀφθόνως
1295 2957 1407 3012 τοῖς
1442 2957 1604 3019 πένη·

539 3043 621 3082 σιν
638 3032 909 3104 ἐπαρκεῖν,
931 3037 1022 3086 καὶ
1043 3037 1118 3100 τῷ
1137 3038 1226 3100 τῆς
1245 3033 1604 3104 ἐλεημοσύνης

537 3111 688 3180 ἐλαίῳ
712 3112 1150 3185 φαιδρύνεσθαι·
1189 3112 1369 3184 ἕτερος
1394 3133 1602 3186 μακρο-

541 3197 783 3263 θυμείτω
836 3196 922 3247 ἐπὶ
962 3199 1077 3253 τοῖς
1114 3199 1406 3248 πταίουσιν
1445 3197 1603 3249 ἵλεων

537 3273 677 3342 αὐτῷ
706 3276 803 3329 τόν
831 3274 1126 3340 Δεσπότην
1150 3274 1600 3345 ἀνεργαζόοιιενος.

537 3355 761 3424 Πάντες,
793 3355 901 3418 „cic
927 3356 987 3409 ἐν
1013 3354 1187 3426 ἡμέρᾳ
1206 3355 1600 3426 εὐσχημόνωςὂι

537 3436 1007 3508 περιπατήσωμεν,
1055 3437 1189 3488 κατά
1228 3437 1327 3502 τήν
1362 3437 1601 3490 α’ποστυ-

535 3518 684 3583 λικήν
720 3518 932 3589 φωνήν,
993 3519 1116 3570 Νῦν
1139 3516 1372 3584 ἀνατολὴ
1409 3523 1599 3588 γέγονε

537 3604 648 3659 ταῖς
683 3598 969 3670 ἡμετέραις
1007 3603 1234 3667 ψυχαῖς,
1284 3602 1373 3664 τῆς
1409 3600 1604 3660 νυκτὸς

535 3679 672 3750 ἡμᾶς
707 3686 818 3735 τῶν
843 3683 1045 3733 παθῶν
1069 3678 1437 3746 ἀποστήσασα.
1485 3688 1600 3735 ,Νῦν

543 3792 750 3799 ——--
831 3793 960 3799 .————.

1827 1501 1928 1558 Ad
1959 1502 2211 1560 medium
2231 1502 2357 1574 jam
2381 1502 2637 1573 stadium
2658 1516 2787 1575 pro·

1717 1589 1897 1652 perat
1916 1582 2083 1640 nobis
2107 1582 2507 1641 continentiae
2530 1588 2759 1654 tempus
2774 1588 2807 1640 ;’

1720 1670 1782 1720 et
1820 1662 2216 1721 contentionis
2249 1663 2501 1721 studium
2533 1662 2788 1735 desuper

1719 1744 1888 1802 nobis
1928 1745 2126 1817 angeli
2165 1744 2496 1812 intendunt,
2536 1752 2598 1801 et
2618 1741 2786 1801 Chri·

1719 1832 1845 1883 stus
1861 1826 2207 1884 certaminis
2229 1825 2534 1883 institutor
2554 1830 2785 1882 nostros

1718 1906 1883 1965 circa
1923 1906 2141 1964 metam
2194 1904 2440 1976 fiexus⁸)
2494 1908 2784 1977 aspectat,

1718 1993 1783 2044 et
1821 2003 2069 2044 coronas
2123 1987 2369 2045 athletis
2422 1985 2784 2060 praetendit,

1717 2084 1832 2125 nou
1893 2084 1961 2125 eo
2019 2074 2197 2141 pacto
2254 2084 2364 2140 quo
2415 2065 2785 2125 certantibus

1718 2146 2012 2222 Olympiis
2039 2154 2475 2222 proponuntur;
2517 2147 2599 2204 ibi
2630 2147 2780 2204 enim

1716 2245 1864 2286 unus
1919 2229 2232 2286 dumtaxat
2271 2229 2465 2287 victor
2490 2227 2782 2287 victoriae

1718 2325 1935 2367 corona
1974 2309 2243 2381 donatur,
2279 2310 2377 2367 hic
2403 2308 2669 2367 omnibus
2700 2307 2784 2365 di·

1717 2406 1921 2447 mensa
1960 2396 2055 2449 est
2104 2407 2212 2463 pro
2251 2390 2482 2448 meritis
2518 2405 2784 2447 remune-

1715 2471 1890 2528 ratio.
1948 2470 2175 2529 Demus
2211 2471 2394 2543 igitur
2422 2486 2680 2544 operam,
2720 2476 2784 2527 ut

1718 2566 2063 2610 coronemur
2115 2568 2343 2609 omues:
2405 2550 2779 2623 praeclaram

1716 2648 1915 2689 omnes
1956 2639 2016 2689 et
2042 2632 2305 2690 invidiae
2334 2648 2448 2689 non
2474 2631 2783 2690 obnoxiam

1717 2713 2031 2771 victoriam
2070 2720 2456 2786 reportemus,
2513 2713 2635 2770 Hic
2661 2713 2782 2784 qui-

1717 2793 1848 2851 dem
1903 2795 2085 2853 alium
2138 2793 2540 2851 continentiae
2594 2793 2781 2850 inten-

1714 2875 1877 2932 sione
1905 2874 2250 2947 praecedat,
2283 2874 2447 2934 tenui
2474 2873 2639 2932 victu
2658 2889 2782 2931 cor-

1714 2956 1875 3027 poris
1913 2972 2170 3014 massam
2210 2955 2467 3014 elidens;
2505 2954 2602 3012 hic
2640 2971 2782 3014 vero

1716 3036 1949 3094 abunde
1971 3035 2408 3109 suppeditanda
2421 3035 2781 3108 pauperibus

1713 3116 1867 3190 stipe
1904 3116 2258 3189 praecellat,
2299 3132 2369 3173 ac
2408 3132 2472 3173 se
2513 3115 2639 3173 oleo
2679 3114 2780 3171 mi·

1712 3198 2077 3256 sericordiae
2141 3196 2481 3254 nitidiorem
2544 3194 2778 3252 reddat.

1713 3279 1890 3337 Alius
1954 3283 2272 3351 peccantes
2337 3276 2395 3333 in
2457 3295 2520 3332 se
2571 3291 2779 3347 magno

1713 3359 1907 3417 animo
1923 3360 2160 3428 toleret,
2189 3365 2250 3414 et
2270 3358 2379 3415 hoc
2400 3357 2567 3415 modo
2589 3358 2779 3430 propi-

1712 3440 1857 3497 tium
1899 3440 2013 3497 sibi
2053 3438 2165 3512 ipsi
2202 3436 2518 3495 Dominum
2568 3437 2777 3496 faciat.

1713 3521 1933 3579 Omnes
1969 3526 2070 3591 „ut
2096 3520 2157 3575 in
2185 3517 2278 3576 die
2306 3518 2552 3575 honeste
2581 3519 2778 3576 ambu-

1711 3601 1949 3662 lemus“,
2006 3601 2183 3672 Juxta
2220 3598 2500 3674 Apostoli
2539 3599 2775 3657 dictum.

1708 3682 1882 3741 Nunc
1933 3683 2084 3740 enim
2137 3680 2350 3739 animis
2388 3679 2607 3737 nostris
2647 3679 2777 3738 illu·

710 3843 753 3910 ¹)
794 3843 1055 3897 Cantatur
1094 3843 1250 3896 etiam
1287 3843 1367 3896 die
1405 3844 1490 3899 20.
1530 3845 1817 3914 Septembr.
1858 3860 1950 3899 ceu
1988 3843 2169 3898 Octav.
2210 3843 2331 3896 festi
2370 3858 2411 3896 s.
2450 3841 2645 3896 Crucis

707 3923 753 3990 ²)
794 3922 986 3978 Homil.
1025 3924 1111 3978 22.
1151 3924 1204 3978 in
1241 3924 1329 3979 illa
1364 3927 1552 3980 verba:
1606 3928 1673 3982 Si
1707 3928 1831 3996 quis
1868 3927 1979 3980 cult
2013 3925 2198 3979 venire
2224 3928 2354 3993 post
2387 3940 2500 3989 me,
2553 3922 2779 3993 abneqet

533 4004 907 4075 semetipsum:
965 4020 1098 4074 quae
1151 4004 1421 4075 desumpta
1471 4012 1591 4061 sunt
1629 4024 1692 4061 ex
1731 4007 2015 4076 Evangelio
2063 4006 2159 4058 diei
2214 4005 2393 4070 (Marc.
2434 4005 2484 4071 8,
2523 4003 2775 4064 34-38).

533 4084 716 4139 Exstat
750 4086 890 4154 apud
929 4084 1119 4154 Migne,
1159 4084 1302 4138 Patr.
1340 4101 1421 4154 gr.
1460 4091 1497 4140 t.
1540 4088 1658 4154 13⁶2,
1697 4104 1781 4157 pp.
1820 4088 1926 4142 457
1964 4103 2104 4156 seqq.

703 4162 748 4232 ⁸)
791 4164 1034 4223 Δίαυλος
1071 4166 1276 4236 proprie
1313 4170 1394 4220 est
1432 4166 1772 4222 circumactus
1810 4167 1987 4222 circuli
2024 4167 2327 4236 hujusmodi,
2367 4171 2425 4220 ut
2461 4181 2613 4235 quum
2637 4164 2776 4232 ιῖγω·

528 4250 709 4298 νισταί
729 4247 845 4301 sive
864 4242 1269 4314 διαυλοδρόμοι
1297 4247 1348 4299 in
1373 4247 1541 4300 stadio
1567 4245 1785 4317 (αὐλός)
1811 4249 1875 4302 ad
1896 4252 2087 4300 metam
2107 4247 2481 4315 pervenissent,
2510 4246 2775 4299 flectentes

520 4345 579 4382 eo
629 4343 815 4382 rursus
868 4325 1218 4390 recurrerint,
1275 4326 1406 4379 unde
1458 4344 1660 4381 cursum
1712 4329 2099 4382 inchoaverunt.

2186 4326 2286 4380 Sed
2324 4325 2602 4394 relegenda
2639 4329 2774 4390 sunt,

516 4425 646 4479 quae
685 4408 751 4462 de
793 4405 1083 4461 certamine
1122 4407 1377 4475 equestri,
1432 4408 1682 4476 agonibus
1732 4407 2169 4476 Quadragesimae
2221 4410 2427 4475 aptato.
2487 4421 2550 4458 ex
2597 4404 2772 4457 eodem

514 4493 731 4552 auctore
771 4487 1013 4554 dedimus
1052 4501 1212 4556 supra
1246 4501 1328 4557 pp.
1369 4488 1599 4543 71-73.
