3514 5391
836 519 907 573 68
1235 502 1240 509 ’
1415 516 1574 573 Festa
1611 516 1817 573 mobilia
1855 521 1975 573 ante
2012 514 2487 587 Quadragesimam.

781 713 785 717 ⁴
840 716 1041 777 eodem
1081 716 1256 777 titulo
1297 722 1527 774 statuta
1566 722 1717 774 sunt.
1779 715 1914 774 Hoc
1953 714 2095 774 item
2135 712 2408 774 Clemens
2445 713 2556 773 XI.
2594 713 2696 773 fel.
2724 714 2959 773 record.
2994 715 3081 773 in·

838 797 1100 857 culcavit
1149 798 1377 869 duabus
1414 796 1611 854 literis
1652 796 1734 857 ad
1765 795 2049 869 plurimos
2089 796 2292 855 eodem
2331 796 2600 869 exemplo
2639 794 2827 862 datis,
2882 795 3082 854 altera

838 878 1074 937 scilicet
1111 879 1207 937 die
1247 876 1641 935 11.Janua1·ii
1680 876 1838 949 1719,
1879 877 2077 935 altera
2100 878 2153 936 4.
2174 875 2456 937 Januarii
2482 875 2637 947 1721,
2676 892 2828 948 quae
2866 876 2928 934 in
2948 876 3081 947 ejus

835 959 1112 1017 Bullario
1138 976 1270 1030 paq.
1308 959 1441 1011 553.
1491 957 1804 1015 undecima
1854 963 1991 1015 sunt
2042 963 2104 1016 et
2142 956 2505 1014 duodecima.
2577 955 2670 1014 At
2707 956 2844 1014 dum
2881 973 2925 1013 S.
2967 954 3082 1015 Ca·

839 1040 953 1097 roli
987 1038 1342 1097 Borromaei
1383 1037 1675 1109 vestigiis,
1724 1037 1935 1109 quibus
1973 1036 2198 1095 institit
2236 1036 2604 1094 clarissimus
2642 1035 3082 1095 Praedecessor

837 1118 1077 1191 Noster,
1116 1118 1238 1177 Nos
1278 1118 1544 1176 libenter
1581 1117 1901 1176 inhaerere
1938 1116 2219 1188 fatemur,
2271 1117 2420 1175 illud
2458 1117 2707 1175 monitos
2746 1134 2947 1175 omnes
2983 1133 3080 1175 vo·

837 1201 1045 1271 lumuS,
1087 1200 1240 1273 quod
1280 1216 1451 1272 quum
1492 1216 1588 1257 res
1628 1199 1885 1272 desuper
1922 1204 2240 1257 enarratas
2280 1205 2569 1268 vetamuS,
2606 1197 2931 1256 interdicto
2966 1214 3080 1256 non

838 1280 1166 1339 liberamus
1207 1290 1456 1339 caetera
1494 1279 1707 1351 omnia,
1747 1296 1900 1351 quae
1938 1279 2131 1337 sacris
2170 1279 2512 1349 canonibus,
2562 1278 3081 1337 constitutionibus

840 1361 1213 1435 apostolicis,
1266 1360 1534 1418 conciliis
1588 1365 1693 1417 aut
1729 1359 2226 1431 provincialibus.
2285 1365 2391 1416 aut
2437 1358 2841 1429 dioecesaniS,
2892 1356 3082 1430 quoad

839 1442 1363 1501 bacchanaliorum
1402 1440 1638 1511 solatia,
1677 1440 2083 1512 prohibentur,
2123 1446 2187 1498 et
2222 1438 2542 1512 praecipue
2582 1438 2775 1510 quoad
2801 1437 3083 1496 ecclesia-

838 1523 1019 1581 sticos
1055 1523 1236 1591 viros
1291 1537 1584 1593 nunquam
1627 1521 1782 1578 enim
1823 1520 2021 1579 oculos
2061 1538 2097 1577 a
2137 1520 2385 1578 concilio
2422 1519 2779 1578 Tridentino
2818 1517 3082 1577 deflecti·

839 1620 982 1674 muS,
1021 1603 1174 1675 quod
1212 1619 1349 1657 sese.
1388 1601 1484 1656 22.
1522 1620 1564 1658 c.
1605 1602 1654 1655 1.
1707 1606 2016 1674 postquam
2059 1617 2370 1659 sacrorum.
2402 1617 2687 1658 canonum
2729 1600 3081 1658 mentionem

840 1682 1005 1755 fecit,
1045 1684 1143 1757 qui
1170 1682 1600 1742 ecclesiasticis
1627 1683 1845 1753 luxum,
1886 1682 2176 1753 convivia,
2215 1682 2482 1751 choreaS,
2521 1682 2689 1740 aleas
2715 1697 2926 1740 severe
2953 1696 3083 1756 pro-

839 1764 1064 1836 hibent,
1103 1765 1189 1822 sic
1228 1764 1531 1838 episcopos
1573 1764 1926 1837 alloquitur:
1966 1763 2034 1818 Si
2067 1780 2173 1832 qua
2213 1779 2339 1818 cero
2376 1779 2448 1817 ex
2469 1762 2560 1816 his
2595 1762 2652 1815 in
2677 1762 3083 1817 desuetudinem

840 1845 1043 1899 abiisse
1080 1845 1458 1915 compererint,
1504 1862 1571 1897 ea
1608 1845 2003 1914 quamprimum
2043 1843 2097 1897 in
2137 1859 2293 1897 usum
2331 1842 2599 1908 reuocari,
2648 1847 2702 1897 et
2737 1843 2805 1896 ab
2842 1841 3086 1896 omnibus

840 1929 1096 1980 accurate
1133 1924 1401 1980 custodiri
1433 1925 1707 1992 studeant,
1742 1941 1847 1979 non
1876 1925 2212 1979 obstantibus
2247 1923 2724 1979 consuetudinibus
2751 1924 3084 1994 quibuscum-

841 2022 942 2075 que
956 2022 982 2076 ,·
1018 2022 1088 2060 ne
1123 2006 1460 2060 subditorum
1498 2006 1774 2075 neglectae
1812 2005 2204 2059 emendationis
2229 2004 2338 2074 ipsi
2359 2005 2672 2074 condignas,
2710 2005 2828 2058 Deo
2863 2003 3086 2069 vindice,

829 2103 1042 2155 poenas
1064 2086 1401 2156 persolvant.

1022 2176 1291 2236 Cuilibet
1315 2176 1376 2233 in
1404 2176 1821 2234 ecclesiastica
1848 2175 2167 2249 disciplina
2190 2176 2428 2248 paulum
2457 2180 2700 2233 versato
2725 2174 2909 2233 facile
2937 2190 3086 2232 com·

842 2263 1072 2331 pertum
1125 2256 1270 2322 erit,
1327 2256 1611 2327 quasdam
1665 2255 2030 2313 ethnicorum
2080 2260 2321 2315 veteres
2371 2254 2558 2313 fuisse
2612 2252 3084 2328 superstitiones,

844 2354 992 2411 quae
1029 2337 1174 2395 Kal.
1214 2337 1259 2396 J
1263 2335 1499 2394 anuarii
1549 2336 1609 2393 in
1646 2336 1925 2393 honorem
1963 2334 2009 2392 J
2013 2334 2130 2406 ani,
2182 2339 2244 2392 et
2279 2333 2453 2392 Deae
2494 2333 2775 2393 Streniae
2815 2333 3088 2392 institue-

844 2419 1082 2484 bantur,
1121 2417 1328 2490 quibus
1370 2416 1688 2487 aliquando
1729 2415 2043 2474 christiani
2082 2415 2441 2484 intererant,
2493 2415 2777 2488 crapulae
2816 2413 3086 2485 ludisque

846 2498 1054 2569 dediti,
1096 2514 1166 2556 ac
1205 2498 1488 2555 mulieres
1525 2497 1804 2567 virorum,
1843 2496 1957 2556 viri
1998 2496 2311 2554 mulierum
2349 2512 2636 2568 personas
2674 2494 3086 2562 induebant¹):

845 2596 956 2637 nec
995 2579 1190 2637 sancti
1215 2576 1436 2635 Patres
1476 2577 1534 2633 in
1575 2576 1695 2635 suis
1722 2576 2108 2647 sermonibuS,
2131 2592 2257 2634 -nec
2287 2575 2347 2633 in
2373 2576 2494 2634 suis
2521 2575 2790 2635 conciliis
2809 2575 3091 2634 Ecclesia

846 2661 906 2718 in
943 2665 1067 2718 tam
1106 2675 1352 2733 pravum
1392 2673 1612 2716 morem
1651 2656 1852 2716 invehi
1879 2656 2308 2731 praetermisit,
2348 2656 2485 2729 quin
2513 2656 2691 2715 etiam
2720 2672 2940 2729 poenas
2966 2654 3089 2713 reis

844 2740 1234 2810 gravissimas
1274 2739 1507 2797 indixit.
1564 2738 1661 2796 De
1700 2755 1815 2812 qua
1854 2738 2089 2810 quidem
2122 2736 2339 2808 rejam
2366 2737 2751 2795 disseruimus
2779 2737 2842 2795 in
2865 2735 3089 2795 Nostro

844 2838 1022 2894 opere
1063 2820 1135 2877 de
1165 2818 1348 2878 ‘festis
1384 2819 1646 2885 Domini,
1687 2836 1816 2877 cum
1845 2819 1918 2876 de
1946 2819 2393 2876 circumcisione
2420 2816 2650 2876 Christi
2672 2816 2916 2878 Domini
2945 2833 3084 2889 age-

843 2918 1058 2959 remus.

1020 2989 1396 3049 Pravissima
1431 2989 1546 3046 hac
1573 2988 1999 3046 consuetudine
2024 2988 2294 3046 funditus
2321 2989 2640 3061 extirpata,
2679 2989 2879 3046 altera
2905 2992 3089 3045 enata

845 3078 953 3144 est,
1011 3078 1290 3144 spectans
1327 3070 1614 3128 videlicet
1664 3069 1742 3127 ad
1790 3069 2075 3141 quasdam
2127 3070 2398 3141 publicas
2449 3068 2885 3138 relaxationes,
2935 3083 3089 3138 quae

843 3153 1188 3225 plerumque
1227 3150 1614 3208 hebdomadis
1653 3148 2163 3222 septuagesimae,
2203 3148 2641 3221 Sexagesimae,
2689 3152 2753 3205 et
2789 3147 3091 3220 Quinqua-

845 3233 1108 3304 gesimae
1157 3231 1571 3297 celebrantur,
1625 3231 1686 3288 in
1723 3230 1933 3303 quibus
1970 3230 2254 3289 Ecclesia
2305 3230 2628 3302 praecipua
2666 3227 3090 3300 redemptionis

846 3319 1088 3371 nostrae
1127 3311 1416 3384 mysteria
1444 3311 1790 3369 meditanda
1829 3311 1996 3368 nobis
2025 3311 2316 3384 proponit,
2357 3328 2459 3368 nos
2497 3315 2564 3367 ut
2592 3307 2823 3367 efficiat
2847 3307 2925 3365 ad
2950 3324 3089 3380 qua-

847 3393 1263 3467 dragesimalis
1304 3393 1585 3466 temporis
1613 3392 2006 3450 severitatem
2035 3392 2379 3458 alacriores,
2418 3390 2572 3463 quod
2610 3396 2672 3447 et
2698 3406 2735 3446 a
2758 3387 2948 3450 Nobis
2972 3386 3091 3446 fuit

846 3475 1314 3533 demonstratum
1351 3474 1411 3530 in
1451 3473 1833 3544 Nonficatione
1872 3472 2027 3526 XIX.
2066 3475 2103 3525 t.
2141 3473 2189 3526 I.
2237 3473 2398 3529 inter
2436 3488 2555 3542 ea8‚
2596 3486 2740 3543 quas
2779 3468 3087 3532 edidimus,

847 3572 975 3613 cum
1013 3554 1319 3613 Bononiae
1371 3570 1739 3612 moraremur
1777 3553 1940 3610 illius
1978 3553 2273 3610 ecclesiae
2314 3552 2737 3610 moderatores.
2812 3548 2909 3607 Ea
2946 3565 3090 3608 vero

847 3635 1206 3694 consuetudo
1244 3641 1338 3693 est
1373 3634 1829 3693 bacchanalium
1867 3631 2146 3704 foeditas,
2187 3638 2249 3690 et
2279 3632 2637 3706 corruptela,
2677 3646 2849 3703 quam
2878 3630 2966 3688 sic
2991 3629 3090 3686 de-

846 3716 1059 3774 scribit
1095 3717 1299 3774 clarae
1337 3716 1658 3774 memoriae
1699 3715 2008 3789 episcopus
2049 3713 2384 3772 Gratianus
2421 3714 2485 3771 in
2522 3728 2630 3770 sua
2668 3710 2890 3784 synodo
2910 3711 3090 3768 Ame-

846 3798 974 3855 riae
1011 3798 1223 3855 habita
1259 3799 1422 3853 1595.
1448 3814 1582 3867 paq.
1620 3798 1714 3850 50.
1790 3796 1936 3851 Hinc
1975 3797 2189 3866 factum
2239 3794 2403 3865 (adeo
2449 3794 2567 3848 Nos
2601 3808 2781 3862 praua
2818 3791 3095 3862 pervertit

846 3879 1213 3949 consuetudo),
1251 3882 1313 3933 ut
1342 3879 1808 3949 Septuayesimam
1835 3878 1981 3933 inter
2018 3880 2073 3931 et
2100 3876 2589 3946 Quadraqesimam
2613 3873 2931 3942 interjectos
2953 3872 3091 3936 dies,

847 3976 981 4029 quos
1027 3978 1072 4014 s,
1110 3963 1290 4014 mater
1327 3960 1576 4014 Ecclesia
1629 3974 1825 4029 maqno
1874 3958 2135 4029 mysterio
2183 3957 2349 4011 veluti
2380 3956 2671 4026 luqubres,
2715 3953 3093 4024 funebresque

845 4041 1024 4107 habet,
1052 4042 1385 4110 praee-alens
1412 4040 1680 4095 'lasciviae
1715 4040 1889 4104 risuS,
1924 4039 2231 4093 hilaritatis
2268 4053 2443 4104 amor,
2478 4052 2583 4091 non
2623 4035 2677 4088 in
2715 4033 2982 4089 laetitiam
3009 4048 3090 4086 so·

845 4122 952 4174 lum
992 4120 1424 4189 inconditumque
1455 4121 1716 4188 ‚qaudium
1751 4120 1996 4183 ret-terit,
2034 4119 2133 4172 sed
2144 4135 2290 4188 pene
2314 4116 2580 4172 communi
2602 4113 2814 4170 cuidam
2840 4113 3092 4168 insaniae

1035 4309 1071 4370 ¹)
1111 4309 1425 4363 Recolantur
1474 4325 1604 4377 quae
1650 4307 1718 4361 de
1765 4307 1968 4376 iniquis
2018 4306 2143 4361 istis
2189 4304 2569 4359 Kalendarum
2631 4303 3094 4358 observationibus

837 4388 1156 4458 payanismi
1190 4405 1217 4442 e
1249 4390 1366 4457 jure
1404 4404 1552 4442 sacro
1591 4388 2045 4442 animadvertimus
2096 4391 2234 4440 tomo
2273 4387 2322 4440 1.
2370 4402 2420 4455 p.
2457 4386 2527 4441 47
2575 4384 2819 4439 adhibitis
2855 4400 2930 4439 ec.
2968 4385 3090 4439 Non

847 4469 972 4522 lic-et
1008 4470 1091 4522 13.
1133 4473 1186 4520 et
1225 4467 1290 4521 Si
1325 4468 1447 4536 quis
1485 4467 1772 4523 Kalendas
1809 4470 1893 4522 14.
1935 4468 1991 4522 C.
2030 4466 2219 4520 XXVI.
2258 4483 2307 4537 q.
2348 4468 2396 4522 7.
