3514 5391
838 505 946 559 398
1550 503 1709 558 Festa
1745 503 1954 558 mobilia
1991 509 2110 573 post
2143 501 2360 558 Pascha.

840 705 971 768 nari
1022 701 1281 778 soleant,
1349 700 1441 767 vel
1492 702 1677 767 etiam
1737 703 1902 786 quod
1966 721 2144 767 rosae
2206 721 2349 766 cum
2397 700 2641 776 nebulis
2702 722 2811 767 seu
2860 701 3084 788 oblatis

842 810 904 867 et
963 802 1162 886 stupis
1219 801 1587 866 ardentibus
1653 801 1847 866 inter
1876 800 2215 865 Missarum
2277 798 2597 869 solemnia
2636 800 2714 864 de
2777 800 3085 883 supremis

843 900 1256 965 volutionibus
1304 899 1602 964 ecclesiae
1649 900 1709 963 in
1762 894 2058 984 populum
2108 891 2564 982 spargerentur
2609 899 2686 962 ad
2733 899 3083 981 exprimen-

839 1000 987 1063 dum
1036 1017 1250 1063 sacrae
1296 997 1739 1063 solemnitatis
1733 999 2136 1082 mysterium,
2186 998 2264 1061 de
2294 1016 2417 1081 quo
2464 996 2586 1060 ritu
2634 996 2827 1061 videri
2880 1001 3085 1080 potest

846 1099 956 1163 Du
1006 1096 1305 1182 Gange,
1363 1095 1650 1161 Glossar.
1698 1096 1811 1162 lat.
1863 1117 1958 1162 vv.
2006 1092 2259 1174 nebula,
2307 1092 2544 1175 oblata,
2592 1116 2760 1158 rosa.

1019 1203 1279 1269 Caetera
1325 1203 1575 1268 nomina
1606 1204 1875 1268 indicata
1919 1202 2232 1268 ruthen.
2285 1201 2542 1288 Zeleayt
2564 1205 2794 1289 sejam,
2832 1201 3084 1286 polon.

843 1301 1095 1367 Zielone
1141 1302 1267 1384 ἐπα,
1333 1320 1679 1386 german.
1731 1302 1977 1365 Maien-
2029 1301 2159 1366 sive
2204 1298 2661 1385 Blumen-Tay,
2708 1297 2870 1363 festo
2916 1299 3091 1365 dedit

845 1421 978 1466 mos
1025 1399 1125 1465 ille
1174 1400 1674 1477 christianorum,
1725 1400 1832 1483 qui
1879 1397 2090 1464 multis
2135 1400 2199 1463 in
2247 1397 2398 1463 locis
2445 1398 2698 1475 obtinet,
2756 1399 2980 1462 domos
3028 1403 3091 1461 et

841 1499 1073 1583 templa
1116 1500 1419 1583 marniae,
1449 1496 1743 1584 floribus,
1794 1496 2021 1561 betulia
2065 1495 2493 1562 viridantibus
2531 1495 2807 1573 ornandi,
2856 1496 2936 1561 de
2965 1516 3088 1579 qno

846 1598 1035 1662 videri
1070 1602 1348 1681 possunt,
1398 1615 1556 1679 quae
1588 1600 1834 1679 praeter
1863 1595 2140 1680 lexicogi
2143 1594 2339 1678 aphos
2370 1595 2419 1678 ¹)
2468 1594 2718 1678 scripsit
2742 1595 3090 1680 Konigs-

845 1716 1103 1773 mann,
1173 1694 1422 1779 propria
1469 1693 1902 1759 dissertatione
1960 1714 2032 1758 ea
2079 1694 2156 1758 de
2204 1713 2270 1758 re
2319 1692 2485 1758 edita
2545 1692 2661 1758 sub
2709 1692 2923 1758 titulo:
2988 1694 3090 1760 De

844 1791 1070 1858 baculis
1107 1791 1663 1879 pentecostalibus,
1718 1790 1941 1877 quibus
1989 1790 2225 1878 templa
2267 1791 2385 1855 illo
2416 1790 2594 1877 festo
2643 1793 2951 1856 eaeornari
2994 1814 3091 1857 so·

845 1891 994 1959 lent.
1087 1891 1292 1958 Kilon.
1349 1891 1516 1955 1707
1541 1891 1614 1975 ²).
1724 1890 2044 1955 Similibus
2111 1891 2516 1956 caeremoniis
2578 1890 2742 1974 apud
2805 1890 3092 1974 antiquos

845 1991 1161 2056 Bohemos
1226 1994 1364 2055 acta
1428 1989 1622 2054 fuisse
1687 1988 1975 2053 videntur
2031 1986 2339 2053 solemnia
2399 1987 2739 2051 aestivalia
2804 1987 3091 2053 ethnicae

847 2088 1167 2154 vetustatis
1215 2086 1513 2153 Slavnost
1561 2087 1836 2166 Letnice,
1886 2106 2149 2172 quorum
2191 2106 2417 2151 nomen
2464 2086 2690 2151 deinde
2737 2087 2813 2152 ad
2848 2106 3091 2152 sacram

845 2186 1256 2251 Pentecosten
1282 2186 1686 2252 christianam
1712 2185 2076 2250 translatum
2106 2179 2377 2250 ostendit
2402 2184 2453 2249 B
2469 2205 2502 2248 r
2519 2203 2609 2249 an
2627 2183 2737 2262 dl,
2776 2183 3091 2262 Glossar„

846 2306 905 2369 p.
961 2285 1105 2349 125

1024 2392 1192 2473 Quae
1242 2394 1561 2476 praeterea
1608 2409 1682 2455 ex
1729 2391 2041 2456 nonnullis
2088 2390 2495 2476 scriptoribus
2542 2360 2943 2456 orientalibus
2979 2393 3094 2456 ad-

845 2490 1092 2555 ducitur
1125 2489 1453 2575 appellatio
1464 2485 1797 2575 ‘'siano-90,
1834 2490 1911 2554 ad
1939 2489 2302 2555 hebraicum
2339 2489 2707 2555 vocabulum
2739 2487 3021 2573 accirem
3043 2490 3094 2574 ³)

846 2589 1180 2666 reducitur,
1232 2588 1394 2653 unde
1424 2588 1609 2652 etiam
1641 2589 1808 2653 venit
1837 2609 2065 2653 nomen
2088 2588 2407 2654 arabicum
2433 2588 2572 2653 festi
2594 2584 2702 2652 Id
2724 2585 2831 2650 el-‘
2836 2612 3092 2672 uacare,

846 2691 909 2751 et
967 2687 1132 2772 quod
1187 2686 1315 2771 jam
1382 2687 1442 2752 in
1505 2687 1681 2753 titulo
1747 2687 2069 2771 posuimus
2136 2709 2195 2772 p.
2246 2686 2411 2752 393:
2483 2686 2709 2752 Achad
2755 2687 3096 2772 et-inqarat

847 2780 1162 2869 el·‘at‹;i⁸m,
1214 2785 1274 2849 h.
1326 2804 1401 2862 e.,
1449 2786 1792 2849 Dominica
1837 2808 2102 2872 maynac
2150 2787 2651 2872 conyreyationis
2679 2786 2985 2872 festivae.

1024 2928 1122 2991 De
1178 2927 1407 3014 Officio
1445 2925 1887 3015 pentecostali.

1026 3052 1252 3118 Divina
1295 3052 1483 3136 hujus
1532 3053 1653 3118 diei
1703 3052 1923 3118 Officia
1972 3054 2134 3137 apud
2186 3048 2461 3119 Graecos
2524 3055 2588 3120 in
2635 3053 2865 3138 duplici
2916 3053 3090 3119 diffe-

847 3152 1046 3216 rentia
1091 3156 1447 3229 versantur;
1499 3151 1620 3217 alia
1664 3151 1832 3215 enim
1866 3151 1941 3216 ad
1975 3151 2261 3217 festivam
2293 3151 2672 3217 alacritatem
2707 3152 3091 3236 spiritualem

849 3250 1176 3314 fovendam
1224 3253 1526 3334 spectant,
1576 3249 1696 3314 alia
1740 3253 1957 3314 contra
2002 3252 2078 3315 ad
2111 3250 2315 3315 luctus
2363 3256 2426 3313 et
2457 3250 2842 3315 contritionis
2875 3270 3092 3316 sensus

848 3347 1207 3412 excitandos
1256 3348 1586 3431 pertinent.

940 3491 943 3494 ⁴
1025 3454 1243 3539 Usque
1291 3456 1369 3520 ad
1416 3457 1721 3521 secundas
1773 3455 2083 3541 Vesperas
2150 3478 2358 3520 omnes
2416 3457 2582 3520 ritus
2640 3455 2798 3521 laeti
2858 3481 2933 3521 ac
2992 3478 3092 3520 so·

849 3551 1078 3617 lemnes
1125 3575 1204 3615 eae
1252 3553 1473 3618 ordine
1507 3565 1854 3619 ‘servantur
1872 3554 1947 3638 ⁴¹),
1997 3556 2101 3639 qui
2149 3560 2354 3620 tantae
2405 3554 2722 3620 festivitati
2749 3554 3094 3619 dominicae

971 3680 1174 3687 boh—u·—
1247 3682 1279 3687 .-

1034 3731 1076 3798 1)
1117 3732 1225 3786 Cfr.
1265 3732 1553 3802 Adelung
1590 3736 1645 3786 et
1681 3732 2019 3801 Weigand‚
2058 3749 2142 3786 vv.
2181 3732 2352 3799 Mate,
2390 3732 2690 3798 Maibaam,
2728 3732 3020 3787 Maibirke.

1028 3810 1071 3880 ²)
1112 3811 1255 3866 Haec
1293 3812 1606 3867 consuetudo
1651 3829 1685 3866 a
1721 3812 1934 3867 Judaeis
1986 3812 2311 3867 descendisse
2363 3816 2605 3882 putatur,
2662 3813 2796 3883 quod
2846 3813 2997 3868 iidem
3043 3813 3094 3866 in

851 3897 1058 3961 gratam
1085 3893 1383 3946 memoriam
1413 3892 1566 3947 datae
1593 3893 1689 3947 sibi
1715 3893 1848 3962 legis
1872 3894 2171 3963 pavimenta
2197 3894 2415 3961 aedium,
2454 3894 2655 3962 plateas
2694 3901 2750 3948 et
2775 3910 3093 3964 synagogam

849 3973 1080 4039 gramine
1108 3976 1468 4041 perspargant,
1509 3972 1781 4026 fasciculos
1806 3974 2210 4027 ramusculorum
2248 3973 2576 4027 viridantium
2626 3974 2819 4043 passim
2856 3974 3095 4028 fenestris

849 4058 1126 4123 apponant,
1165 4057 1220 4106 et
1257 4053 1476 4107 corollas
1514 4053 1706 4107 virides
1738 4054 1992 4123 capitibus
2019 4054 2287 4124 impositas
2312 4057 2551 4123 gestent;
2591 4069 2652 4107 eo
2677 4058 2909 4123 tempore
2944 4054 3093 4109 enim.

849 4150 947 4204 quo
985 4134 1069 4187 lex
1108 4133 1160 4186 in
1197 4138 1368 4186 monte
1403 4132 1544 4186 Sinai
1571 4133 1900 4203 promulgata
1937 4139 2036 4195 est.
2074 4134 2245 4188 omnia
2271 4134 2507 4188 florentia
2532 4133 2690 4187 fuisse
2717 4149 2779 4187 ac
2806 4133 3093 4199 viridantia,

850 4212 1102 4283 colligunt
1139 4229 1200 4265 ex
1240 4212 1400 4272 Exod.
1439 4214 1526 4281 34,
1565 4230 1610 4268 c.
1647 4216 1699 4281 3,
1751 4219 1810 4268 ut
1847 4231 1962 4269 eum
2014 4216 2067 4268 in
2104 4226 2297 4270 morem
2348 4219 2467 4284 post
2516 4214 2644 4269 alios
2674 4214 3096 4269 animadvertunt

850 4294 1154 4360 Buxtorf,
1194 4292 1394 4362 Sqnaq.
1433 4292 1561 4347 Jud.
1601 4310 1645 4348 c.
1684 4294 1770 4360 20,
1811 4294 2228 4359 et'Maltzew,
2265 4293 2647 4359 Nachtwache,
2683 4309 2768 4362 pp.
2795 4293 3091 4349 ets-649.

1030 4373 1073 4439 8)
1115 4372 1222 4426 Otr.
1259 4381 1381 4426 tom.
1423 4374 1469 4441 1,
1507 4388 1556 4442 p.
1595 4375 1681 4428 27.

1030 4453 1073 4513 ⁴)
1123 4452 1418 4505 Τελοῦντιιι
1456 4452 1673 4507 ἅπαντα
1725 4452 1790 4505 τά
1831 4457 1984 4505 αἴσια
2020 4453 2337 4513 ἀκολούθως
2372 4455 2481 4510 κτλ.
2568 4453 2647 4508 Ita
2685 4455 3093 4509 Constantin-
