3514 5391
847 576 1019 638 Mense
1060 575 1287 639 Octobri.
1345 576 1556 641 Festum
1593 576 1704 640 VII.
1744 576 1936 657 Synodi
1975 593 2235 641 documen.
2559 580 2665 642 515

770 844 775 848 ’
835 921 838 924 -
912 876 1134 936 Festa
1184 840 1805 935 mobilia-‘mense
1855 875 2191 937 Octobri.

591 1010 773 1074 Festi
819 1011 1164 1094 conceptivi
1223 1011 1342 1075 hoc
1390 1031 1604 1075 mense
1653 1012 1787 1076 dies
1836 1007 2242 1075 numerantur
2289 1016 2569 1094 quatuor,
2633 1034 2666 1076 e

402 1108 645 1191 quibus
692 1109 816 1172 duo
867 1109 1256 1193 potissimum
1306 1109 1584 1192 insignes
1631 1114 1809 1174 sunt:
1878 1110 2041 1193 apud
2092 1110 2366 1174 Graecos
2415 1110 2664 1193 quidem

400 1207 544 1270 dies
593 1207 968 1278 dominicus,
1019 1207 1125 1289 qui
1173 1225 1350 1270 sacer
1397 1211 1489 1271 est
1537 1207 1870 1269 memoriae
1902 1208 2206 1292 septimae
2240 1207 2469 1293 synodi
2499 1229 2667 1271 oecu—

398 1305 729 1383 menicae5
793 1305 956 1388 apud
1005 1304 1260 1369 Latinos
1322 1309 1526 1369 autem
1578 1305 1920 1367 Dominica
1980 1327 2061 1370 ss.
2114 1306 2408 1382 Rosarii,
2478 1326 2662 1389 quam

399 1401 764 1471 Dominicis
827 1403 1106 1485 proxime
1169 1402 1575 1484 sequentibus
1643 1403 1959 1486 excipiunt
1989 1401 2175 1487 festa
2223 1403 2671 1468 Maca-nitatis

397 1506 463 1564 et
516 1500 845 1563 Pam-itatis
892 1500 968 1563 B.
1020 1501 1110 1567 M.
1165 1499 1234 1564 V.
1287 1538 1370 1546 —
1419 1499 1535 1564 His
1583 1502 1955 1584 quandoque
2003 1521 2129 1565 una
2160 1504 2668 1567 commemoratio

397 1599 640 1663 festiva
687 1599 1033 1663 addebatur
1078 1599 1139 1663 in
1188 1598 1452 1682 Proprio
1484 1591 1840 1672 CPolitano‚
1892 1599 2024 1663 dies
2056 1597 2293 1664 scilicet
2322 1599 2668 1664 dominicus

399 1697 718 1762 miraculo
765 1699 876 1778 τῖς
921 1693 1156 1772 κόνεως
1201 1695 1534 1761 recolendo
1567 1697 1940 1782 assignatus,
1992 1697 2098 1780 qui
2130 1712 2317 1779 quum
2352 1698 2668 1780 proximus

395 1801 583 1860 esset
613 1801 756 1860 ante
791 1796 956 1859 diem
989 1795 1048 1862 6.
1080 1794 1410 1872 Novemb„
1461 1816 1572 1879 pro
1615 1796 1935 1879 literarum
1967 1793 2429 1859 dominicalium
2465 1816 2667 1860 annuo

384 1914 676 1960 recursu
727 1895 915 1957 modo
963 1894 1025 1958 in
1073 1893 1260 1970 hunc,
1313 1895 1496 1957 modo
1528 1895 1590 1957 in
1624 1898 1989 1977 sequentem
2023 1913 2300 1958 mensem
2335 1894 2665 1959 incidebat.

399 2158 795 2247 Κυριακὴ
840 2155 1299 2242 τῶν-ἁγίων
1344 2181 1486 2223 πα·
1660 2161 2097 2225 Dominica
2146 2171 2615 2225 sanctorum

390 2247 674 2345 τέ’ρων
719 2263 860 2344 τῆς
906 2252 1490 2344 οἶκουμενικῆς
1602 2259 1935 2322 Patrum
1969 2261 2366 2345 septimae
2398 2261 2671 2347 synodi

555 2352 928 2445 ἑβδόμης
974 2354 1344 2423 συνόδου.
1844 2361 2424 2425 oecumenicae.

384 2566 391 2572 ,
591 2501 638 2566 S
660 2501 804 2566 lav.
849 2499 1138 2590 -Nedfaelja
1186 2500 1462 2589 svjatyoh
1495 2509 1625 2562 otec
1654 2499 1946 2585 sedmayo
1973 2499 2373 2586 veclenskayo
2404 2501 2631 2565 sobora
2651 2529 2671 2567 .-

396 2623 428 2666 r
447 2622 490 2666 u
511 2622 581 2666 m
602 2621 638 2665 e
660 2620 720 2665 n.
791 2599 1164 2663 Dominec'a
1221 2599 1538 2662 santiloru
1592 2599 1856 2684 parenti
1917 2597 2146 2661 sinodu
2209 2597 2320 2661 alu
2366 2599 2667 2685 sieptelea

397 2701 796 2765 ecumeuicu.

597 2823 1000 2890 Celebratum
1050 2828 1146 2888 est
1191 2823 1311 2890 hoc
1360 2822 1690 2887 concilium
1737 2823 2029 2898 Nicaeae,
2078 2823 2141 2886 in
2190 2820 2504 2905 Bithynia,
2552 2824 2668 2887 im-

399 2926 572 3010 perii
627 2921 1018 2988 Constantini
1086 2924 1148 2985 et
1204 2920 1420 2986 Irenes
1487 2940 1647 2985 anno
1708 2926 1958 2998 oetam,
2030 2920 2347 2985 Hadriano
2412 2918 2669 2987 Summo

396 3022 763 3098 Pontifice,
827 3021 905 3085 ad
954 3019 1324 3085 abolendam
1385 3017 1692 3084 haeresim
1744 3017 2290 3105 iconomachorum
2360 3022 2546 3102 atque
2595 3021 2669 3084 ad

395 3120 828 3206 rejiciendam
877 3120 1422 3203 pseudosynodum
1474 3116 2056 3202 Gopronymianam,
2116 3138 2275 3201 quae
2324 3117 2509 3183 OPoli
2557 3119 2671 3183 ha·
2757 3119 2765 3128 ”

400 3222 549 3287 bita
601 3222 740 3285 erat
788 3238 948 3310 anno
999 3216 1148 3281 754.

599 3325 914 3391 Memoria
962 3324 1115 3407 ejuS,
1167 3343 1240 3388 ex
1288 3323 1596 3389 Rubricae
1643 3325 2048 3408 praescriptO,
2100 3326 2302 3409 agitur
2331 3325 2430 3389 die
2470 3324 2669 3388 domi-

399 3428 582 3502 nico,
635 3424 745 3507 qui
793 3423 869 3488 ab
901 3422 1228 3488 undecimo
1263 3421 1550 3487 Octobris
1598 3423 1916 3507 proximus
1965 3423 2261 3499 succedit,
2313 3423 2428 3487 nisi
2464 3428 2667 3487 tamen

399 3526 550 3609 ipse
604 3522 741 3587 dies
793 3523 894 3585 ll.
945 3519 1231 3585 Octobris
1278 3521 1627 3586 dominicus
1676 3521 1880 3585 fuerit.
1959 3520 2052 3584 En
2086 3525 2289 3585 textus
2319 3520 2670 3594 Menaei,

381 3612 520 3708 ‘qui
576 3619 770 3685 etiam
817 3620 881 3684 in
927 3637 1186 3704 graecas
1232 3617 1555 3704 Horologii
1603 3618 1906 3683 editiones
1954 3618 2227 3683 transiit:
2280 3618 2669 3685 ΕΙΔΗΣΙΣ.

406 3716 620 3785 Κατὰ
665 3715 780 3803 τὴν
825 3714 939 3794 ω’.
985 3720 1102 3780 τοῦ
1147 3714 1472 3797 παρόντος
1515 3716 1730 3802 μηνός,
1779 3711 1835 3780 εἰ
1882 3715 2064 3796 τύχοι
2098 3714 2165 3780 ἐν
2194 3720 2481 3803 κυριακῇ,
2530 3712 2568 3800 ἢ
2599 3722 2673 3801 τῇ

401 3813 655 3902 πρώτῃ
696 3813 836 3898 μετ’
885 3811 1079 3900 αὐτὴν
1126 3810 1446 3900 ἐρχομένῃ,
1497 3811 1532 3900 ἡ
1575 3809 1937 3878 ἀκολουθία
1981 3818 2111 3878 τῶν
2158 3810 2351 3896 ἁγίων
2382 3817 2515 3880 350
2547 3836 2673 3878 πα-

399 3913 644 4000 τέρων,
691 3915 821 3976 τῶν
865 3906 959 3987 εἷς
1004 3906 1440 3999 οἶκουμενικὴν
1486 3909 1564 3991 ζ’.
1613 3910 1886 3977 σύνοδον
1933 3910 2002 3977 ἐν
2034 3907 2277 3998 Νικαίᾳ
2325 3910 2673 3976 συνελθόν-

401 4037 548 4079 των
597 4008 676 4074 τὸ
724 4008 1016 4095 δεύτερον
1061 4001 1222 4073 κατὰ
1268 4014 1399 4074 τῶν
1444 4004 1897 4095 εἶκονομάχων,
1947 4005 2015 4075 ἓν
2061 4005 2189 4075 ἔτει
2228 4014 2374 4093 787,
2424 4004 2535 4073 ἐπὶ
2565 4015 2675 4097 τῆς

401 4100 769 4194 βασιλείας
833 4102 1099 4196 Εἰρήνης
1166 4105 1275 4171 καὶ
1344 4112 1460 4171 τοῦ
1525 4102 1666 4173 υἱοῦ
1733 4107 1924 4190 αὐτῆς
1994 4103 2490 4172 Κωνσταντίνου
2559 4131 2577 4170 ‘1

406 4204 1065 4293 Πορφυρογεννῆτου.

607 4312 1015 4397 Horologium
1064 4313 1402 4394 Blasiense,
1453 4335 1713 4381 rumeno
1763 4316 2055 4381 idiomate
2103 4314 2445 4399 vulgatum,
2494 4334 2577 4398 pr:

405 4420 599 4480 terea
658 4430 1016 4494 expressam
1066 4413 1445 4478 mentionem
1497 4414 1644 4480 facit
1690 4415 1942 4479 nefandi
1993 4412 2382 4479 conciliabuli
2432 4421 2577 4478 trec«

408 4520 637 4578 torum
689 4515 751 4574 et
792 4509 1045 4594 triginta
1091 4515 1228 4575 octo
1263 4512 1718 4597 episcoporum,
1769 4514 1936 4595 quod
1968 4505 2408 4577 Constantinus
2444 4511 2571 4593 Gop

2362 4618 2464 4671 33*
