3514 5391
919 767 1045 840 De
1105 765 1459 861 Proprio
1519 724 2099 877 italo-graeca

566 930 876 1012 Quoniam
923 932 1102 998 multi
1151 932 1373 998 Graeci
1440 934 1498 997 in
1551 934 1827 997 occiduis
1876 934 2120 998 Siciliae.
2187 935 2463 1019 partibus
2524 936 2630 1000 de-

391 1036 630 1115 geiite8‚
680 1032 930 1115 proprio
980 1032 1192 1096 ordine
1242 1031 1538 1096 festorum
1591 1033 1870 1097 moribus
1919 1033 2278 1097 Latinorum
2330 1035 2633 1117 tantisper

392 1130 882 1207 accommodato⁷
911 1151 960 1193 s.
983 1129 1346 1216 Josephum‚
1373 1151 1668 1215 sponsum
1698 1152 1780 1196 ss,
1807 1131 2141 1216 Deiparae,
2168 1132 2267 1196 die
2298 1131 2398 1196 19.
2423 1131 2630 1197 Martii

392 1229 716 1303 honorant,
767 1233 1111 1313 opportuna
1159 1248 1295 1293 sese
1342 1229 1446 1294 hic
1493 1229 1673 1295 offert
1722 1233 1964 1295 occasio
1994 1251 2172 1296 sacra
2198 1229 2300 1295 illa
2333 1230 2630 1295 solemnia

392 1327 806 1404 adscribendi,
857 1347 1015 1411 quae
1061 1327 1454 1414 Italo-graeci
1504 1329 1716 1414 quoad
1763 1331 2134 1393 exteriorem
2180 1329 2634 1394 solemnitatem

383 1424 766 1513 popularem
812 1447 848 1490 a
892 1425 1131 1490 Latinis
1178 1427 1262 1491 ita
1310 1428 1568 1492 mutuati
1620 1433 1783 1504 sunt,
1835 1435 1901 1493 ut
1949 1428 2010 1492 in
2050 1429 2313 1493 caeteris
2343 1428 2633 1493 omnibus

388 1531 600 1590 tamen
651 1531 886 1590 sartum
937 1545 1186 1609 semper
1234 1530 1593 1610 tectumque
1642 1532 1923 1591 maneret
1967 1527 2287 1611 ‘proprium
2341 1526 2628 1592 Officium

386 1624 540 1688 ritus
594 1624 822 1709 graeci.

569 1732 790 1797 Graeci
861 1735 991 1799 tum
1059 1731 1119 1794 in
1187 1731 1440 1800 coloniis
1504 1732 1748 1802 Siciliae
1824 1739 1950 1797 tum
2021 1734 2080 1797 in
2150 1733 2376 1799 vicinia
2443 1732 2632 1797 Urbis

387 1830 628 1897 Romae
699 1829 1050 1893 habitantes
1116 1829 1434 1895 Ecclesiae
1500 1831 1727 1895 latinae
1797 1832 1988 1895 festos
2054 1832 2188 1898 dies
2258 1855 2309 1896 s.
2367 1832 2638 1918 Josephi

388 1930 517 2009 (19.
574 1928 815 2011 Mart),
867 1930 1142 1992 omnium
1189 1928 1562 1994 Sanctorum
1612 1931 1700 2011 (1.
1752 1929 1966 2013 Now),
2035 1934 2309 1996 omnium
2336 1931 2634 2015 fidelium

387 2027 831 2113 defunctorum
860 2028 950 2111 (2.
984 2027 1046 2093 N
1050 2028 1176 2112 ον.)
1226 2049 1532 2094 consensu
1583 2034 1643 2093 et
1675 2029 2017 2094 imitatione
2052 2031 2537 2121 comprobarunt
2563 2031 2631 2113 ¹).

387 2128 915 2211 quemadmodum
967 2128 1199 2192 dictum
1251 2134 1343 2192 est
1393 2133 1560 2192 tomo
1600 2129 1655 2204 1,
1706 2149 1812 2212 pp.
1848 2128 1955 2207 30,
1992 2129 2141 2207 125,
2174 2130 2323 2197 314.
2396 2129 2630 2195 Verum

389 2225 650 2291 coloniis
700 2225 969 2312 Magnae
1019 2225 1317 2292 Graeciae
1382 2246 1488 2291 seu
1542 2225 1865 2292 Calabriae
1923 2228 2056 2292 dies
2105 2229 2205 2294 isti
2254 2219 2458 2293 minus
2507 2228 2635 2312 pla-

389 2329 686 2402 cuerunt;
725 2331 1102 2409 quapropter
1128 2325 1245 2389 tria
1269 2324 1424 2389 haec.
1451 2323 1752 2390 solemnia
1778 2326 1853 2389 iis
1878 2326 2029 2409 ipsis
2052 2327 2270 2392 diebus
2298 2326 2632 2392 hodiedum

389 2444 578 2510 agere
626 2427 912 2508 pergunt,
965 2423 1192 2507 quibus
1239 2444 1311 2489 ea
1359 2424 1646 2509 primitus
1684 2425 1995 2508 adscripta
2028 2425 2089 2489 in
2128 2425 2302 2490 libris
2334 2425 2637 2509 liturgicis

393 2523 588 2588 fuisse
637 2523 1026 2588 ostendimus
1074 2526 1243 2589 tomo
1273 2524 1330 2600 1,
1376 2544 1433 2606 p.
1463 2523 1612 2600 366,
1666 2528 1725 2586 et
1757 2529 1923 2587 tomo
1957 2522 2077 2587 hoc
2108 2524 2166 2588 2.
2218 2544 2321 2607 pp.
2347 2523 2450 2601 20,
2482 2524 2634 2587 424.

570 2631 1026 2717 Italo-graecos
1073 2632 1204 2698 fere
1254 2649 1471 2697 omnes
1502 2631 1740 2697 Latinis
1789 2630 2250 2697 obsecundasse
2279 2631 2458 2718 festo
2492 2628 2636 2693 Cor—

385 2734 567 2816 poris
623 2726 864 2795 Christi
908 2735 1158 2813 rec-epto
1183 2730 1252 2814 ²),
1305 2731 1591 2815 superius
1615 2731 1744 2814 jam
1798 2730 2359 2796 demonstravimus
2392 2751 2450 2813 p.
2482 2730 2634 2794 464.

570 2839 714 2903 Alia
761 2837 1066 2903 solemnia
1112 2838 1535 2924 italo-graeca,
1588 2838 1811 2923 partim
1847 2839 2025 2902 stat-is
2060 2840 2220 2923 apud
2252 2859 2363 2903 nos
2393 2838 2634 2918 diebuS,

392 2938 616 3020 partim
666 2937 799 3003 aliis
847 2938 1235 3022 temporibus
1283 2938 1647 3022 plerumque
1712 2938 1845 3003 sine
1894 2937 2142 3021 proprio
2194 2936 2413 3002 Officio
2462 2935 2676 3023 liturg

392 3036 550 3120 gie-o,
601 3056 833 3122 magna
878 3040 1088 3101 tamen
1134 3036 1343 3121 populi
1392 3038 1718 3102 devotione
1761 3037 2089 3114 celebrata.
2140 3037 2343 3119 ipsum
2373 3035 2638 3101 Heorto-

393 3133 599 3219 logion
635 3135 929 3220 populare
964 3136 1255 3215 ostendit,
1306 3138 1469 3220 quod
1491 3136 1670 3221 juxta
1703 3134 2078 3219 exemplaria
2110 3135 2289 3200 nobis
2324 3155 2358 3199 a
2382 3132 2634 3199 RRmis.

397 3232 538 3298 DD.
590 3234 968 3297 antistitibus
1016 3236 1257 3318 graecis
1305 3235 1572 3320 benigne
1623 3235 1988 3300 transmissa
2037 3239 2130 3299 est
2176 3232 2568 3316 hujusmodi:

625 3420 849 3477 Festa
896 3421 1290 3492 popularia
1341 3421 2047 3479 Italo-Graecorum
2100 3418 2406 3479 Siciliae.

679 3556 726 3628 Ι.
776 3552 1094 3642 Ἑορταὶ
1141 3551 1492 3644 κινηταί.
1545 3597 1626 3604 ——
1687 3558 1941 3621 Festa
1988 3555 2346 3622 mobilia.
2452 3608 2458 3614 .

429 3683 482 3747 1.
529 3678 609 3744 Ἡ
648 3675 940 3763 παναγία
985 3676 1220 3767 Μαρία
1275 3686 1387 3768 τῆς
1434 3679 1720 3766 Χάριτος
1743 3682 1795 3766 ³)
1859 3682 2105 3766 (ultimo
2168 3682 2267 3746 die
2326 3681 2553 3745 domini

548 3781 781 3846 mensis
830 3780 1113 3866 Aprilis).

582 3944 621 4010 ¹)
657 3941 713 3995 Id
752 3949 965 4012 propter
1003 3941 1215 3995 Latinos
1252 3942 1390 3995 hisce
1429 3942 1605 3995 diebus
1644 3941 1708 3994 ad
1747 3942 1993 3995 ecclesias
2034 3941 2348 3995 Graecorum
2388 3942 2551 3995 conllu

409 4026 484 4074 tes
520 4028 570 4075 et
607 4022 806 4077 clericis
845 4023 1199 4091 eleemosynas
1239 4023 1563 4076 conferente-s
1614 4020 1736 4091 (διὰ
1776 4021 1836 4073 τὸ
1876 4019 2179 4090 λαμβάνειν
2226 4019 2367 4087 ἠμῖς
2416 4020 2551 4089 Uen!

409 4101 594 4173 σύνας)
631 4104 825 4158 sactum
864 4120 976 4157 esse
1029 4106 1255 4156 testatur
1292 4103 1596 4158 Blasius,
1655 4103 1814 4155 abbas
1864 4105 1955 4165 τῖς
1993 4100 2445 4170 Κρυπτοφέῤῥης.
2504 4117 2553 4169 a}

410 4180 686 4237 Toscani
725 4182 816 4237 Ad
858 4183 1049 4253 Zilpica
1092 4183 1427 4238 Graecorum
1465 4182 1989 4248 animadversiones,
2027 4198 2076 4250 p.
2119 4184 2201 4236 11.

574 4262 619 4327 ²)
658 4264 891 4319 Monac-hi
928 4264 1119 4317 ordinis
1160 4280 1200 4315 s,
1237 4263 1414 4317 Basilii
1441 4263 1616 4332 Magni
1653 4263 1804 4316 immo
1831 4262 2045 4332 singulis
2072 4263 2216 4315 feriis
2236 4262 2295 4316 V.
2336 4279 2429 4330 per
2454 4279 2553 4315 ami

410 4343 597 4398 aliunde
636 4362 735 4399 non
775 4345 1027 4414 impeditis
1054 4344 1276 4397 recitare
1304 4349 1517 4413 possunt
1537 4343 1772 4397 Officium
1797 4344 2024 4397 votivum
2054 4342 2142 4397 SS.
2165 4343 2408 4412 Corporis
2429 4342 2552 4395 Chri

577 4423 621 4491 ¹³)
659 4424 736 4477 De
774 4425 932 4478 variis
971 4424 1118 4481 testis
1160 4422 1216 4476 B.
1258 4424 1322 4478 M.
1365 4423 1426 4477 V.
1470 4426 1556 4487 τῆς
1599 4422 1842 4491 Χάριτος
1880 4424 2010 4478 adiri
2047 4423 2200 4476 velim
2238 4439 2495 4492 nunquam
2534 4423 2548 4475 l

413 4502 575 4557 datum
612 4505 738 4557 satis
775 4494 895 4559 Ho'l
918 4504 1124 4566 weck‚
1180 4504 1341 4557 Fasti
1376 4505 1645 4559 Mariani.
1696 4504 1821 4557 locis
1860 4505 1911 4558 in
1950 4504 2113 4556 indice.
2153 4503 2392 4556 indicatis
2431 4519 2478 4572 p.
2518 4506 2551 4555 3

2327 4594 2428 4646 35*
