3514 5391
1209 537 1322 585 Τοῦ
1358 531 1524 600 ιέγίου
1568 532 1876 650 Θεοδώρου.
2556 534 2652 586 101

845 647 912 652 *ἡ
949 647 1032 652 ..4-
1103 647 1116 651 -
1197 648 1262 652 ”4
1289 648 1298 651 -
1331 647 1380 651 -.
1519 648 1564 651 ,-
1625 646 1750 651 -.ἢ
2496 644 2535 651 .,-.

419 730 578 788 nullis
638 732 951 788 veteribus
1006 730 1398 789 Kalendariis
1466 731 1689 788 nullam
1744 731 2099 788 mentionem
2157 730 2292 787 fieri
2358 730 2435 787 ad
2502 730 2656 787 diem

424 812 486 868 17.
520 810 745 882 Febr.‚
806 811 956 884 quod
994 811 1267 869 nimirum
1319 813 1508 883 primo
1550 811 1914 883 jejuniorum
1954 812 2206 869 sabbato
2260 809 2481 869 festum
2520 828 2657 883 age-

420 898 583 950 retur.
639 922 704 930 —
770 888 941 965 Quod
992 891 1143 949 idem
1194 892 1254 949 iu
1306 892 1601 964 aliquibus
1651 892 1911 965 antiquis
1948 891 2344 951 Kalendariis
2382 893 2656 964 syriacis,

418 989 474 1028 ex
509 971 826 1030 codicibus
851 972 1168 1031 Vaticanis
1195 990 1232 1030 a
1257 970 1406 1047 prof.
1433 972 1540 1030 Mo
1557 990 1588 1030 e
1606 991 1633 1030 s
1650 974 1667 1029 i
1684 991 1721 1030 n
1737 989 1873 1045 ger
1911 973 2228 1046 exscriptis
2252 973 2296 1045 ¹)
2336 974 2658 1032 observare

415 1060 508 1112 est.
571 1051 681 1111 Sic
721 1070 778 1111 v.
805 1071 860 1127 g.
901 1055 1227 1112 sabbato
1265 1053 1501 1127 primo
1540 1054 1993 1126 jejuniorum
2034 1055 2308 1125 signatur
2333 1054 2390 1111 in
2422 1055 2547 1112 cod.
2570 1055 2656 1112 37.

412 1134 687 1191 memoria
727 1153 776 1189 3.
833 1135 1023 1189 Vitalis
1070 1138 1126 1189 et
1159 1135 1383 1189 Mariae
1431 1136 1646 1189 sororis
1681 1132 1851 1204 ‘eja3,
1902 1140 1955 1188 et
2002 1152 2049 1188 3.
2089 1135 2369 1204 Ephrat'm
2422 1135 2659 1189 doctoris

412 1214 668 1285 Syrorum
726 1219 783 1269 et
829 1234 877 1270 3.
922 1215 1191 1270 Theodora
1206 1214 1271 1284 ¹)
1328 1220 1391 1273 et
1440 1216 1500 1272 iu
1552 1216 1677 1273 cod
1716 1216 1804 1275 68.
1864 1215 2148 1273 memoria
2197 1233 2243 1270 3.
2283 1216 2444 1286 Ephr
2445 1223 2553 1269 arm
2606 1220 2661 1269 et

406 1314 447 1347 3.
487 1293 859 1364 Theodori³);
915 1295 978 1353 iu
1030 1295 1155 1353 cod.
1191 1296 1280 1353 20
1319 1294 1585 1353 refertur
1628 1296 1872 1390 quidem
1926 1296 2021 1353 die
2063 1297 2145 1354 17.
2186 1296 2394 1367 F.;ebr
2451 1313 2657 1354 verum

410 1391 684 1447 expresse
726 1374 992 1449 additur,
1030 1378 1153 1447 ejus
1188 1378 1504 1431 memoriam
1543 1379 1639 1448 aqi
1673 1379 1728 1433 in
1753 1378 1977 1447 jejunio
2014 1393 2209 1448 maqno
2226 1378 2293 1448 ⁴).
2351 1377 2424 1435 In
2463 1377 2657 1435 tribus

408 1454 705 1514 codicibus
747 1458 835 1527 19,
873 1457 962 1515 69.
1003 1466 1064 1516 et
1101 1459 1187 1517 77.
1226 1459 1465 1517 tandem
1507 1459 1702 1517 cietur
1741 1459 1818 1516 ad
1857 1459 2046 1532 ipsum
2086 1458 2241 1516 diem
2281 1475 2447 1517 suum
2486 1462 2656 1515 nata-

407 1537 512 1594 lem
551 1538 640 1595 17.
679 1537 889 1608 Febr„
930 1554 1097 1610 quem
1139 1545 1202 1596 et
1237 1540 1378 1593 diem
1404 1540 1770 1595 coronationis
1808 1541 2122 1612 eleganter
2159 1542 2339 1596 vocat
2365 1537 2549 1596 codex
2567 1538 2656 1595 71.

405 1615 740 1691 Interpreti
785 1620 1032 1676 arabico
1069 1619 1430 1678 Kalendarii
1485 1620 1704 1679 codicis
1744 1621 1829 1678 19.
1885 1620 1944 1676 id
1994 1620 2235 1677 humani
2287 1618 2539 1689 accidit,
2593 1626 2657 1676 ut

404 1696 721 1768 ἐπωνύμιον
760 1703 862 1750 τοῦ
908 1701 1163 1772 Τίρωνος
1207 1719 1313 1775 pro
1366 1703 1706 1776 cognomine
1755 1702 1954 1776 patrio
2003 1702 2335 1774 acceperit,
2393 1700 2654 1772 illudque

403 1781 610 1844 acvb-t
642 1781 945 1839 vertendo
984 1787 1250 1840 sanctum
1290 1789 1553 1842 nostrum
1599 1783 1819 1855 llyrium
1857 1781 2092 1840 fecerit.
2133 1813 2195 1821 -—
2237 1781 2513 1841 Aliarum
2555 1799 2655 1839 na-

407 1858 622 1917 tionum
669 1860 1136 1921 christianarum
1178 1862 1440 1921 Orientis
1490 1876 1707 1922 morem
1749 1863 2003 1921 Armeni
2052 1879 2281 1935 quoque
2315 1869 2655 1936 sequuntur,

405 1940 709 2012 assignato
761 1942 892 2013 eius
944 1944 1261 2003 honoribus
1301 1944 1489 2018 primo
1529 1946 1781 2003 sabbato
1822 1944 2199 1999 Karasnort-lc
2245 1942 2362 2013 (τῆς
2397 1957 2657 2012 τεσσαρα-

402 2021 612 2091 morie)
668 2039 774 2081 seu
825 2023 957 2078 Mea
993 2025 1134 2079 ball-
1151 2026 1187 2079 Ιι·
1223 2024 1358 2096 (τῶν
1406 2025 1667 2095 μεγάλων
1715 2023 2019 2093 νηστειων)
2109 2022 2229 2081 Sed
2288 2023 2361 2081 de
2410 2024 2503 2082 his
2553 2041 2655 2082 suo

404 2101 523 2160 loco
557 2103 760 2178 plura.

435 2555 781 2643 Κυριακὴ
825 2552 1094 2641 πρώτη
1135 2557 1277 2619 τῶν
1323 2540 1691 2645 νηστειῶν
1738 2551 1906 2641 ἢτοι
1954 2557 2083 2639 τῆς
2130 2548 2621 2639 ὄρθοὸοξίας.

569 2698 613 2763 S
634 2699 781 2763 lav.
839 2699 1119 2788 Nedelja
1149 2703 1209 2768 1.
1235 2712 1429 2787 posta
1456 2699 1534 2764 ili
1554 2698 2045 2788 pravoslavzja;
2093 2719 2256 2762 rum
2276 2719 2308 2762 e
2327 2720 2385 2762 n.
2438 2698 2649 2761 Domi-

417 2798 569 2860 nec’a
619 2801 681 2861 1.
735 2821 778 2860 a
825 2797 1293 2863 Paresemiloru
1339 2822 1492 2863 scau
1540 2824 1581 2863 a
1628 2796 2025 2862 ortodocsiei.

569 2922 812 2988 Exacto
862 2925 1058 2988 sancti
1110 2923 1417 3013 Theodori
1466 2925 1662 3002 fest0‚
1729 2922 1893 2987 aliud
1944 2922 2228 3006 sequenti
2280 2921 2377 2985 die
2426 2921 2647 3004 agitur,

409 3023 557 3102 quod
607 3020 1150 3106 Theophanes
1184 3021 1616 3088 Gerameus
1664 3042 1945 3085 sermone
1971 3042 2118 3084 σηοω
2145 3018 2496 3082 indicando
2526 3040 2649 3083 non

405 3119 739 3204 incongrue
789 3125 967 3185 vocat
1011 3125 1120 3203 τῆς
1163 3125 1291 3184 τῶν
1328 3115 1700 3202 σεβασμίων
1745 3114 2008 3184 εἰκόνων
2053 3120 2541 3204 προσκυνήσεως
2566 3117 2648 3180 τὰ

405 3212 719 3297 firmina,
793 3217 1102 3284 solemnia
1166 3221 1609 3284 encaeniarum
1674 3217 2077 3282 adorationis
2145 3214 2650 3281 venerandarum

577 3452 621 3517 ι)
663 3451 742 3506 Ea
780 3467 846 3505 ex
885 3451 1044 3504 variis
1083 3451 1306 3505 defuncti
1346 3467 1468 3505 msc.
1507 3452 1725 3519 benigne
1766 3450 1925 3504 fuisse
1950 3450 2211 3503 nobiscum
2238 3450 2301 3502 ab
2328 3450 2491 3503 amico
2518 3465 2648 3502 com-

408 3534 671 3599 municata,
709 3530 852 3601 grati
885 3533 997 3600 jam
1033 3546 1206 3584 sumus
1244 3532 1459 3600 professi
1497 3535 1621 3585 tom.
1663 3534 1711 3597 1,
1752 3547 1801 3600 p.
1840 3529 2127 3583 XXXVIII.

576 3611 625 3679 ²)
662 3612 722 3667 In
760 3612 942 3666 eodem
981 3616 1127 3665 textu
1176 3612 1377 3681 syriaco
1428 3611 1669 3666 notabilis
1724 3611 1853 3665 haec
1902 3611 2106 3664 rubrica
2159 3611 2348 3678 legitur
2399 3612 2461 3665 de
2514 3613 2648 3664 fest-o

411 3697 498 3745 τοῦ
533 3692 976 3761 εὖαγγελισμοῦε
1013 3691 1235 3746 Festum
1274 3692 1739 3758 Annuntiationis,
1779 3692 1835 3746 in
1874 3707 2236 3760 quemcunque
2276 3692 2417 3745 diem
2449 3692 2647 3745 incide·

410 3773 498 3839 rit,
544 3774 786 3828 celebrat
822 3773 1113 3832 Ecclesia:
1167 3771 1309 3841 quod
1354 3773 1408 3826 31⁶
1453 3771 1709 3827 inciderit
1754 3772 1811 3826 in
1841 3771 2054 3842 feriam
2108 3771 2193 3824 VI.
2245 3771 2649 3841 Crucifixionis,

411 3853 626 3923 litat-qia
666 3854 996 3908 celebratur.
1071 3851 1212 3918 Quae
1265 3853 1447 3922 regula
1495 3853 1673 3920 quanti
1724 3853 1797 3905 sit
1844 3853 2088 3906 momenti
2141 3852 2192 3904 in
2242 3851 2523 3904 dirimenda
2562 3852 2647 3905 bo-

413 3932 580 3988 diemo.
617 3933 982 3988 controversia
1027 3934 1089 3987 de
1144 3934 1292 4004 hujus
1345 3933 1444 3987 diei
1494 3934 1798 3988 celebritate
1850 3933 1984 4001 apud
2034 3932 2339 3998 orientaleS‚
2398 3948 2544 3986 nemo
2582 3948 2647 3985 ex

415 4028 572 4067 rerum
610 4013 950 4083 prudentibus
990 4018 1087 4079 cst,
1131 4015 1209 4069 cui
1248 4015 1570 4083 perspicuum
1607 4029 1708 4067 non
1745 4014 1830 4067 sit.

584 4096 628 4160 ⁸)
666 4094 719 4148 S.
759 4095 1046 4164 Ephraem,
1097 4111 1245 4164 quem
1285 4095 1471 4149 Graeci
1525 4094 1810 4148 solitarium
1850 4094 2023 4147 colunt
2061 4094 2142 4146 die
2179 4092 2264 4146 28.
2304 4091 2537 4146 Januarii
2577 4093 2646 4158 (v.

415 4179 527 4229 tom.
565 4178 614 4241 1,
652 4192 702 4245 p.
741 4176 856 4243 84),
898 4175 1058 4229 etiam
1093 4176 1144 4228 in
1182 4175 1493 4229 Kalendario
1532 4176 1733 4244 syriaco
1773 4173 1960 4229 codicis
1999 4174 2118 4226 Vat.
2157 4173 2243 4226 69.
2284 4172 2348 4224 ad
2385 4175 2435 4225 8.
2476 4171 2647 4225 Martii

413 4256 594 4310 socium
631 4257 790 4311 habet
827 4272 872 4310 s,
913 4254 1249 4309 Theodorum.

581 4336 626 4402 ⁴)
664 4336 844 4391 Simile
884 4336 1005 4406 quid
1043 4340 1321 4389 annotatur
1355 4336 1406 4389 in
1445 4353 1517 4390 cc.
1556 4337 1642 4391 37.
1682 4339 1734 4388 et
1774 4335 1860 4389 69.
1900 4335 1967 4388 de
2004 4352 2077 4388 33.
2107 4332 2475 4402 quadraqinta
2502 4347 2647 4384 mar·

409 4416 612 4486 tyribus
649 4415 994 4482 Sebastenis,
1043 4415 1241 4470 scilicet
1278 4432 1452 4470 eorum
1480 4419 1690 4487 festum
1727 4431 1943 4485 semper
1981 4414 2076 4482 aqi
2111 4412 2199 4466 die
2235 4411 2451 4464 sabbati
2498 4410 2644 4463 inter

412 4495 457 4550 7.
493 4500 546 4551 et
579 4496 671 4552 14.
709 4496 923 4553 men-31⁶3
961 4496 1174 4551 Martii.
