3514 5391
812 510 988 563 Mense
1027 509 1255 564 Octobri.
1312 511 1527 565 Festum
1564 511 1675 565 VII.
1715 512 1904 582 Synodi
1943 529 2204 569 oecumen.
2527 516 2632 570 519

566 705 777 761 Graeci
812 706 1081 761 photiani
1113 707 1357 766 tandem
1414 708 1563 765 adeo
1602 709 1804 766 aversi
1843 715 1981 767 sunt
2019 726 2055 766 a
2093 711 2334 783 synodis
2374 729 2637 771 oecume-

384 786 529 843 nicis
566 793 705 858 post
744 803 943 844 eorum
999 788 1075 845 ab
1114 787 1398 868 Ecclesia
1436 789 1733 847 catholica
1784 790 2223 862 separationem
2261 792 2514 864 habitis,
2567 799 2633 850 ut

382 872 607 925 coetum
648 884 820 925 suum
858 875 1149 941 perpetuo
1186 867 1285 934 τὴν
1322 869 1603 934 ἐκκλησίαν
1643 873 1749 921 τῶν
1786 868 1919 922 ἑπτά
1953 874 2348 941 οἰκονμενικῶν
2376 872 2630 927 συνόδων

381 948 693 1020 appellent
712 948 771 1018 ¹),
827 963 1009 1020 eoque
1049 948 1224 1008 titulo
1261 955 1438 1007 tanta
1476 952 1879 1009 ostentatione
1917 957 2194 1020 utantur,
2247 959 2313 1011 ut
2357 960 2628 1028 septena-

377 1025 525 1084 rium
569 1028 930 1100 synodorum
987 1045 1287 1087 numerum
1341 1030 1529 1089 veluti
1580 1031 1879 1104 propriam
1929 1049 2113 1091 verae
2152 1032 2381 1092 Christi
2419 1034 2629 1093 Eccle-

376 1106 499 1166 siae
538 1114 748 1166 notam
787 1109 1168 1167 constituant.
1246 1110 1416 1183 Quod
1456 1112 1888 1185 ineptissimum
1918 1120 2304 1171 commentum
2334 1114 2392 1170 in
2421 1115 2628 1187 primis

374 1188 736 1259 gravissime
776 1190 1051 1263 exagitat
1089 1191 1172 1247 cl.
1211 1189 1616 1250 Duchesne
1669 1193 1729 1250 in
1767 1192 1946 1251 Actis
1984 1193 2073 1252 lit.
2113 1194 2239 1261 „La
2265 1194 2628 1262 Qatneaine“‚

378 1268 528 1339 1896,
568 1286 625 1327 n.
673 1273 732 1335 l,
787 1275 968 1343 atque
1008 1272 1147 1329 inde
1186 1272 1362 1329 relat.
1415 1273 1585 1331 initio
1636 1272 1869 1346 quidem
1922 1274 1983 1332 in
2029 1275 2253 1341 „Reme
2290 1275 2357 1329 de
2393 1275 2630 1330 I'Orient

372 1350 679 1417 chretien“,
719 1351 876 1421 1896,
916 1370 969 1409 n.
1001 1352 1055 1419 3,
1096 1352 1308 1410 deinde
1349 1353 1409 1410 in
1445 1353 1682 1425 proprio
1709 1369 1889 1427 opere
1918 1354 2231 1427 inscripto:
2273 1356 2385 1410 Les
2404 1341 2627 1426 E’qlises

368 1431 652 1502 seper-ees,
693 1437 849 1505 part.
867 1434 937 1503 3.,
964 1432 1161 1504 Paris,
1202 1432 1357 1492 1896.
1417 1432 1638 1505 Ipsum,
1674 1433 1725 1491 si
1750 1442 1949 1504 vacat,
1989 1435 2049 1492 in
2075 1435 2318 1509 propria
2347 1452 2455 1493 sua
2482 1437 2623 1495 sede

372 1511 576 1571 adeas,
657 1510 805 1582 Noe,
844 1512 1054 1585 quibus
1093 1529 1199 1587 pro
1236 1512 1503 1572 instituti
1540 1514 1775 1572 ratione
1814 1515 2105 1573 brevitati
2133 1516 2483 1574 studendum
2514 1528 2622 1583 est,

369 1592 519 1649 satis
558 1592 869 1664 habemus,
926 1609 1117 1667 pauca
1169 1594 1457 1665 quaedam
1499 1611 1571 1651 ex
1609 1594 1866 1665 longiori
1906 1594 2011 1653 illo
2051 1596 2472 1653 commentario
2523 1597 2624 1654 ad-

369 1670 659 1745 scribere,
713 1689 826 1744 quo
862 1672 1256 1731 Antonius
1294 1673 1795 1746 Possevinus,
1853 1674 2203 1734 Pontificius
2245 1677 2321 1733 ad
2361 1676 2622 1735 Moscum

366 1752 658 1825 Legatos,
701 1769 938 1811 errores
978 1752 1346 1813 Graecorum
1374 1755 1712 1813 luculenter
1737 1754 2058 1814 refutando
2078 1756 2143 1828 ²),
2182 1755 2456 1828 Magnum
2497 1756 2622 1815 Du·

368 1849 494 1890 cem
523 1833 871 1892 Moscoviae
890 1833 937 1905 ⁸)
978 1835 1227 1893 meliora
1267 1836 1327 1892 in
1366 1836 1521 1893 hunc
1561 1836 1789 1893 modum
1831 1837 2069 1894 edocuit
2107 1854 2198 1894 an.
2239 1837 2406 1895 1583:
2450 1839 2621 1905 Quum

368 1914 575 1970 Graeci
608 1914 863 1970 viderent
895 1916 1016 1971 sine
1053 1932 1159 1970 uno
1170 1919 1404 1987 pastore
1429 1916 1632 1971 visibili
1669 1958 1681 1969 .
1721 1958 1733 1970 .
1777 1958 1788 1970 .
1830 1934 1952 1971 sese
1988 1934 2262 1986 nunquam
2294 1934 2456 1987 posse
2493 1920 2622 1989 18ῃί-

365 1993 498 2048 tima
536 1996 772 2049 concilia
809 2011 1003 2067 coyere
1043 2037 1053 2048 .
1095 2036 1108 2050 .
1149 2037 1161 2049 .
1202 1996 1485 2050 Romanae
1522 2000 1701 2050 autem
1742 1997 2029 2052 Ecclesiae
2065 2002 2355 2052 cernerent
2389 2000 2621 2053 auctori-

364 2079 535 2130 tatam
573 2092 739 2131 suam
778 2075 834 2131 in
871 2075 1124 2147 cogendis
1160 2093 1225 2131 ac
1262 2076 1650 2147 confirmandis
1687 2077 1931 2132 conciliis
1961 2078 2315 2147 generalibus
2350 2079 2619 2150 integram

364 2160 589 2211 restare
604 2156 655 2226 ⁴)
685 2198 697 2210 .
727 2198 739 2211 .
768 2197 803 2222 .‚
826 2160 1127 2228 propterea
1165 2155 1444 2210 mendacio
1469 2157 1561 2210 usi
1583 2157 1866 2212 ceritatem
1895 2161 2079 2227 teqere
2104 2159 2425 2226 coluerant,·
2463 2161 2626 2228 quasi

363 2238 597 2308 septima
649 2238 893 2310 synodus
942 2238 1178 2292 aliorum
1234 2238 1579 2292 conciliorum
1628 2238 1881 2309 deinceps
1930 2237 2286 2307 cogendorum
2337 2241 2627 2295 sustulerit

365 2322 461 2372 aut
496 2318 699 2373 tollere
723 2320 974 2388 potuerit
1012 2318 1356 2389 facultatem.
1442 2319 1671 2373 Ubinam
1716 2320 1971 2374 Christus
2021 2320 2120 2374 hoc
2157 2320 2345 2374 dixit?
2417 2321 2624 2390 Ecquis

364 2398 622 2469 alliqaeit
656 2399 874 2454 verbnm
913 2400 1027 2454 Dei
1034 2402 1065 2453 ῥ’
1142 2400 1277 2467 Quis
1314 2399 1579 2469 Spiritum
1616 2404 1863 2455 sanctum
1903 2400 2267 2455 obmutescere
2294 2401 2453 2471 fecit,
2491 2402 2617 2470 quin

364 2479 772 2550 emerqentibus
808 2480 1097 2535 erroribus
1134 2483 1190 2535 et
1212 2478 1566 2546 'haeresibus‚
1619 2480 1905 2535 Ecclesiae
1919 2521 1936 2547 ‚
1986 2496 2157 2549 usque
2204 2481 2281 2535 ad
2314 2484 2618 2535 extremum

363 2561 557 2615 mundi
594 2560 761 2627 diem,
797 2561 1138 2616 christianae
1174 2561 1496 2617 concordiae
1531 2563 1856 2627 consuleret,
1895 2578 1959 2616 ac
1984 2578 2094 2630 per
2130 2560 2355 2615 concilia
2388 2578 2617 2630 qenera-

364 2641 510 2695 libus
544 2642 759 2695 morbis
794 2642 1095 2698 remedium
1134 2642 1461 2698 adhiberet?

552 2856 596 2924 ¹)
639 2855 783 2923 Quod
821 2856 996 2910 videre
1035 2861 1118 2910 est
1152 2858 1461 2926 praesertim
1512 2858 1563 2911 in
1600 2857 1821 2927 epistola
1861 2856 2121 2927 encyclica
2166 2858 2356 2911 mensis
2394 2858 2616 2926 Augusti

365 2953 446 2990 an.
489 2937 653 3004 1895,
689 2937 775 2991 ubi
814 2935 1080 2992 CPolitani
1120 2937 1439 2991 insolentiori
1476 2937 1861 3007 praedicatione
1899 2953 2082 2990 nomen
2120 2937 2256 2992 istud
2289 2939 2511 3007 jactant.

549 3017 597 3086 ²)
638 3017 718 3072 De
752 3019 850 3073 hoc
900 3019 1265 3078 commentario
1316 3019 1597 3072 consulesis
1644 3018 1737 3072 De
1778 3017 2614 3088 Backer-Sommervogel,

366 3099 774 3168 Bibliotheque,
811 3104 850 3152 t.
888 3100 939 3164 6,
978 3114 1062 3168 pp.
1102 3100 1473 3166 1071—1072,
1514 3099 1635 3153 edit.
1674 3101 1726 3153 3.

557 3182 605 3247 ')
647 3179 772 3233 Ivan
808 3175 1073 3233 Vasilevic
1111 3177 1216 3244 IV„
1269 3183 1608 3247 cognomento
1659 3178 1944 3233 Terribilis
1986 3177 2414 3245 (1533—1584),
2472 3180 2615 3248 cujus

366 3260 641 3314 historiam
657 3260 731 3326 (in
744 3264 1045 3315 transcursu
1059 3262 1261 3327 moneo)
1289 3265 1469 3314 nostra
1489 3264 1665 3314 aetate
1687 3260 1900 3329 egregie
1931 3260 2209 3313 illustravit
2235 3258 2415 3312 Paul.
2438 3259 2478 3312 P
2495 3260 2508 3312 i
2526 3274 2615 3314 er-

368 3339 543 3410 ling,
582 3340 666 3393 vir
703 3340 764 3394 de
804 3341 969 3395 literis
1006 3341 1251 3396 russiacis
1289 3343 1480 3412 optime
1516 3343 1750 3396 meritus.
2247 3337 2255 3344 ’

550 3419 596 3486 ⁴)
639 3419 904 3475 Possevini
943 3422 1110 3476 animo
1149 3422 1413 3477 obversari
1462 3423 1701 3476 videntur
1752 3423 2028 3476 canonicae
2080 3422 2368 3475 sententiae
2418 3422 2486 3475 de
2536 3423 2614 3474 in—

369 3499 629 3555 consutili
659 3499 840 3556 tunica
862 3501 1088 3556 Domini
1122 3507 1176 3555 et
1214 3502 1282 3556 de
1306 3503 1461 3557 unico
1488 3502 1615 3556 ovili
1636 3502 1863 3567 Christi,
1902 3503 2082 3571 quibus
2109 3502 2413 3555 inconcussa
2437 3501 2614 3555 Eccle-

370 3582 476 3635 siae
516 3580 803 3636 catholicae
842 3582 1060 3636 firmitas
1097 3582 1194 3635 hac
1232 3582 1393 3636 ferme
1430 3582 1629 3635 ratione
1667 3583 1719 3635 in
1750 3583 1867 3652 jure
1904 3598 2051 3635 sacro
2079 3581 2390 3635 illustratur:
2432 3581 2615 3648 „Licet

370 3662 713 3730 schismatici,
770 3662 1134 3717 subtrahentes
1171 3678 1227 3715 se
1266 3663 1329 3717 ab
1369 3663 1566 3716 unitate
1607 3663 1793 3731 capitis
1832 3661 2049 3715 visibilis
2087 3660 2349 3715 Ecclesiae
2389 3661 2613 3714 tunicam

370 3742 576 3796 Domini
616 3743 969 3798 inconsutilem
1006 3744 1235 3798 scindere
1273 3745 1521 3811 nitantur,
1561 3759 1673 3797 eam
1712 3747 1886 3797 tamen
1913 3760 2012 3796 non
2038 3742 2290 3810 scindunt,
2328 3742 2462 3812 quia,
2502 3742 2612 3796 Deo

372 3827 695 3891 protegente,
733 3822 895 3878 scindi
932 3840 1033 3878 non
1069 3829 1273 3894 potest;
1313 3841 1378 3878 ex
1414 3841 1512 3894 quo
1551 3825 1684 3878 enim
1723 3841 1755 3877 a
1784 3823 2013 3877 Romano
2040 3821 2302 3888 Pontifice,
2342 3822 2534 3876 Christi
2562 3824 2612 3875 in

372 3904 528 3956 terris
568 3902 774 3971 vicario,
825 3905 1101 3970 recedunt,
1145 3907 1254 3974 jam
1293 3909 1444 3958 extra
1480 3905 1621 3959 illam
1659 3905 1885 3958 tunicam
1925 3903 2279 3957 inconsutilem
2332 3919 2424 3956 seu
2463 3909 2612 3956 extra

373 3982 642 4036 ecclesiam
679 3983 849 4038 sunt.“
903 4015 965 4023 —
1021 3984 1295 4039 Similiter:
1354 3984 1554 4054 „Quum
1603 3984 1838 4038 Ecclesia
1877 3983 2131 4037 catholica
2177 3984 2247 4035 sit
2297 3998 2449 4035 unum
2489 3982 2610 4036 illud

374 4062 523 4128 ovile,
574 4064 706 4133 quod
743 4064 978 4119 Christus
1015 4066 1101 4119 uni
1138 4065 1296 4119 Petro
1334 4065 1589 4119 commisit
1625 4081 1717 4134 per
1753 4064 2187 4118 commissionem:
2227 4061 2406 4115 Pasce
2442 4078 2613 4130 aqnos

374 4156 538 4207 meos,
564 4159 732 4212 pasce
768 4159 892 4199 oves
926 4161 1098 4210 meas,
1148 4147 1232 4216 qui
1271 4146 1334 4200 ab
1373 4145 1664 4200 obedientia
1700 4146 1846 4199 Petri
1886 4146 2097 4214 ejusque
2136 4144 2188 4196 in
2224 4142 2354 4197 Sede
2381 4142 2610 4195 Romana

376 4236 724 4278 successorum
762 4241 819 4278 se
857 4226 1146 4295 subtrahit,
1203 4242 1305 4280 non
1351 4227 1569 4296 amplius
1620 4233 1701 4280 est
1750 4227 1813 4280 de
1863 4226 1984 4279 ovili
2024 4225 2245 4290 Christi3
2303 4239 2482 4276 verum
2520 4239 2613 4292 per

378 4315 519 4355 suum
558 4304 623 4357 ab
659 4304 780 4358 ovili
816 4305 1097 4360 discessum
1148 4324 1250 4361 non
1287 4307 1461 4373 efficit,
1512 4312 1570 4361 ut
1606 4307 1840 4361 Ecclesia
1878 4306 2081 4359 desinat
2119 4321 2233 4359 esse
2272 4319 2435 4356 unum
2475 4303 2610 4356 orile

378 4379 474 4434 uni
505 4382 738 4438 Pastori
770 4386 1127 4442 commissum.
1183 4386 1323 4441 -Inde
1360 4388 1448 4453 fit,
1489 4392 1546 4440 ut
1582 4403 1675 4455 per
1711 4387 2054 4440 defectionem
2092 4401 2284 4451 eorum,
2323 4384 2407 4453 qui
2446 4400 2477 4436 a
2511 4383 2609 4436 Ro·

379 4477 523 4516 mano
543 4461 804 4530 Pontifice‚
843 4464 1036 4521 Christi
1074 4468 1126 4523 in
1163 4467 1318 4522 terris
1355 4465 1563 4530 vicario,
1603 4466 1865 4532 recedunt,
1904 4465 2028 4519 nihil
2067 4464 2372 4522 detrahatur
2401 4465 2463 4518 de
2483 4465 2609 4536 jum·-
