3514 5391
763 483 872 537 134
1416 480 1576 535 Festa
1612 479 1821 533 mobilia
1856 479 1907 533 in
1945 477 2368 546 Quadragesima.

765 685 826 745 et
870 677 1144 767 μεσότης
1185 682 1315 742 τῶν
1360 681 1684 763 νηστειῶν,
1733 675 2037 740 medietas
2052 676 2467 765 jejuniomm‚
2518 680 2732 738 etune
2762 674 3013 746 nomine

765 776 1247 863 μεσονὴστιμος,
1296 776 1491 840 medii
1519 775 1779 863 jejunii,
1828 777 2118 839 vocatur:
2169 776 2336 858 quod
2384 774 2620 840 seilicet
2668 794 2743 838 ex
2771 778 3010 857 septem

765 877 1194 955 hebdomadiS‚
1245 895 1398 960 quas
1436 874 1746 958 jejunium
1778 872 2313 958 quadragesimale
2343 874 2509 958 apud
2542 874 2817 951 Graecos
2842 891 3012 937 com-

768 978 1057 1062 plectitur
1120 976 1415 1061 integraS‚
1484 977 1704 1057 quarta
1747 972 1905 1037 haec
1952 972 2226 1036 medium
2285 972 2403 1037 sibi
2465 973 2737 1037 vindicet
2781 971 3009 1036 locum.

767 1078 935 1156 Quae
982 1076 1170 1159 igitur
1216 1069 1285 1137 ἐν
1328 1075 1408 1158 τῇ
1450 1065 1917 1158 μεσονηστίμῳ,
1965 1071 2170 1135 medio
2203 1072 2601 1161 jejuniorum
2648 1080 2917 1157 tempore
2942 1070 3011 1153 ¹),

767 1175 968 1239 dictae
1013 1172 1305 1258 leguntur
1353 1174 1632 1236 veterum
1680 1169 1991 1248 homiliae,
2041 1189 2153 1236 eae
2200 1190 2417 1234 omnes
2465 1169 2713 1234 habitae
2740 1172 2881 1233 sunt
2916 1170 3014 1235 die

768 1274 971 1357 aliquo
1018 1272 1207 1356 hujus
1254 1270 1701 1347 hebdomadae,
1746 1289 1878 1352 qua
1924 1290 1973 1335 s,
2009 1289 2157 1334 crux
2187 1269 2477 1335 omnibus
2509 1267 3015 1359 christifidelibus

771 1371 1018 1456 publice
1066 1392 1102 1436 a
1149 1362 1470 1436 sacerdote
1518 1368 1844 1453 exponitur
1893 1369 2221 1434 adoranda.

957 1553 1051 1637 Τῇ
1096 1545 1366 1633 τετάρτῃ
1409 1550 1520 1632 τῆς
1565 1544 1763 1632 μέσης
1808 1542 2193 1630 ἑβδομάδος·
2240 1534 2514 1634 μεσότης
2541 1549 2670 1611 τῶν
2694 1551 3014 1634 νηστειῶν.

951 1684 1152 1749 Slav.
1205 1681 1623 1769 Sredoposte;
1668 1704 1961 1750 rumen.
2013 1684 2547 1757 Indiumatdtirea
2581 1680 2891 1770 postidea-i.

951 1810 1110 1874 Prae
1159 1809 1419 1873 caeteris
1481 1809 1702 1874 diebus
1765 1809 2029 1875 celebris
2084 1809 2355 1875 habetur
2402 1809 2557 1875 feria
2602 1809 2745 1887 IV..
2809 1812 3020 1891 utpote

774 1929 951 1993 quae,
999 1908 1193 1991 ipsius
1241 1908 1480 1972 mediae
1527 1906 1941 1972 hebdomadis
1992 1909 2210 1987 media,
2262 1903 2598 1991 ἐξαιρέτως
2645 1911 2740 1971 est
2772 1906 3023 1970 dicitur-

774 2027 894 2091 que
943 2008 1072 2071 sive
1118 2001 1317 2092 ἡμέρα
1362 2003 1827 2092 μεσονὴστιμος
1874 2006 2003 2071 sive
2034 2004 2198 2094 μέση
2225 2010 2355 2070 τῶν
2383 2008 2704 2092 νηστειῶν.
2776 2005 2849 2069 In
2885 2025 3021 2069 eam

775 2105 1380 2189 praestantissimum
1428 2124 1710 2183 carmen,
1782 2125 1857 2168 ex
1919 2104 2264 2192 tropologio
2326 2105 2703 2170 Taurincnsi.
2754 2108 3016 2179 erutum,

775 2206 882 2268 dat
927 2203 1082 2269 Em.
1131 2202 1393 2280 Pitra,
1444 2202 1733 2269 Analect.
1784 2208 1933 2267 tom.
1989 2206 2045 2275 1.
2097 2224 2198 2288 pp.
2248 2203 2625 2268 472—473.

963 2384 1056 2467 Τῇ
1102 2378 1181 2444 δ’.
1227 2385 1344 2444 τοῦ
1390 2378 1598 2468 ὄφεως
1643 2380 1912 2461 χαλκοῦ,
1976 2386 2090 2446 τοῦ
2148 2380 2262 2445 τὸν
2321 2380 2596 2469 σταυρὸν
2646 2385 3024 2456 τυποῦιτος.

782 2482 974 2545 Feria
1022 2481 1065 2544 Ι
1069 2480 1135 2545 V.
1185 2481 1493 2566 serpentis
1542 2482 1744 2560 aenei,
1796 2492 2011 2569 typum
2057 2484 2256 2546 <macie
2303 2482 2595 2569 florentis,

957 2606 1026 2671 In
1077 2610 1319 2671 vetusto
1368 2606 1742 2671 Kalendario
1792 2608 2056 2691 syriaco
2120 2608 2350 2673 codicis
2408 2608 2691 2673 Vaticani
2740 2605 2847 2681 37,
2916 2628 3025 2669 no—

781 2711 976 2770 tatur:
1047 2705 1244 2769 Feria
1290 2705 1333 2768 Ι
1337 2705 1426 2788 V„
1486 2729 1644 2793 quae
1693 2716 1786 2770 est
1813 2708 1901 2786 ⁸in
1948 2708 2156 2771 media
2211 2706 2736 2791 Quadi-ayesimffi
2783 2705 3028 2791 festum

780 2804 1089 2890 serpentis
1121 2805 1322 2881 aenei,
1357 2804 1394 2871 i.
1432 2824 1508 2883 e.,
1544 2807 1748 2869 crucis
1777 2802 1958 2890 (ida
1985 2806 2261 2894 d’chevjci
2291 2805 2380 2869 da
2410 2804 2759 2886 πόῘιιῖεοῘιιῖ,
2789 2801 3028 2888 ς’ῑῖὂιῖ),

783 2912 840 2966 et
883 2901 1130 2986 Abqari
1172 2903 1357 2987 reqvie,
1407 2912 1476 2966 et.
1520 2902 1765 2967 Guriae
1812 2914 1870 2966 et
1918 2902 2233 2968 Samonae
2260 2907 2338 2967 'et
2388 2902 2597 2967 Abibi.

961 3009 1326 3093 Serpentem
1376 3030 1657 3088 aeneum,
1709 3031 1746 3076 a
1794 3011 2013 3095 Moyse
2060 3011 2122 3076 in
2171 3010 2423 3076 sublimi
2472 3010 2860 3087 collocatum,
2920 3030 3028 3074 an-

783 3109 954 3192 tiqua
1001 3112 1400 3173 monumenta
1449 3108 1738 3194 liturgica
1782 3109 2013 3194 duplici
2047 3131 2120 3174 ex
2145 3109 2323 3174 titulo
2348 3101 2743 3175 veneratione
2770 3108 3027 3192 dignum

785 3206 1201 3290 pronuntiant,
1269 3211 1401 3271 tum
1453 3208 1619 3290 qnod
1668 3214 1835 3272 esset
1882 3208 2082 3293 figura
2128 3207 2361 3273 Christi
2418 3208 2481 3272 in
2529 3227 2712 3273 cruce
2760 3205 3027 3285 exaltati,

785 3311 916 3370 tum
965 3304 1132 3387 quod
1180 3305 1622 3388 aspicientibus
1669 3306 1847 3371 daret
1878 3307 2161 3372 salutem.
2234 3306 2329 3372 Ex
2360 3306 2546 3372 variis
2580 3305 2835 3371 canticis
2866 3306 3031 3370 hunc

785 3403 987 3468 “mei‘'
1034 3413 1250 3490 tyPum
1296 3399 1535 3487 (τύπον
1580 3406 1889 3491 σταυροῦ)
1951 3405 2409 3471 declarantibus
2471 3405 2661 3470 breve
2720 3404 2844 3470 hoc
2891 3422 3032 3466 στι-

786 3498 977 3587 χηρὸν
1023 3499 1418 3585 προςόμοιον
1465 3503 1709 3587 accipe:

884 3614 1082 3703 Ὄφιν
1129 3613 1527 3706 ἀνεστήλωσε
1587 3616 1861 3699 χαλκοῦν
2076 3621 2364 3686 Aeneum
2425 3625 2779 3704 serpentem
2841 3621 3036 3685 crexit

789 3713 999 3779 πάλαι
1078 3715 1365 3800 Manioi-19
1454 3714 1489 3779 ὃ
1569 3715 1863 3804 θεόπτης
1971 3721 2279 3803 quondam
2304 3719 2563 3803 Moyses
2591 3719 2791 3784 Deum
2823 3718 3035 3783 videns

787 3811 952 3898 πρὸς
1013 3812 1127 3901 τὴν
1174 3811 1498 3901 ἀναίρεσιν
1555 3819 1684 3879 τῶν
1743 3814 1859 3880 δα·
1970 3817 2410 3883 interficiendis
2468 3817 2879 3902 serpentibu8‚
2931 3818 3032 3900 qui

791 3910 1068 3977 κνόντων
1088 3908 1318 4000 ὄφεων.
1366 3912 1595 3990 Αὐτὸς
1619 3913 1688 3977 δὲ
1710 3911 1862 3978 ὅλον
1972 3935 2180 3980 morsu
2264 3914 2561 4000 populum
2637 3915 3033 3980 infestabant.

790 4009 1027 4075 σαυτὸν
1086 4008 1201 4075 ἐπὶ
1258 4009 1450 4093 ξύλου
1510 4008 1862 4099 ἅνύψωσας
1969 4014 2062 4079 Tu
2124 4034 2304 4093 vero,
2372 4013 2654 4080 Salvator
2700 4034 2908 4092 meua,
2976 4019 3036 4078 te

798 4107 1016 4196 Σωτήρ
1061 4132 1218 4190 μου,
1281 4109 1547 4190 ζωώσας
1608 4108 1861 4188 πάντας
1970 4113 2176 4196 ipsum
2236 4116 2434 4178 totum
2495 4113 2559 4177 in
2605 4113 2843 4199 lignum
2895 4131 3036 4178 eve-

976 4289 1017 4358 ¹)
1059 4289 1303 4344 Germani
1341 4293 1474 4358 patr.
1516 4289 1618 4343 GP.
1671 4306 1841 4343 sermo
1890 4292 1968 4348 εἰς
2014 4288 2112 4356 τὴν
2160 4287 2524 4361 προςκύνησιν
2572 4293 2672 4343 τοῦ
2709 4293 2899 4361 τιμίου
2949 4293 3037 4342 καὶ

791 4372 1064 4430 ζωοποιοῦ
1102 4371 1341 4439 σταυροῦ
1389 4369 1615 4423 refertur
1651 4370 1857 4425 habitus
1894 4368 1952 4422 ἐν
1988 4374 2063 4437 τῷ
2097 4373 2267 4438 καιρῷ
2303 4374 2378 4438 τῷ
2411 4373 2817 4441 μεσσνηστίμῳ.
2892 4371 3039 4443 Apud

795 4451 985 4521 Migne,
1025 4451 1167 4508 Patr.
1207 4467 1287 4521 gr.
1327 4453 1452 4504 tom.
1492 4451 1579 4518 98,
1617 4467 1666 4521 p.
1706 4451 1829 4507 221.
