3514 5391
856 500 963 553 380
1573 495 1732 550 Festa
1768 494 1976 549 mobilia
2012 496 2134 548 ante
2170 491 2387 547 Pascha.

2280 602 2399 609 —-—
2430 603 2445 608 -
2850 599 3083 606 -———--—..-

941 745 947 756 .
1043 692 1280 782 Colyba
1327 695 1456 760 sive
1512 691 1776 781 Collyba
1821 691 1925 757 hic
1972 696 2117 755 sunt
2154 689 2561 776 leguminum,
2610 691 2672 754 et
2704 685 3086 772 potissimum

793 822 801 830 ·
857 794 1044 860 tritici
1091 814 1286 879 grana
1332 795 1606 868 decocta,
1670 790 1897 875 quibus
1944 790 2011 866 in
2054 793 2265 854 satura
2309 786 2741 870 immiscentur
2786 782 3091 850 avellanae

859 897 1051 969 tusae,
1101 911 1253 957 uvae
1301 909 1541 976 passae,
1592 909 1784 955 nuces
1831 888 2119 953 minutim
2166 891 2393 964 sectae,
2457 882 2823 970 amygdalae
2872 879 3095 946 cortice

859 991 1140 1067 nudatae,
1190 990 1431 1074 aliaque
1474 985 1809 1075 ἡδύσματα
1856 1007 1965 1052 seu
1992 982 2454 1069 καρυκεύματα,
2501 982 2565 1048 h.
2596 1003 2650 1050 e.
2677 979 3094 1051 condimenta,

858 1108 1013 1173 quae
1070 1088 1214 1154 licet
1260 1088 1432 1153 initio
1495 1091 1752 1153 ornatus
1816 1105 2033 1162 causa,
2105 1084 2234 1149 sive
2296 1083 2501 1168 potius
2562 1079 3096 1147 condimentorum

857 1187 990 1254 vice
1034 1190 1128 1269 τῷ
1173 1206 1333 1270 ‹rm›
1380 1181 1603 1274 &unfra
1665 1183 2063 1269 superaddita
2117 1182 2419 1260 fuissent,
2485 1186 2554 1245 ut
2599 1177 2804 1265 palato
2850 1194 3100 1240 sacrum

857 1285 977 1350 hoc
1003 1284 1276 1360 edulium
1303 1285 1541 1371 gratius
1569 1282 2007 1369 acceptiusque
2034 1281 2341 1358 evaderet,
2373 1300 2411 1344 a
2432 1276 2825 1363 sequioribus
2844 1273 3112 1356 Graecis

857 1387 1062 1448 tamen
1105 1383 1314 1449 varias
1348 1385 1641 1448 virtutum
1671 1383 1914 1465 species
1936 1381 2231 1446 denotare
2260 1377 2599 1463 finguntur,
2649 1373 2877 1459 quibus
2904 1369 3101 1436 sancti

858 1485 919 1545 et
967 1480 1143 1565 probi
1189 1481 1477 1546 homines
1523 1482 1586 1546 in
1635 1480 1818 1546 terris
1865 1477 2304 1554 excelluerunt,
2353 1476 2575 1541 iisdem
2621 1474 2684 1539 in
2719 1470 2908 1538 coelis
2954 1488 3099 1553 quo·

857 1578 1369 1663 quesublimiori
1415 1580 1601 1645 modo
1634 1578 1892 1660 ornandi
1923 1577 1990 1661 ¹).
2072 1574 2514 1641 Benedictione
2561 1575 2813 1657 peracta
2856 1569 3098 1634 lancem

857 1697 998 1742 cum
1060 1678 1272 1764 granis
1336 1678 1752 1764 frugibusque,
1813 1675 2172 1741 catervatim
2242 1673 2441 1739 eidem
2508 1669 2817 1755 impositis
2880 1665 3101 1750 accipit

856 1775 1147 1840 sacerdos
1192 1775 1619 1886 templumque
1663 1774 1987 1840 lustrando
2033 1772 2387 1856 unicuique,
2440 1776 2567 1835 tam
2588 1770 2808 1855 pueris
2855 1786 2928 1831 ac
2967 1785 3099 1830 mu-

856 1871 1130 1949 lieribuS,
1194 1892 1378 1957 quam
1428 1872 1630 1951 viris,
1662 1871 1850 1956 hujus
1898 1870 2212 1936 miscellae
2231 1867 2712 1954 portiunculam
2768 1863 3100 1938 distribuit

858 1989 1043 2053 quam
1092 1990 1308 2036 omnes
1354 1972 1432 2037 ab
1480 1972 1636 2055 ipso,
1685 1967 2037 2037 osculantes
2101 1968 2197 2034 vel
2246 1987 2497 2034 manum
2561 1966 2654 2032 vel
2704 1969 2973 2048 vestem,
3039 1963 3097 2027 in

857 2069 1238 2134 reverentiae
1301 2069 1549 2156 signum
1611 2074 1932 2156 gratanter
1996 2073 2058 2134 et
2118 2068 2295 2133 avide
2356 2066 2684 2150 accipiunt.
2788 2062 2967 2145 Quod
3029 2081 3099 2126 ex

859 2185 1034 2236 sacro
1079 2165 1201 2231 hoc
1248 2186 1467 2233 acervo
1517 2169 1835 2234 residuum
1882 2166 2088 2249 suerit,
2145 2166 2209 2230 in
2253 2166 2450 2251 ipsius
2497 2162 2835 2231 sacerdotis
2882 2166 2944 2227 et
2992 2160 3102 2225 mi·

771 2295 774 2296 ⁷
859 2264 1200 2329 nistrorum
1245 2284 1394 2330 usus
1441 2267 1624 2333 cedit.
1702 2267 1841 2331 Hoc
1888 2267 2009 2330 ritu
2039 2285 2107 2331 se
2141 2283 2534 2330 communem
2565 2261 3103 2344 universalemque

861 2364 1264 2428 mortuorum*
1294 2365 1834 2443 resurrectionem,
1885 2362 2331 2448 cujus-colyba
2372 2362 2727 2447 symbolum
2760 2365 2924 2437 sunt,
2975 2379 3103 2424 cre-

858 2463 1005 2527 dere
1071 2466 1408 2541 testantur,
1481 2464 1806 2529 occasione
1871 2466 2122 2546 sumpta
2184 2466 2313 2526 tum
2382 2480 2456 2526 ex
2519 2458 2833 2526 Christi
2898 2457 3103 2523 verbis

859 2559 1068 2643 (Joan.
1125 2561 1225 2638 12,
1277 2561 1423 2645 24):
1478 2561 1634 2626 Nisi
1656 2582 1927 2647 ymnum
1955 2559 2281 2646 ‚frumenti
2308 2559 2539 2624 cadens
2584 2561 2655 2624 in
2684 2569 2921 2622 terram
2950 2561 3103 2620 mor·

863 2667 1034 2723 tuum
1049 2742 1056 2749 υ
1062 2658 1310 2746 fucrit,
1370 2660 1579 2746 ipsum
1623 2660 1826 2726 solum
1870 2669 2119 2736 manct;
2176 2660 2236 2723 si
2280 2666 2487 2723 autem
2532 2666 2842 2723 mortuum
2868 2654 3105 2742 fuer-it,

861 2757 1121 2822 multum
1128 2756 1420 2844 fructum
1440 2757 1669 2845 affert,·
1715 2764 1846 2824 tum
1874 2779 1949 2824 ex
1974 2779 2024 2824 s,
2046 2757 2098 2823 P
2119 2755 2281 2823 auli
2327 2761 2499 2823 textu
2549 2755 2792 2841 (LCor.
2826 2755 2925 2829 15,
2952 2755 3103 2837 36):

861 2856 1202 2942 Insipiens,
1237 2858 1320 2921 tu*
1334 2858 1501 2942 quod
1529 2859 1802 2922 seminas
1831 2879 1962 2922 non
1993 2855 2364 2939 vivificam,
2393 2857 2526 2920 nisi
2544 2856 2738 2942 prius
2763 2855 3111 2930 mov-iatum

861 2965 920 3018 ct
964 2953 1132 3040 quod
1175 2955 1472 3035 seminas,
1520 2978 1646 3020 non
1694 2978 1922 3043 corpus
1970 2954 2139 3042 quod
2168 2954 2470 3041 futurum
2515 2964 2608 3018 est
2653 2953 2951 3031 seminas,
2998 2952 3113 3016 sed

860 3053 1099 3117 nudum
1158 3075 1445 3140 ymnum,
1510 3064 1582 3119 ut
1636 3064 1820 3140 puta,
1889 3052 2114 3135 tritici,
2183 3062 2295 3116 aut
2355 3051 2627 3139 alicujus
2685 3060 3112 3126 caeterorum,-

861 3151 1039 3215 Dcus
1085 3161 1291 3216 autem
1336 3156 1453 3219 ete.
1479 3153 1553 3236 8).

1041 3337 1311 3423 Colybis'
1342 3339 1404 3404 in
1452 3338 1715 3404 ecclesia
1761 3338 2107 3404 distributis
2154 3339 2340 3405 hodie
2389 3337 2685 3404 solemnis
2732 3335 3113 3423 προέλιυσις

863 3437 993 3502 sive
1031 3438 1354 3523 processio
1415 3438 1516 3501 ad'
1541 3435 1985 3502 coemeterium
2046 3438 2301 3503 accedit.
2397 3436 2533 3502 Hoc
2594 3434 2871 3502 Sabbato
2920 3435 3108 3509 enim,

864 3553 986 3618 quo
1033 3548 1395 3601 communes
1442 3555 1586 3601 suas
1652 3555 1764 3619 pro
1829 3538 2210 3599 mortuorum
2273 3533 2599 3600 animabus
2659 3539 2880 3620 preces
2928 3555 3111 3601 reno-

1049 3802 1089 3869 ¹)
1129 3801 1258 3856 Vide
1296 3803 1436 3858 dicta
1473 3819 1630 3872 supra
1667 3818 1753 3872 pp.
1791 3802 2022 3858 97—98.

896 3935 902 3941 .
1044 3881 1088 3950 ²)
1111 3883 1343 3938 Praeter
1365 3883 1512 3950 alios,
1537 3883 1622 3954 qui
1648 3883 1711 3937 de
1736 3881 1938 3951 calybis
1961 3881 2231 3951 scripsisse
2258 3881 2501 3951 leguntur
2528 3882 2661 3952 apud
2687 3881 2728 3936 F
2744 3883 2821 3937 ab
2838 3882 2892 3936 ri
2910 3882 2970 3936 ci
2986 3899 3019 3936 u
3035 3900 3110 3939 m.

865 3961 1125 4017 Biblioth.
1158 3979 1246 4033 qr.
1283 3967 1321 4017 t.
1365 3964 1447 4028 11,
1487 3979 1534 4033 p.
1575 3963 1682 4017 590
1719 3962 1866 4029 (edit.
1892 3966 2053 4030 nov.),
2092 3962 2313 4017 conferri
2351 3961 2505 4016 velim
2543 3961 2839 4017 Gabriel.
2876 3962 3110 4027 cher,

865 4041 1165 4112 archiepisc.
1218 4042 1534 4114 Philadelph.
1554 4084 1567 4109 ,
1619 4045 1740 4112 περὶ
1780 4046 1889 4095 τῶν
1923 4040 2196 4108 κολύβων,
2250 4041 2434 4099 ibidem
2472 4041 2735 4098 laudatum
2784 4058 2832 4112 p.
2870 4043 2996 4109 626,
3047 4060 3111 4099 ex

865 4139 963 4193 quo
1001 4123 1063 4176 de
1101 4124 1334 4194 mysticis
1369 4123 1653 4179 rationibus
1679 4124 1973 4194 colyborum
2013 4123 2160 4194 plura
2209 4140 2319 4189 sum
2344 4128 2609 4178 mutuatus
2634 4123 2685 4176 in
2711 4124 3112 4189 commentario:

878 4201 1050 4257 Ueber
1098 4202 1202 4257 das
1257 4202 1748 4274 fischoompliment
1788 4245 1821 4269 „
1839 4203 2096 4259 Wunsclte
2144 4203 2287 4259 wohl
2328 4220 2402 4257 eu
2438 4204 2712 4274 speiseu“,
2761 4219 2893 4274 quae
2924 4204 3112 4259 cidem

867 4283 1108 4353 opusculo
1146 4284 1392 4338 subnexui
1429 4285 1704 4354 inscripta:
1744 4284 1855 4338 Die
1890 4284 2230 4339 himmlische
2273 4283 2881 4354 mosyenossenselmst
2914 4283 2971 4337 in
3009 4282 3115 4339 der

861 4363 1237 4432 ,qriechischen
1275 4363 1498 4419 Kirche.
1573 4364 1794 4419 Brevem
1833 4379 2008 4419 eorum
2033 4363 2517 4431 summamvidebit,
2556 4364 2643 4435 qui
2666 4362 2824 4431 volet,
2863 4363 2916 4421 in
2938 4364 3107 4433 „Zeit-

866 4444 1051 4499 schrift
1087 4443 1170 4501 fur
1204 4444 1348 4503 kath.
1387 4443 1720 4520 Theologie“‚
1760 4444 1872 4499 loco
1910 4445 2145 4514 superius
2184 4445 2409 4499 indicato
2445 4460 2495 4518 p.
2534 4444 2620 4502 99.
