3514 5391
833 516 940 569 698
1476 518 1652 571 Annus
1691 517 2071 572 ecclesiasticus
2111 518 2411 586 Coptorum.

1598 631 1838 638 ’.μ-.-
1889 631 2012 636 ——-.

870 714 994 768 Dies
1141 715 1332 770 Mensis

872 791 1007 857 copt.
1190 788 1283 841 lat.

879 867 963 932 22
1192 868 1279 932 30
1370 867 1480 934 SS
1535 867 1798 934 Cosmae
1862 874 1923 934 et
1970 870 2257 934 Damiani
2305 889 2644 953 eorumque
2690 869 2956 935 fratrum
3017 879 3078 934 et

1374 967 1609 1046 matriS,
1659 971 2024 1051 martyrum.

879 1064 963 1129 24
1078 1065 1137 1131 2.
1172 1066 1322 1132 Dec.
1376 1065 1609 1151 Viginti
1640 1070 1905 1150 quatuor
1936 1067 2251 1134 seniorum
2282 1066 2346 1131 in
2379 1066 2637 1131 circuitu
2672 1066 2837 1132 sedis
2868 1013 3076 1132 throni

1459 1163 1575 1229 Dei
1625 1164 1974 1230 sedentium
2002 1163 2069 1249 1)
2169 1163 2435 1232 Vacat.

878 1259 962 1323 25
1233 1262 1274 1326 3
1368 1261 1430 1328 S.
1482 1262 1777 1328 Mercurii
1827 1263 2117 1347 martyris
2145 1261 2219 1347 ²).

877 1358 963 1422 29
1235 1360 1272 1422 ‘3
1337 1359 1430 1425 S.
1494 1360 1696 1439 Petri,
1768 1360 2272 1445 hieromartyri8‚
2343 1361 2734 1446 patriarchae
2805 1361 3074 1427 Alexan-

1367 1459 1538 1524 driae
1566 1459 1618 1543 ³)
1668 1466 1728 1525 et
1775 1479 1823 1524 s.
1878 1458 2247 1526 catharinae
2293 1459 2769 1526 Alexandrinae.

1020 1651 1058 1721 ¹)
1094 1653 1265 1708 Etiam
1302 1655 1355 1708 in
1390 1671 1636 1726 praesens
1684 1657 1875 1710 festum
1922 1658 2131 1711 brevem
2181 1656 2601 1712 commentarium
2646 1657 2830 1727 scripsi
2879 1657 2934 1712 in
2967 1657 3074 1711 lau·

833 1732 955 1787 data
978 1734 1345 1802 „Zeitschrift“
1384 1736 1417 1789 1.
1440 1751 1500 1804 c.‚
1539 1751 1688 1806 quem
1726 1735 1864 1791 forte
1899 1753 2004 1791 non
2026 1738 2135 1792 sine
2160 1738 2329 1808 aliquo
2355 1737 2600 1792 utilitatis
2626 1737 2796 1793 fructu
2821 1737 3072 1807 perleges,

1014 1811 1057 1882 ¹)
1096 1814 1288 1870 Eodem
1339 1815 1421 1870 die
1471 1815 1657 1870 colitur
1707 1817 1759 1869 in
1811 1817 1987 1871 Mart
2001 1834 2090 1888 yr.
2141 1835 2292 1872 rom.
2366 1818 2413 1871 A
2462 1820 2643 1872 sancto
2689 1817 2786 1874 hoc
2822 1818 3074 1872 Mercurio

832 1894 1059 1949 vindicta
1095 1895 1267 1949 divina
1289 1895 1560 1951 -Julianum
1597 1896 1906 1966 Apostatam
1943 1897 2103 1952 fuisse
2134 1897 2400 1952 lethaliter
2424 1897 2579 1953 hasta
2602 1914 2918 1968 percussum,
2955 1902 3074 1968 post

831 1974 960 2028 alios
997 1974 1161 2029 tradit
1195 1975 1557 2046 Nicephor.
1596 1975 1904 2044 Callist.‚
1943 1977 2092 2032 Hist.
2132 1978 2275 2044 eccl„
2312 1977 2347 2032 l.
2387 1979 2473 2045 10,
2512 1996 2556 2032 c.
2594 1979 2682 2044 35,
2721 1979 2857 2048 apud
2883 1978 3072 2048 Migne‚

834 2052 976 2108 Patr.
1014 2071 1095 2123 gr.
1134 2059 1173 2109 t.
1215 2057 1335 2127 146,
1373 2069 1458 2129 pp.
1497 2057 1799 2113 551—554.

1011 2132 1056 2202 ⁸)
1095 2134 1284 2191 Sancto
1320 2137 1684 2208 hieromartyri
1722 2138 1881 2193 Petro
1919 2139 2105 2209 duplex
2142 2156 2426 2209 cognomen
2462 2140 2638 2195 datum
2673 2141 2910 2208 vidimus,
2947 2142 3071 2196 alte·

831 2230 967 2268 rum:
1017 2217 1323 2286 martyrum
1342 2243 1345 2246 ·
1357 2218 1867 2288 persecutionisque
1916 2219 2158 2290 siqillam
2210 2236 2275 2275 ac
2324 2220 2761 2291 complementum
2809 2219 3073 2293 (σφραγὶς

828 2296 919 2346 καὶ
955 2295 1101 2354 τέλος
1136 2299 1237 2349 τοῦ
1261 2295 1560 2369 διωγμοῦ),
1598 2300 1731 2370 quod
1757 2300 1969 2354 ultimus
1994 2300 2336 2355 Alexandriae
2373 2317 2467 2373 pro
2493 2301 2591 2356 fide
2615 2304 2921 2372 sanguinem
2945 2302 3073 2357 findit

830 2377 1141 2430 auctoritate
1178 2377 1380 2447 publica
1419 2380 1564 2445 (tom.
1604 2383 1654 2445 1,
1690 2397 1740 2450 p.
1780 2381 1938 2448 335);
1995 2381 2240 2436 alterum:
2279 2382 2376 2451 qui
2408 2385 2568 2452 rupto
2590 2382 2816 2452 pariete
2850 2383 3073 2438 transiit

832 2463 879 2523 (s
892 2473 984 2526 yr.
1023 2456 1217 2512 Kana!
1250 2459 1452 2513 Petros
1487 2460 1924 2516 d-Aleksandrtd
1937 2502 1955 2528 ,
2001 2461 2108 2515 hav
2156 2461 2381 2532 d’falleie
2413 2462 2584 2517 l-sam
2620 2463 2872 2535 oan'fizq,
2919 2463 2970 2518 h.
3009 2479 3068 2522 e..

835 2537 1122 2592 Coronatio
1159 2539 1326 2594 Petri
1359 2540 1760 2608 Alexandriae,
1810 2541 1907 2611 qui
1928 2543 2113 2613 freqit
2146 2559 2361 2606 marum
2400 2546 2456 2597 et
2488 2541 2685 2614 exiit),
2738 2547 2798 2598 ut
2842 2559 2909 2597 ex
2943 2543 3069 2599 anti—

829 2619 942 2689 quis
980 2619 1235 2675 codicibus
1272 2619 1489 2691 syriacis
1526 2626 1761 2676 notatum
1800 2626 1883 2676 est
1919 2640 2076 2693 supra
2112 2640 2161 2693 p.
2198 2623 2323 2689 416,
2361 2627 2417 2676 et
2453 2625 2589 2678 Acta
2625 2624 2827 2678 sincera
2864 2641 2896 2678 a
2923 2624 3070 2679 Card.

832 2699 935 2753 Mai
971 2700 1111 2754 edita
1147 2703 1440 2757 accuratius
1477 2703 1770 2773 explicant,
1827 2704 2052 2759 indicato
2102 2706 2260 2759 etiam
2310 2706 2547 2776 martyrii
2585 2705 2721 2773 loco,
2774 2706 2862 2760 ubi
2910 2707 3072 2776 prima

830 2780 956 2834 haec
993 2796 1034 2834 a.
1075 2779 1217 2835 Petri
1255 2783 1474 2838 ecclesia
1525 2785 1624 2839 fuit
1659 2785 1949 2839 aedificata.
2022 2786 2123 2840 Sed
2158 2786 2370 2855 dignum
2405 2785 2607 2840 omnino
2644 2787 2851 2841 videmr
2888 2803 3070 2857 coguo-

830 2877 947 2915 men
994 2862 1130 2930 „qui
1162 2867 1321 2933 rupto
1352 2866 1569 2935 pariete
1614 2866 1902 2933 transiiff‘,
1956 2866 2088 2937 quod
2137 2882 2202 2921 ex
2248 2867 2373 2937 ipsis
2419 2867 2567 2922 Actis
2615 2867 2920 2922 illustretur.
2994 2867 3069 2921 Eu

829 2942 921 2996 tibi
961 2958 1087 3011 ergo
1125 2944 1472 3013 fragmentum
1509 2963 1574 3001 ex
1610 2948 1673 3001 iis
1710 2947 2026 3017 decerptum.

1006 3022 1101 3077 His
1138 3025 1370 3093 profecto
1408 3026 1585 3081 diebus
1623 3028 1900 3082 Maximino
1939 3045 1971 3082 a
1999 3027 2300 3098 quibusdam
2337 3029 2399 3082 de
2425 3029 2663 3098 praefato
2687 3029 3069 3099 archiepiscopo

827 3102 1050 3157 relatum
1088 3108 1196 3171 est,
1252 3106 1494 3162 videlicet
1530 3108 1663 3177 quod
1702 3109 1812 3178 ipse
1851 3106 2247 3163 christianitatis
2296 3110 2398 3164 dux
2447 3113 2602 3180 atque
2641 3109 2861 3179 signifer
2906 3116 3069 3175 esset;

750 3248 755 3252 ᾗ
827 3183 913 3250 qui
949 3184 1103 3239 solita
1139 3186 1482 3242 inflammatus
1519 3189 1748 3259 nequitia
1762 3233 1774 3257 ‚
1832 3205 1860 3243 e
1904 3189 2128 3259 vestigio
2171 3190 2330 3259 jussit
2366 3189 2723 3262 comprehendi
2759 3190 2974 3245 Petrum
3018 3199 3071 3246 et

826 3262 880 3316 in
929 3280 1190 3319 carcerem
1235 3267 1453 3323 detrudi.
1541 3268 1705 3335 Quam
1756 3271 1819 3324 ob
1869 3287 1979 3324 rem
2029 3271 2251 3342 quinque
2300 3271 2532 3325 tribunos
2581 3272 2806 3341 stipatos
2854 3272 3070 3327 militum

828 3345 1051 3399 catervis
1090 3347 1455 3403 Alexandriam
1492 3350 1800 3417 destinavit;
1854 3351 1940 3421 qui
1976 3352 2246 3406 venientes
2276 3353 2431 3421 juxta
2467 3352 2601 3422 quod
2637 3352 2735 3407 sibi
2773 3352 2948 3407 fuerat
2982 3353 3069 3407 im-

827 3430 1079 3495 peratum,
1118 3430 1287 3484 subito
1323 3432 1587 3501 rapientes
1614 3432 1809 3486 Christi
1844 3434 2137 3502 pontificem
2162 3433 2386 3487 carceris
2410 3432 2672 3488 custodiae
2697 3434 3068 3503 manciparunt.

826 3506 957 3561 Mira
994 3509 1216 3564 fidelium
1254 3511 1485 3567 devotio!
1560 3512 1659 3567 Ubi
1697 3517 2015 3582 compertum
2053 3518 2149 3579 est,
2204 3513 2338 3584 quod
2387 3517 2563 3569 tannis
2600 3513 2681 3567 vir
2725 3515 3069 3569 carceralibus

826 3586 1152 3644 clauderetur
1188 3592 1483 3660 ergastulis,
1524 3593 1750 3647 cucurrit
1788 3610 1946 3663 supra
1981 3594 2188 3648 modum
2223 3594 2533 3650 incredibilis
2571 3594 2875 3663 multitudo,
2923 3612 3068 3667 prae·

826 3668 973 3738 cipue
1009 3672 1371 3727 monachorum
1408 3689 1471 3728 ac
1506 3674 1764 3744 virginum
1802 3674 2003 3740 chorus,
2044 3681 2098 3729 et
2132 3691 2231 3729 non
2267 3675 2621 3730 materialibus
2657 3676 2835 3741 sirmia,
2874 3677 2967 3731 sed
2999 3676 3068 3731 la-

826 3748 1099 3803 crimarum
1136 3751 1315 3806 rivulis
1368 3757 1423 3808 et
1459 3755 1575 3823 piae
1613 3755 1800 3808 mentis
1837 3754 2026 3809 affectu
2063 3755 2506 3810 circumdederunt
2543 3756 2769 3811 carceris
2805 3757 3066 3819 ambitum,

827 3833 881 3883 et
917 3834 1179 3900 tamquam
1224 3833 1342 3887 boni
1379 3835 1469 3888 filii
1506 3851 1635 3904 erga
1671 3836 1859 3889 bonum
1896 3841 2127 3904 patrem,
2179 3837 2280 3890 imo
2330 3836 2612 3891 christiana
2658 3836 2891 3892 membra
2939 3836 3065 3891 chri·

825 3911 1136 3966 stianissimo
1157 3914 1330 3983 capiti,
1369 3915 1495 3969 totis
1532 3916 1939 4009 compassionum
1975 3917 2260 3972 visceribus
2296 3916 2666 3987 adhaerebant,
2704 3924 2959 4010 erantque
2994 3917 3063 3971 illi

824 4008 1016 4063 murus,
1053 3994 1390 4049 observantes
1427 4012 1491 4050 ne
1529 3997 1641 4067 quis
1679 4012 1996 4066 paganorum
2034 3998 2098 4052 ad
2124 4014 2240 4052 eum
2267 3997 2584 4080 ingrediendi
2610 3999 2811 4091 copiam
2835 3998 3064 4054 habai-et.

825 4073 939 4128 Una
975 4075 1213 4129 nimirum
1248 4076 1474 4131 omnium
1507 4081 1648 4147 vota,
1701 4094 1926 4133 consona
1961 4095 2080 4149 vox,
2132 4078 2411 4149 eademque
2448 4080 2761 4148 compassio,
2812 4080 2942 4133 mori
2979 4094 3062 4148 po·

825 4157 926 4210 tius
977 4172 1129 4226 quam
1181 4161 1415 4211 sanctum
1464 4158 1721 4230 quidpiam
1769 4160 1889 4213 mali
1939 4160 2139 4230 perpeti
2176 4160 2430 4215 viderent.
2501 4158 2597 4213 Vir
2641 4162 2818 4213 autem
2865 4157 3060 4214 Domini

824 4253 978 4306 quum
1014 4253 1204 4306 paucos
1242 4238 1351 4292 dies
1389 4238 1565 4292 eodem
1602 4255 1763 4294 nervo
1799 4243 2067 4294 teneretur
2102 4245 2355 4305 retrusus,
2393 4240 2582 4295 tribuni
2609 4239 2844 4294 fecerunt
2867 4239 2970 4293 de
2955 4255 3060 4308 ipso

824 4319 933 4385 regi
974 4319 1389 4391 suggestionem-3
1428 4318 1514 4373 ille
1552 4323 1725 4373 autem
1756 4322 1908 4389 juxta
1945 4336 2140 4376 morem
2176 4336 2301 4375 suae
2333 4320 2623 4375 ferocitatis
2648 4319 2928 4374 destinavit
2953 4335 3058 4374 sen·

825 4398 1040 4452 tentiam
1057 4440 1070 4467 ,
1121 4404 1179 4453 ut
1215 4400 1565 4455 beatissimum
1602 4401 1953 4469 patriarcham
1991 4401 2197 4471 capitali
2235 4402 2476 4471 punirent
2520 4400 2829 4455 discrimine.
2903 4399 3058 4455 Porro

826 4476 944 4530 dum
980 4478 1073 4533 hoc
1110 4496 1204 4551 per
1241 4496 1393 4535 aures
1431 4480 1843 4537 Christianorum
1891 4486 2156 4553 serperet,
2213 4486 2492 4553 coeperunt
2541 4497 2720 4537 omnes
2756 4481 3057 4537 unanimiter
