3514 5391
784 560 859 613 Ἡ
891 560 1031 632 ἁγία
1066 563 1156 613 καὶ
1189 560 1401 633 μεγάλη
1438 560 1768 632 παρασκευή.
1826 562 1943 617 Fer.
1981 560 2068 616 VI.
2107 561 2160 616 in
2198 559 2507 617 Parasceve.

1167 760 1273 827 καὶ
1320 767 1670 848 κακοῦργον

1168 860 1304 927 ἄντ’
1348 860 1672 948 εὐεργέτου

1165 959 1430 1049 ᾐτοῖντο
1477 959 1703 1042 λαβεῖν

1165 1054 1226 1126 οἱ
1273 1064 1402 1124 τῶν
1448 1054 1720 1124 δικαίων
1766 1052 2091 1145 φονευταί·

1166 1156 1456 1236 ganam«,-
1502 1156 1593 1237 δέ,
1643 1156 1910 1242 Χριστέ,

1162 1256 1373 1345 φέρων
1419 1256 1629 1322 αὐτῶν
1672 1255 1788 1344 τὴν
1827 1253 2246 1343 προπέτειαν,

1161 1359 1411 1422 παθεῖν
1460 1356 1672 1421 θέλων
1717 1353 1827 1419 καὶ
1873 1358 2079 1419 σῶσαι

1163 1452 1342 1542 ἡμᾶς,
1391 1453 1478 1531 (ὃς
1523 1452 2016 1541 φιλάνθρωπος.

691 1597 1134 1684 crucifigatur,
1196 1599 1548 1664 clamabant
1592 1599 1664 1675 ii,
1733 1599 1838 1681 qui
1906 1598 2028 1661 tuis
2088 1616 2337 1681 semper
2400 1596 2633 1660 muneri

515 1698 762 1763 fuerant
807 1696 1135 1774 delectati;
1188 1697 1605 1781 petebantque
1652 1702 1721 1761 ut
1769 1696 2233 1761 malefactorem
2269 1695 2622 1779 acciperent

513 1796 914 1861 benefactore
964 1794 1393 1861 interfectores
1440 1796 1527 1860 illi
1566 1795 1901 1879 justorum.
1998 1793 2121 1859 Sed
2170 1796 2442 1871 tacebas,
2494 1791 2633 1859 Chri

513 1913 729 1958 eorum
781 1894 1156 1977 proterviam
1204 1895 1537 1970 sustinen3‚
1602 1894 1816 1959 volens
1865 1894 2020 1978 pati,
2088 1913 2325 1977 nosque
2374 1892 2631 1969 salvare,

511 1990 843 2056 hominum
891 2012 1127 2057 amans,

1042 2128 1518 2199 Θεοτοκῖον.
1598 2126 1847 2215 Ἦχος
1895 2131 1931 2198 ὁ
1980 2131 2243 2210 αὐτός.

711 2255 867 2322 ’Ότι
917 2256 1030 2321 οὐκ
1077 2253 1305 2344 ἔχομεν
1350 2254 1710 2349 παρρησίαν

836 2355 946 2421 διὰ
995 2356 1073 2421 τὰ
1117 2357 1333 2422 πολλὰ
1379 2355 1553 2446 ἡμῶν
1599 2356 2041 2443 ἁμαρτήματα,

836 2454 915 2519 σύ
960 2453 1074 2519 τὸν
1119 2454 1191 2520 ἐκ
1236 2461 1355 2521 σοῦ
1402 2456 1790 2545 γεννηθέντα
1836 2455 2242 2546 δυσώπησον,

841 2552 1121 2620 Θεοτόκε
1167 2553 1492 2641 Παρθένε·

832 2651 1048 2719 πολλὰ
1092 2651 1208 2738 γὰρ
1255 2648 1456 2735 ἰσχύει
1507 2651 1722 2742 δέησις
1767 2651 2005 2742 μητρὸς

833 2751 1001 2834 πρὸς
1043 2750 1370 2835 εὐμένειαν
1417 2751 1780 2817 Δεσπότου·

833 2849 918 2936 μὴ
965 2845 1243 2939 παρίὸῃς
1288 2850 1679 2935 ἁμαρτωλῶν
1725 2842 1992 2929 ἱκεσίας,
2042 2849 2078 2941 ἡ
2124 2850 2508 2935 πάνσεμνος·

836 2947 939 3013 ὅτι
986 2946 1265 3038 ἐλεήμων
1313 2947 1451 3014 ἐστὶ

832 3046 940 3111 καὶ
989 3047 1215 3129 σώζειν
1260 3047 1625 3132 δυνάμενος,

833 3143 868 3210 ὁ
916 3143 1023 3210 καὶ
1069 3150 1320 3212 παθεῖν
1364 3145 1526 3234 ὑπὲρ
1573 3145 1750 3236 ἡμῶν
1794 3145 2319 3231 καταδεξάμενος.

681 3290 1015 3373 Loquendi
1058 3291 1407 3357 libertatem
1456 3312 1575 3357 non
1626 3292 1932 3358 habemus
1982 3297 2235 3377 propter
2260 3294 2454 3359 multa
2502 3315 2633 3379 pec«

502 3394 751 3455 nostra:
803 3393 871 3452 tu
921 3407 995 3453 ex
1041 3394 1104 3454 te
1147 3390 1429 3475 genitum
1464 3410 1666 3468 exora,
1719 3391 1911 3476 Virgo
1943 3392 2244 3476 Deipara:
2296 3392 2556 3458 multum
2590 3415 2633 3459 e]

503 3487 667 3552 valet
729 3487 1087 3570 deprecatio
1148 3487 1371 3553 Matris
1437 3489 1600 3572 apud
1663 3489 2060 3554 clementiam
2120 3490 2389 3556 Domini.
2483 3492 2583 3558 Ne

502 3585 733 3669 spicias
781 3589 1182 3669 peccatorum
1229 3586 1734 3670 supplicationeS,
1786 3607 1821 3650 o
1871 3587 2251 3662 castissima;
2320 3591 2466 3673 quia
2513 3592 2631 3657 mis

503 3703 642 3748 cors
691 3685 791 3748 est
838 3686 902 3748 et
948 3689 1166 3767 potens
1213 3685 1291 3750 ad
1338 3683 1697 3749 salvandum
1749 3685 1823 3762 ie,
1872 3685 1976 3768 qui
2025 3706 2135 3768 pro
2182 3688 2360 3752 nobis
2408 3689 2633 3771 etiam]

501 3782 803 3849 sustinuit
826 3782 897 3866 ¹).

983 3920 1485 4012 ,Ἀντίφωνον
1532 3925 1631 3991 ιε’.
1720 3919 1972 4007 Ἢχος
2017 3926 2142 3991 πλ.
2191 3925 2277 4008 β’.

837 4046 1120 4136 Σήμερον

935 4152 1243 4232 κρεμᾶται
1289 4143 1404 4213 ἐπὶ
1448 4148 1641 4230 ξύλου

930 4241 966 4307 ὃ
1009 4239 1079 4308 ἐν
1124 4243 1312 4311 ὕδασι
1359 4245 1473 4335 τὴν
1517 4253 1629 4335 γῆν
1675 4246 2011 4332 κρεμάσας·

685 4449 732 4516 ¹)
772 4449 889 4503 Hoc
929 4452 1222 4504 Θεοτοκίον
1255 4451 1335 4507 bis
1372 4457 1641 4507 cantatur:
1681 4453 1732 4507 in
1771 4452 2051 4520 ἀγρυπνίᾳ
2088 4456 2197 4506 τῶν
2232 4452 2409 4521 ἁγίων
2441 4456 2633 4505 παθῶν

496 4530 695 4586 dictum
735 4533 840 4597 est,
880 4529 1015 4584 inter
1050 4530 1298 4605 Evangel.
1337 4535 1386 4590 3.
1426 4538 1480 4589 et
1517 4533 1769 4606 Evangel.
1807 4534 1858 4601 4,
1897 4537 1952 4588 et
1989 4534 2040 4588 in
2077 4534 2244 4588 officio
2282 4537 2373 4599 τῆς
2409 4531 2558 4599 ἕκτης
2593 4533 2633 4586 ὠ·
