3514 5391
893 511 998 565 540
1534 512 1689 567 Festa
1728 514 1934 567 mobilia
1972 517 2090 582 post
2128 513 2485 568 Pentecosten.

888 710 1056 795 quod
1101 732 1180 773 ex
1222 711 1307 773 iis
1360 707 1642 774 Christus
1690 711 2027 775 secundum
2072 733 2325 776 carnem
2369 722 2559 775 natus
2588 714 2674 776 sit
2720 708 2954 796 (διὰτὸ
2982 730 3096 791 γεν-

891 811 1162 895 νηθῆναι
1209 806 1373 872 κατὰ
1419 806 1625 893 σάρκα
1669 807 1784 873 τὸν
1831 807 2120 891 Χριστὸν
2167 807 2236 891 ἒξ
2285 807 2545 893 αὐτῶν).

1066 916 1181 981 Est
1230 922 1437 982 autem
1484 917 1807 1001 utriusque
1856 917 2226 996 festivitatis,
2295 918 2631 983 hodiernae
2700 924 2762 982 et
2815 915 3097 1000 sequentis

893 1013 1272 1090 Dominicae‚
1344 1035 1414 1080 ea
1477 1016 1630 1080 ratio
1694 1017 2079 1100 communie,
2148 1017 2313 1101 quod
2376 1015 2597 1081 Patres
2645 1015 2723 1079 V.
2773 1016 2840 1082 Τ.
2901 1012 3096 1098 triplici

890 1114 1072 1177 modo
1123 1113 1590 1179 considerantur
1637 1134 1706 1179 ac
1757 1114 2060 1191 coluntur,
2112 1116 2404 1180 nimirum

1064 1225 1135 1284 ut
1158 1217 1417 1302 ἀστέρες
1447 1219 1811 1309 φωσφόροι,
1848 1220 2255 1308 splendentes
2279 1220 2500 1287 stellae
2523 1224 2890 1304 matutinae,
2920 1224 3094 1285 ortum

888 1319 1035 1384 solis
1074 1320 1350 1403 justitiae
1402 1321 1937 1404 praenuntiantes3
2831 1319 2836 1327 '

1068 1417 1133 1483 ut
1180 1415 1550 1504 φρυκτώρια
1598 1416 1809 1506 νοητά,
1855 1419 2049 1504 phari
2095 1419 2489 1505 spirituales,
2537 1420 2597 1484 in
2648 1420 2908 1484 salutem
2951 1417 3098 1482 navi-

885 1516 1167 1600 gantium
1219 1516 1560 1593 aedificati;

1064 1618 1133 1678 ut
1179 1610 1482 1678 ἀλεῖπται
1528 1617 1640 1700 τῆς
1686 1608 2024 1700 σωτηρίας,
2074 1619 2143 1679 ut
2189 1615 2373 1699 periti
2417 1614 2480 1679 in
2530 1615 2760 1679 salutis
2802 1615 3098 1701 yymnasio

886 1713 1194 1798 mayistri.

1064 1838 1143 1903 Et
1182 1839 1390 1924 primo
1439 1839 1691 1923 quidem
1738 1859 1822 1907 ss,
1857 1840 2077 1905 Patres
2126 1841 2303 1924 quasi
2331 1839 2554 1904 stellae
2583 1841 2930 1904 matutinae
2973 1842 3101 1903 ante

884 1942 1176 2002 exortum·
1230 1935 1457 2002 Christi
1520 1937 1972 2022 praelucente8‚
2041 1938 2175 2022 ejus
2234 1939 2566 2004 adventum
2631 1937 2953 2022 splendore
3004 1956 3099 2001 suo

883 2035 1125 2100 sublato
1172 2036 1605 2120 praenuntiare
1653 2043 2005 2104 censentur.
2079 2036 2236 2102 Rem
2283 2037 2557 2102 breviter
2598 2036 2869 2103 declarat
2893 2035 3099 2102 Theo-

883 2133 1191 2217 phanes
1239 2131 1699 2213 Gemmeus,
1748 2135 2071 2200 ‘homiliam
2101 2136 2270 2220 (14.)
2315 2136 2383 2200 in
2414 2136 2671 2203 Domin.
2709 2147 2852 2200 ante
2889 2133 3105 2199 Christi

882 2234 1208 2297 nativitate.
1258 2234 1345 2297 ita
1392 2253 1681 2298 exorsus:
2677 2262 2683 2269 ·

998 2362 1127 2421 Τοῦ
1195 2355 1312 2440 μὲν
1381 2352 1702 2445 αἰσθητοῦ
1771 2353 1951 2446 ἡλίου
2171 2359 2508 2425 Attollente
2575 2381 2642 2426 se
2708 2380 2889 2445 supra
2953 2358 3099 2428 hori-

881 2460 998 2520 τοῦ
1045 2451 1372 2541 ὁρίζοντος
1432 2454 1948 2539 ΐπερτέλλοντος,
2060 2465 2303 2524 zontem
2352 2458 2474 2524 hoc
2504 2459 2654 2537 sole,
2683 2463 2805 2543 *qui
2835 2458 2947 2524 sub
2975 2476 3100 2522 sen-

883 2549 948 2619 αὶ
1037 2552 1341 2640 ἀστραῖαι
1421 2552 1680 2638 ἀγλαΐαι
1760 2554 1949 2620 καλύ-
2059 2577 2196 2622 sum
2248 2557 2430 2635 cadit,
2483 2561 2790 2623 astrorum
2822 2557 2974 2621 nitor
3004 2554 3098 2619 ab·

884 2672 1162 2722 πτονται
1192 2656 1332 2732 τοῖς
1353 2648 1604 2738 μείζοσι
1636 2675 1947 2736 στενοχω-
2059 2655 2378 2722 sconditur
2437 2655 2776 2741 majoribus
2836 2654 3101 2740 splendo-

879 2751 1179 2836 ρούμεναι
1227 2748 1669 2836 σελαγίσμασι·
1719 2758 1837 2818 τοῦ
1878 2753 1948 2817 δὲ
2058 2754 2231 2820 ribus
2307 2760 2679 2839 occupatus;
2762 2754 2900 2820 Sole
2967 2772 3098 2818 vero

877 2847 1098 2917 Ἡλίου
1171 2857 1283 2940 τῆς
1351 2850 1795 2941 δικαιοσύνης,
1862 2850 1950 2929 ὥς
2047 2853 2326 2936 justitiae
2374 2852 2541 2918 velut
2588 2873 2664 2919 ex
2691 2854 2920 2919 oriente
2956 2849 3099 2916 uteri

878 2948 947 3031 ἐξ
996 2949 1307 3038 ἀνατολῆς
1363 2953 1475 3038 τῆς
1531 2954 1949 3039 Παρθηνικῆς
2056 2951 2335 3037 Virginei
2393 2957 2798 3037 exsurgente,
2862 2951 3094 3016 Patrum

880 3047 1105 3135 νηδύος
1133 3045 1527 3130 ἀνίσχοντος,
1576 3047 1611 3113 o‘
1643 3053 1773 3113 τῶν
1817 3070 1946 3114 πα·
2057 3048 2389 3135 Gatalogus
2418 3051 2507 3114 uti
2539 3049 2770 3116 chorus
2803 3048 3094 3115 stellarum

876 3147 1075 3233 τέρων
1102 3146 1476 3231 κατάλογος,
1511 3144 1731 3232 ὥσπερ
1765 3145 1946 3211 ἀστέ-
2057 3149 2401 3232 praelucet,
2466 3153 2528 3213 et
2573 3147 2835 3214 sublatis
2895 3144 3095 3213 intelli-

876 3269 1003 3328 ρων
1071 3245 1287 3331 χορός,
1358 3243 1735 3332 προλάμπει
1800 3239 1945 3332 voi]-
2053 3249 2301 3332 gentiae
2319 3247 2562 3312 facibus
2584 3248 2912 3313 adventum
2934 3244 3095 3310 Chri·

875 3347 1019 3420 ταῖς
1061 3346 1500 3428 μαρμαρυγαῖς
1539 3343 1944 3431 φρυκτωρού-
2054 3345 2130 3408 sti
2179 3346 2588 3428 praenuntiat.

872 3465 1061 3525 μενος
1088 3444 1155 3527 ¹).
1790 3460 1793 3463 ’

1060 3587 1311 3652 Deinde
1359 3589 1800 3670 comparantur
1835 3587 2064 3673 pharis
2126 3606 2233 3651 seu
2284 3588 2558 3653 turribus
2605 3586 2761 3668 iuis,
2823 3587 2925 3672 qui
2970 3604 3090 3669 por-

875 3687 1064 3751 tubus
1113 3686 1510 3751 imminentes
1560 3689 1745 3749 noctu
1792 3685 1936 3770 igne
1984 3683 2228 3749 sublato
2277 3706 2466 3750 naves
2513 3686 2573 3751 in
2609 3690 2775 3751 tutas
2821 3685 3091 3751 stationes

873 3784 1179 3870 dirigunt:
1231 3784 1395 3867 quod
1444 3783 1739 3847 nimirum
1789 3804 1900 3867 per
1941 3783 2123 3868 longa
2178 3783 2602 3870 „ignorantiae
2630 3790 2941 3869 tempora·⁴
2993 3780 3089 3845 ho·

872 3883 1144 3949 minibus
1190 3883 1251 3947 in
1302 3881 1642 3966 procelloso
1690 3882 1876 3965 hujus
1924 3882 2086 3947 vitae
2135 3883 2288 3947 mari
2337 3882 2774 3969 navigantibus
2820 3887 3087 3964 tanquam

880 3981 1170 4046 custodes
1218 3985 1403 4063 atque
1452 3980 1845 4045 excubitores
1894 4001 1927 4045 e
1975 3979 2244 4064 speculis
2292 3980 2622 4046 maritimis
2669 4001 2783 4065 per
2813 3980 2976 4045 faces
3002 3995 3087 4041 ac·-

1052 4232 1091 4297 ¹)
1134 4234 1486 4299 φρυκτωρεῐν
1523 4231 1727 4300 proprie
1769 4232 2025 4301 significat
2076 4232 2194 4300 igne
2233 4232 2282 4284 in
2321 4232 2530 4301 specula
2567 4232 2772 4286 sublato
2816 4223 3086 4300 (φρυκιός)

866 4312 1089 4366 hostium
1114 4311 1389 4365 adventum
1416 4311 1733 4379 denuntiare,
1774 4319 1828 4366 et
1852 4312 2157 4382 generatim,
2195 4312 2398 4383 signum
2424 4329 2451 4366 e
2477 4313 2688 4382 specula
2711 4305 3085 4382 (φρυκτώρια)

866 4392 1081 4447 sublatis
1131 4393 1327 4448 facibus
1376 4392 1528 4460 dare3
1583 4394 1933 4465 metaphorice
1969 4410 2095 4448 vero
2132 4393 2432 4463 praelucere
2484 4398 2538 4447 et
2574 4395 2723 4466 quasi
2761 4394 2919 4447 facem
2955 4403 3081 4459 prae-

867 4474 1020 4538 ferre,
1059 4473 1400 4543 praelucendo
1437 4474 1759 4543 annuntiare,
1798 4479 1856 4528 ut
1893 4475 1945 4529 in
1981 4474 2216 4550 sequenti
2255 4473 2665 4532 consideratione
2705 4474 2994 4548 explicatur.

3379 2302 3388 2331 ιιι-
3379 2252 3388 2267 -
3375 2074 3388 2227 Αᾼ--ι-μ-
3381 2034 3386 2045 -
3375 1914 3388 2001 -.-

3379 2650 3392 2752 -.-
3381 2454 3392 2643 -*„ss
3387 2408 3388 2435 ᾼ
