3514 5391
759 542 986 597 XXVIII
1454 543 1772 612 Conspectus
1810 541 1930 595 anni
1968 542 2320 596 ecclesiastici.

1471 740 1747 806 Mense
1811 740 2294 826 Septembri.

670 880 673 885 ·
763 865 1052 953 Κυριακὴ
1130 862 1372 954 ὑστάτη
1440 868 1557 931 τοῦ
1632 867 1829 930 Ματ-
1938 866 2119 931 Dom.
2168 865 2217 930 I.
2285 865 2393 931 SS.
2447 865 2832 952 Angelorum
2897 888 3004 932 eu-

848 962 1073 1033 θαΐου.
2026 963 2293 1030 stodum.

762 1143 1052 1232 Κυριακὴ
1096 1142 1226 1231 πρὸ
1271 1148 1382 1232 τῆς
1427 1140 1759 1233 ὖψώσεως.
1938 1144 2120 1210 Dom.
2152 1145 2312 1209 infra
2342 1144 2552 1211 Oetav.
2586 1145 2647 1210 Ν
2652 1147 2791 1211 ativ.
2815 1148 2884 1214 B.
2913 1147 3001 1212 M.

2027 1241 2203 1328 Virg.
2254 1242 2365 1308 SS.
2411 1243 2698 1309 Nominis
2745 1244 3000 1310 Mariae.

849 1346 1140 1426 Παρασκ.
1187 1338 1352 1424 μετὰ
1394 1338 1508 1427 τὴν
1548 1337 1824 1429 ὕψωσιν·
1980 1341 2255 1423 Quatuor
2299 1347 2582 1427 tempora
2626 1345 2924 1410 autumni.

902 1439 1099 1517 Τέλος
1127 1444 1243 1505 τοῦ
1268 1437 1432 1503 κατὰ
1462 1441 1829 1504 Ματθαῖον

891 1532 1268 1623 εὐαγγελίου.

762 1716 1050 1804 Κυριακὴ
1094 1716 1258 1802 μετὰ
1301 1715 1414 1804 τὴν
1460 1714 1734 1805 ὕψωσιν.
1941 1719 2121 1784 Dom.
2171 1718 2282 1784 ΙΙΙ.
2388 1719 2640 1803 Septem
2720 1721 3002 1785 dolorum

851 1820 1036 1884 Δευτ.
1074 1815 1267 1903 Ἀρχὴ
1295 1820 1412 1879 τοῦ
1446 1815 1610 1881 κατὰ
1636 1820 1827 1881 Λου-
2029 1817 2098 1882 Β.
2150 1817 2238 1882 Μ.
2289 1817 2581 1903 Virginis,

848 1920 964 1979 κᾶν
1007 1909 1387 1998 εὐαγγελίου.

763 2092 1051 2181 Κυριακὴ
1098 2093 1179 2161 α’.
1228 2098 1345 2159 τοῦ
1391 2097 1644 2158 Λουκᾶ.

1552 2273 1826 2338 Mense
1876 2273 2225 2338 Octobri.

763 2396 1181 2516 Κυρέακὴοᾎ
1247 2397 1333 2463 Ἡ
1371 2402 1486 2463 τοῦ
1528 2393 1831 2483 ῥοδαρίου
1939 2399 2118 2464 Dom.
2167 2400 2215 2465 Ι.
2275 2400 2533 2464 Festum
2582 2400 2690 2465 SS.
2743 2400 3001 2465 Rosarii.

900 2520 1103 2585 εορτη.

763 2674 1051 2764 Κυριακὴ
1114 2681 1242 2741 τῶν
1297 2671 1491 2759 ἁγίων
1536 2673 1834 2762 πατέρων
1943 2676 2099 2742 Aliis
2149 2676 2330 2742 Dom.
2385 2678 2542 2743 festa
2594 2677 3008 2743 Materuitatis

893 2775 1126 2938 τῆςξ.
1177 2770 1424 2859 οἶκουμ.
1473 2774 1541 2840 ἐν
1586 2769 1834 2861 Νικαίᾳ
2031 2781 2093 2840 et
2141 2776 2435 2842 Puritatis
2483 2778 2552 2842 B.
2605 2776 2692 2841 M.
2751 2776 2819 2843 V.

895 2894 1048 2937 συνο
1091 2897 1182 2940 ου.

1096 3054 1516 3119 Mensibus
1578 3054 2017 3119 Novembri
2079 3057 2154 3118 et
2221 3053 2666 3119 Decembri.

766 3177 1049 3263 Κυριακὶ
1096 3176 1227 3264 πρὸ
1274 3184 1383 3265 τῆς
1428 3177 1506 3258 ς’.
1558 3184 1757 3261 Νοεμ.

898 3275 1136 3365 Μνὴμη
1178 3282 1290 3365 τῆς
1333 3275 1582 3354 κονέως.
1941 3279 2122 3344 Dom.
2171 3277 2219 3343 Ι.
2271 3277 2611 3343 Adventus,

2074 3376 2348 3456 Quatuor
2403 3380 2684 3458 tempora
2739 3375 3002 3460 hyemis.

768 3553 1054 3669 qutcfm)
1118 3559 1246 3618 τῶν
1311 3549 1507 3638 ἁγίων
1564 3575 1830 3641 numm-
1943 3556 2123 3620 Dom.
2175 3553 2286 3619 III.
2339 3555 2680 3619 Adventus.

896 3676 1116 3738 τορων.

770 3813 1054 3899 Κυριακτ
1082 3812 1213 3900 πρὸ
1240 3819 1350 3901 τῆς
1384 3818 1672 3900 Χριστοῦ
1694 3835 1831 3896 γεν-
1943 3814 2130 3878 Dom.
2177 3812 2286 3879 lv.
2337 3814 2674 3877 Adventus,

898 3910 1151 3999 νήσεως·
1198 3917 1327 3976 τῶν
1372 3909 1688 3998 πατέρων.

854 4009 1207 4099 Παραμονὴ
1249 4016 1378 4076 τῶν
1417 4008 1830 4096 Χριστουγέν·

900 4135 1039 4180 νων.

858 4269 1146 4360 Κυριακὴ
1188 4270 1352 4355 μετὰ
1395 4268 1508 4356 τὴν
1545 4274 1835 4356 Χριστοῦ
1948 4270 2132 4335 Dom.
2187 4268 2348 4334 infra
2394 4268 2602 4333 Oetav.
2654 4268 2862 4332 Nativ.

897 4390 1200 4458 γεννησιν.

2037 4545 2098 4562 κη,
