3514 5391
996 554 1132 610 Ordo
1172 557 1420 611 festorum
1456 557 1703 611 ecclesiae
1742 559 2000 612 armenas.

837 753 1007 807 Sectio
1045 752 1131 806 IV.
1196 753 1363 808 Hoke·
1365 752 1568 808 Kelust.
1626 747 1892 867 Adventus
1904 755 2167 878 Spiritus,

802 858 1150 875 σ--ύ-

748 869 991 875 -Η...-
1261 871 1284 876 0
1327 871 1424 876 ---
1503 870 1674 877 ———-›—-

383 869 806 1096 &digestum
870 932 1072 1017 agitur
1135 870 1269 1009 hic,
1342 932 1509 998 haud
1575 933 1757 1018 longe
1821 935 1897 998 ab
1960 934 2063 1000 illo
2119 873 2219 1001 die

383 1051 417 1112 P

556 1208 796 1274 Feria
839 1208 968 1275 III.
1047 1211 1302 1275 Festum
1358 1178 1762 1275 Constantini
1806 1213 2220 1297 imperatoria

376 1311 511 1395 ejus
558 1306 863 1371 Helenae.

554 1432 816 1498 Festum
882 1435 1047 1499 istud
1113 1435 1294 1504 etiam
1367 1435 1657 1500 Graec.
1723 1434 1925 1500 Men.
2009 1454 2136 1499 una
2203 1456 2220 1499 ‹

370 1532 574 1598 Men.
626 1531 733 1598 21.
782 1532 933 1597 Maii
1002 1533 1289 1617 apponit3
1356 1533 1739 1617 proindeque
1802 1533 1865 1597 in
1931 1532 2220 1599 Kalendm

368 1629 528 1708 loce.
582 1651 801 1714 parum
853 1632 929 1696 ab
978 1631 1081 1697 illo
1129 1632 1227 1696 die
1274 1637 1534 1708 remoto,
1587 1631 1942 1698 collocatur.
2037 1631 2112 1696 V.
2163 1635 2205 1695 t.

552 1811 796 1875 Feria
841 1810 916 1878 V.
982 1811 1235 1874 Festum
1290 1811 1595 1875 Theodoti
1648 1809 1947 1892 Galatae,
2013 1821 2071 1874 et
2128 1811 2220 1873 Th

365 1908 518 1989 dici,
572 1929 651 1971 ac
698 1918 929 1995 septem
991 1909 1332 1996 Virqinum,
1391 1931 1550 1995 quae
1597 1909 1892 1992 Ancyrae
1940 1931 2220 1973 οοπεατηπ

546 2033 889 2119 Perperam
943 2034 1193 2101 codices
1240 2034 1559 2100 Theodoto
1610 2039 1671 2100 et
1712 2040 1958 2120 'septem
1993 2033 2220 2120 virgin:

365 2133 579 2198 laeum
627 2133 944 2198 medicum
989 2132 1388 2216 interjiciunt,
1451 2134 1629 2218 quasi
1676 2153 1818 2198 cum
1867 2132 1987 2197 illis
2036 2136 2203 2199 esset

365 2233 668 2315 Ancyrae
716 2237 1213 2308 consummatus,
1283 2232 1447 2317 quod
1495 2232 1708 2317 procul
1766 2253 1801 2297 a
1847 2251 1993 2297 vero
2041 2236 2153 2297 est.

365 2331 535 2395 enim
583 2329 955 2414 martyrium
1004 2330 1279 2396 Edessae
1315 2331 1698 2396 Numeriano
1745 2332 2093 2414 imperante
2124 2351 2220 2415 pas

365 2449 488 2513 quo
538 2428 884 2512 Martyr.
935 2427 1137 2495 Rom.
1208 2434 1272 2495 et
1334 2430 1613 2497 Graec.
1678 2433 2220 2495 Armencrum

365 2527 441 2592 ad
490 2528 557 2593 d.
595 2526 702 2593 20.
751 2526 922 2612 Maji.
987 2527 1348 2594 Theodotus
1393 2549 1537 2595 vero
1585 2528 1866 2612 martyrii
1915 2547 2205 2593 coronam

364 2626 696 2713 Ancyrae,
763 2627 928 2712 quod
977 2646 1236 2712 corpora
1282 2631 1523 2713 septem
1572 2628 1884 2714 virginum
1944 2631 2085 2692 ante
2133 2626 2220 2711 ips

363 2724 674 2811 martyrio
724 2734 1234 2812 consumptarum
1281 2726 1609 2811 sepelisset
1664 2728 1736 2811 (t.
1793 2726 1850 2805 1,
1899 2748 1958 2811 p.
2012 2725 2202 2809 162);

364 2824 587 2890 omnia
619 2822 1011 2890 Theodotum
1042 2825 1228 2890 simul
1276 2845 1420 2890 cum
1450 2830 1691 2910 septem
1724 2825 2067 2911 virginibus
2096 2844 2217 2908 pon

363 2943 602 3007 nempe
650 2921 859 2991 Rom.
907 2928 972 2989 et
1018 2925 1293 2991 Graec.
1346 2924 1541 2990 Men.
1590 2925 1651 2988 d.
1703 2924 1806 2990 18.
1859 2922 2033 3007 Maji,
2089 2922 2220 2987 Ar]

364 3042 513 3087 vero
574 3020 638 3087 d.
688 3021 792 3086 22.
846 3021 1042 3105 ejusd.
1136 3022 1407 3088 Proinde
1470 3042 1813 3109 congruum
1876 3022 2119 3087 videtur
2177 3040 2220 3084 o:

364 3120 618 3185 minum
664 3118 768 3184 hic
815 3125 1075 3198 mutare,
1112 3122 1410 3205 ponendo
1441 3120 1696 3187 scilicet.
1777 3120 2019 3185 Feria
2046 3119 2124 3185 V.
2175 3118 2220 3182 B

364 3217 567 3283 lelaei
614 3218 862 3298 medici,
925 3229 985 3281 et
1037 3219 1346 3284 Theodoti
1399 3217 1699 3296 Galatae,
1750 3243 1826 3282 ac
1871 3228 2104 3304 septem
2149 3217 2220 3279 vi:

555 3469 931 3535 Sabbato.
1031 3469 1282 3533 Festum
1325 3469 1708 3533 inventionis
1757 3468 2198 3554 Reliquiamm

367 3568 844 3632 Illuminatovic
890 3570 1097 3632 nostri
1142 3569 1212 3630 in
1255 3578 1460 3632 monte
1510 3565 1734 3653 Sepuh.

556 3712 624 3776 S.
657 3711 944 3797 Gregorii
991 3710 1433 3777 Illuminatoris
1464 3710 1692 3775 festum
1717 3708 1925 3773 Mart
1938 3728 1978 3792 y
1995 3729 2043 3773 r.
2083 3706 2220 3772 Boi

370 3811 497 3896 GJr.
552 3810 618 3874 d.
666 3809 770 3875 30.
800 3808 1188 3894 Septembris
1235 3812 1562 3894 reponunt,
1612 3827 1733 3892 quo
1779 3806 1879 3872 die
1928 3807 2114 3871 etiam
2162 3806 2220 3870 A

369 3911 660 3996 assignat
722 3908 1142 3973 inventionem
1206 3906 1339 3990 ejus
1396 3905 1841 3991 Reliquiarum.
1949 3903 2071 3970 Sed
2136 3904 2212 3968 ad

368 4006 886 4096 ubixabsolutam
951 4006 1085 4090 ejus
1146 4005 1304 4071 vitae
1350 4005 1676 4071 historiam
1723 4003 1903 4072 texit.
1971 4004 2031 4068 d.
2081 4002 2185 4068 30.

373 4105 708 4173 ait-fuisse
756 4104 923 4170 diem
970 4104 1359 4171 dormitionis
1408 4105 1560 4188 ejuS‚
1624 4104 2043 4168 inventionem
2089 4120 2220 4165 vert

372 4205 667 4290 quiamm
716 4204 777 4268 d.
833 4203 933 4268 18.
983 4202 1361 4269 Novembris
1408 4202 1707 4267 evenisse.
1804 4200 2004 4281 Quum
2071 4198 2220 4285 igitu

372 4304 587 4368 dinem
642 4300 857 4367 Nostri
902 4301 1040 4368 Kal.
1092 4301 1252 4367 festa
1298 4299 1584 4366 Octobris
1633 4304 1695 4364 et
1741 4297 2118 4364 Novembris
2166 4319 2220 4382 p«

374 4403 618 4469 tionem
681 4399 787 4465 hic
853 4398 1261 4475 collocentur,
1329 4398 1450 4463 hoc
1509 4418 1755 4482 quoque
1817 4397 2070 4472 festum,
2143 4397 2220 4460 hu

379 4499 649 4564 caeteris
696 4496 1080 4575 translatum,
1130 4496 1403 4561 Sabbato
1451 4498 1571 4561 isto
1620 4494 1979 4561 solemniter
2026 4513 2220 4579 perag
