3514 5391
1053 523 1340 590 Σάββατον
1374 525 1476 578 τοῦ
1511 522 1818 577 ἄκαθίστου
1855 520 2057 593 ὕμνον.
2574 523 2678 576 157

615 724 851 791 Filialis
877 728 1160 791 “nostrae
1209 723 1454 809 pietatis
1513 724 1787 790 studium
1850 723 1913 789 in
1960 743 2042 790 ss,
2092 723 2426 807 Deiparam
2487 726 2678 788 testa-

446 829 566 888 tum
614 824 908 903 relicturi,
958 826 1123 909 piam
1173 824 1335 889 hanc
1383 823 1858 911 elegantemque
1905 821 2360 888 cantiunculam
2391 822 2452 886 in
2481 822 2681 894 forma

444 928 690 988 extensa
749 922 854 988 hic
901 922 1278 988 afferendam
1329 941 1690 1000 censemuS,
1759 941 1952 1005 quum
2012 926 2220 986 tamen
2283 921 2676 1005 synaxarium

441 1021 576 1099 diei,
625 1022 790 1106 quod
845 1026 1100 1107 accepta
1146 1021 1439 1086 divinitus
1484 1020 1793 1086 beneficia
1823 1020 1993 1086 brevi
2041 1024 2103 1084 et
2132 1021 2207 1085 ab
2238 1019 2531 1085 historiae
2555 1019 2679 1083 fide

442 1140 559 1184 non
605 1118 807 1186 alieno
855 1120 1139 1205 discursu
1189 1123 1534 1204 percenset,
1583 1118 1888 1184 lectorum
1918 1118 2113 1184 oculis
2142 1117 2588 1200 subjecerimus
2612 1118 2678 1201 ¹).

610 1228 1014 1293 Acathistum
1063 1232 1268 1292 autem
1317 1233 1862 1312 repraesentamus
1910 1248 1984 1293 ex
2030 1246 2189 1293 nova
2220 1226 2485 1291 editione
2518 1246 2679 1290 car-

440 1326 741 1393 dinalis
787 1326 1020 1392 Pitra
1065 1329 1377 1412 στιχηριῦς
1422 1327 1807 1411 descriptum
1851 1325 2373 1413 intevpretatione
2405 1323 2677 1390 celeber-

439 1424 571 1495 rimi
634 1425 1030 1512 grammatici
1092 1423 1623 1500 Constantini
1682 1424 2122 1490 Lascharis
2188 1444 2351 1489 nunc
2411 1423 2677 1506 primum

439 1523 665 1589 ibidem
730 1524 985 1610 vulgata
1009 1524 1090 1607 ²),
1160 1528 1227 1587 ut
1291 1523 1380 1588 sic
1446 1524 1630 1589 etiam
1696 1523 2373 1609 praestantissimorum
2434 1521 2677 1586 illorum

439 1642 589 1706 quos
633 1622 852 1688 EmuS.
928 1622 1020 1687 vir
1073 1622 1142 1687 in
1203 1641 1316 1685 sua
1375 1620 1686 1686 Analecta
1750 1622 2064 1707 congessit
2122 1619 2555 1687 thesaurorum
2621 1625 2681 1683 et

440 1721 713 1795 notitiam
762 1721 1098 1786 reddamus
1146 1720 1640 1804 pervagatiorem
1691 1725 1752 1785 et
1780 1741 1962 1785 usum
1993 1721 2054 1784 in
2088 1718 2423 1785 academiis
2454 1717 2680 1782 nostris

398 1845 404 1850 ·
440 1819 943 1904 frequentiorem.

549 1931 638 2014 Τῆ
686 1926 846 2014 αὐτῇ
893 1924 1092 2016 ἡμέρᾳ
1153 1929 1276 2015 (τῷ
1339 1930 1502 2008 σαβ-
1720 1927 1957 1992 Eodem
1989 1927 2089 1991 die
2135 1927 2390 2010 (nempe
2420 1925 2680 1989 sabbato

439 2023 612 2110 βάτῳ
657 2030 771 2114 τῆς
811 2024 1117 2117 πέμπτης
1145 2025 1507 2114 ἑβδομάδος

439 2127 559 2187 τῶν
605 2126 945 2211 νηστειῶν)
991 2126 1104 2191 τὸν
1144 2126 1508 2193 ἀκάθιστον

441 2219 628 2304 {sperone
687 2217 1077 2307 ἑορτάζομεν
1139 2232 1251 2314 τῆς
1309 2224 1505 2309 ὑπερ-

441 2314 617 2401 ceye'crg
675 2316 1044 2410 Δεσποίνης
1103 2321 1277 2411 ἡμῶν
1343 2324 1507 2389 &eo-

439 2415 642 2497 τόκου,
695 2418 784 2483 δι’
833 2414 1050 2484 αἰτίαν
1092 2421 1414 2510 τοιαύτην·

538 2513 919 2603 Ἡρακλείου
962 2523 1078 2583 τοῦ
1119 2517 1504 2607 αὐτοκράτο-

445 2640 542 2697 ρος
569 2611 897 2701 Ῥωμαίων
930 2614 1120 2706 ἀρχὴν
1144 2618 1505 2702 διέποντος,

445 2713 475 2778 ὁ
515 2720 645 2780 τῶν
691 2718 963 2802 Περσῶν
1007 2717 1314 2798 βασιλεῦς
1369 2722 1506 2782 Xo-

444 2812 626 2903 σρόης
648 2807 807 2879 ἴδιὸν
836 2813 920 2878 τὰ
946 2810 1282 2898 (Ρωμαίων
1305 2814 1510 2900 ἄκρως

445 2911 935 2978 ταπεινωθέντα
955 2913 1136 3000 παρὰ
1164 2913 1363 2979 meam
1384 2918 1508 2995 βα-

446 3010 663 3089 σιλέως
709 3015 827 3075 τοῦ
862 3009 1188 3099 τυράννου,
1238 3010 1351 3076 ἕνα
1381 3016 1510 3076 τῶν

1613 2026 1863 2109 quintae
1928 2023 2340 2089 hebdomadis
2401 2022 2679 2103 Quadra-

1611 2124 1935 2209 gesimae),
1969 2123 2356 2188 celebramus
2375 2121 2677 2204 hymnum

1616 2222 2008 2287 Acathistum
2059 2220 2168 2286 SS.
2220 2220 2523 2285 Dominae
2572 2240 2680 2284 no-

1615 2327 1779 2385 strae
1828 2321 2132 2404 Deiparae
2199 2319 2278 2382 ol)
2328 2316 2679 2399 hujusmodi

1616 2438 1887 2483 causam.

1721 2518 1924 2599 Quum
1974 2514 2300 2580 Heraclius
2334 2513 2678 2579 Romanum

1615 2617 1943 2701 imperium
1979 2619 2220 2679 teneret
2243 2613 2312 2697 ³),
2351 2613 2679 2677 Persarum

1617 2737 1723 2780 rex
1774 2714 2100 2792 GhosroeS,
2152 2714 2365 2778 videns
2412 2732 2512 2776 ros
2564 2711 2682 2776 Ro—

1619 2833 1941 2879 manorum
1992 2833 2029 2876 a
2076 2811 2289 2876 Phoca
2345 2814 2604 2893 tyranno
2628 2811 2681 2892 ⁴)

1619 2913 1864 2996 penitus
1912 2910 2173 2975 afflictas
2220 2914 2282 2973 et
2320 2914 2680 2995 prostrataS,

1619 3032 1812 3077 uuum
1861 3030 1935 3075 ex
1965 3009 2229 3092 satrapis
2264 3010 2412 3086 suis,
2461 3008 2683 3073 Sarbav

617 3210 660 3278 ¹)
700 3211 748 3263 A
785 3208 980 3263 Triodii
1017 3210 1293 3280 synaxario
1345 3209 1524 3279 paucis
1562 3207 1735 3263 differt
1780 3204 1946 3275 λόγος
1997 3203 2413 3275 εὐχαρισιήριος
2463 3207 2537 3263 εἰς
2587 3204 2684 3269 τὴν

443 3289 757 3361 ιίκάθιᾳτον,
811 3305 962 3360 quem
1002 3289 1374 3345 Gretserus
1411 3289 1533 3343 olim
1569 3288 1769 3342 detexit
1805 3288 1859 3341 in
1894 3286 2203 3356 bibliotheca
2239 3286 2497 3340 Bavarica
2537 3285 2683 3339 Com-

443 3375 667 3425 mentar.
720 3370 777 3425 in
820 3369 1007 3424 Godin.
1043 3370 1078 3424 l.
1115 3371 1167 3430 3.
1217 3387 1262 3424 c.
1300 3371 1334 3426 6
1392 3370 1549 3439 (apud
1586 3369 1778 3438 Migne,
1832 3367 1975 3422 Patr.
2013 3382 2094 3435 gr.
2132 3367 2416 3433 tom..157,
2456 3381 2539 3435 pp.
2578 3367 2685 3421 359

448 3453 634 3520 —360)
691 3469 754 3506 ac
803 3450 1258 3506 combefisius
1315 3455 1497 3521 postea
1552 3449 1711 3503 edidit
1769 3448 1821 3502 in
1876 3446 2132 3501 Historia
2187 3446 2683 3501 Monothelitarum.

444 3530 593 3593 Eum,
646 3532 939 3600 combefisii
987 3532 1123 3585 notis
1160 3531 1504 3594 illustratum,
1555 3529 1797 3600 produxit
1833 3528 2005 3596 Migne
2044 3527 2095 3581 in
2132 3527 2276 3581 Patr.
2314 3542 2395 3596 gr.
2435 3533 2558 3580 tom.
2598 3528 2684 3586 92.

443 3627 522 3681 pp.
560 3613 936 3668 1353—1371.
1003 3611 1222 3665 Praeter
1257 3611 1556 3665 historicam
1593 3609 1744 3679 hujus
1783 3607 2031 3662 orationis
2066 3609 2415 3662 narrationem
2453 3605 2508 3661 et
2528 3607 2685 3664 Chro-

441 3692 584 3746 nicou
620 3691 885 3762 paschale,
936 3691 1046 3746 loco
1085 3691 1318 3761 superius
1356 3690 1423 3744 ad
1460 3690 1508 3748 d.
1547 3691 1597 3745 7.
1634 3689 1877 3759 Augusti,
1929 3692 2069 3742 tomo
2107 3689 2156 3751 1,
2195 3704 2244 3758 p.
2283 3688 2414 3756 239,
2470 3704 2503 3741 a
2538 3689 2685 3742 nobis

442 3773 624 3841 allato,
680 3773 848 3828 videri
899 3771 961 3827 de
1012 3772 1190 3826 eodem
1241 3775 1546 3841 argumento
1597 3774 1814 3840 possunt
1863 3785 1905 3824 s.
1954 3768 2416 3838 Nicephorus‚
2472 3766 2684 3822 Theo-

443 3854 692 3923 phanes
732 3857 788 3908 et
826 3852 1204 3921 CedrenuS,
1254 3853 1339 3923 qui
1376 3868 1462 3906 res
1497 3852 1633 3906 illius
1671 3850 1920 3921 temporis
1956 3849 2197 3904 videntur
2242 3848 2534 3904 accuratius
2571 3864 2684 3918 per-

442 3935 617 3990 secuti.

612 4014 658 4084 ¹)
700 4013 760 4071 O.
797 4012 1204 4083 Lasch'ariS,
1237 4014 1451 4069 natione
1477 4027 1715 4084 graecuS,
1740 4012 1914 4082 patria
1932 4011 2267 4083 Byzantinus,
2305 4012 2485 4066 literas
2510 4012 2683 4066 huma·

440 4096 604 4152 niores
638 4101 796 4151 tanta
833 4111 950 4150 cum
986 4095 1135 4149 laude
1173 4101 1229 4149 et
1263 4095 1481 4149 nominis
1519 4093 1901 4148 existimatione
1940 4093 2191 4146 tractavit
2223 4091 2512 4159 Mediolani,
2552 4091 2682 4147 Nea·

440 4178 554 4246 poli.
591 4178 901 4243 Messanae,
956 4178 1016 4229 ut
1051 4175 1334 4229 doctissimi
1382 4174 1566 4245 quique
1619 4176 1728 4243 ejus
1768 4174 1965 4228 dictata
2002 4172 2297 4227 avidissime
2346 4172 2685 4241 requirerent.

441 4257 575 4313 Obiit
621 4262 850 4313 exeunte
897 4255 1103 4310 saeculo
1151 4255 1543 4326 quintodecimo.
1640 4255 1746 4309 Cfr.
1799 4253 2002 4308 Fabi-ic.
2059 4253 2289 4307 biblioth.
2341 4265 2419 4320 gr.
2472 4258 2596 4305 tom.
2635 4255 2683 4306 6.

441 4353 518 4408 pp.
555 4338 866 4394 329—330.

610 4419 656 4486 ⁸)
701 4418 783 4472 Ab
824 4432 959 4470 anno
996 4417 1102 4471 610
1138 4416 1202 4470 ad
1239 4432 1424 4471 annum
1461 4419 1583 4473 641.

607 4500 653 4556 ⁴)
698 4499 784 4553 Ab
825 4512 959 4550 anno
996 4498 1101 4550 602
1138 4497 1201 4550 ad
1239 4513 1424 4550 annum
1461 4499 1582 4551 610.
