3514 5391
900 505 1007 559 652
1435 506 1610 558 Annus
1648 505 1772 559 eccl.
1810 504 2322 574 Syro-chaldaeorum
2358 504 2604 558 Malabar.

904 706 1062 769 crux,
1103 701 1336 774 lapideo
1376 702 1519 759 item
1573 702 1793 759 circulo
1833 702 2089 769 inclusa;
2141 701 2463 774 repandum
2520 703 2578 758 in
2617 702 2807 759 lilium
2847 700 3108 758 desinens,

903 782 1137 841 Insidet
1174 782 1233 839 in
1274 799 1492 840 summo
1534 783 1818 840 columba.
1893 781 2090 840 Latae
2142 783 2214 839 ob
2252 782 2367 839 imo
2405 782 2628 840 herbae
2668 782 2983 840 luxuriant.
3049 779 3107 837 In

904 882 970 921 eo
1011 864 1232 921 circulo
1272 865 1494 921 incisae
1537 872 1860 921 cernuntur
1898 869 2095 933 notae,
2147 880 2292 937 quas
2330 870 2575 937 propter
2611 868 2971 921 vetustatem
3005 861 3107 933 legi

905 944 1098 1001 adhuc
1148 945 1408 1017 potuisse
1449 950 1685 1016 negant.
1762 944 2119 1002 Extractam
2172 945 2439 1003 tabulam
2491 961 2563 1002 ac
2600 946 2785 1018 probe
2823 948 3108 1017 purgatam

900 1024 1181 1082 Lusitani
1233 1024 1544 1083 confestim
1603 1026 1661 1082 in
1714 1042 1823 1082 ara
1873 1026 2299 1097 gratulabundi
2362 1026 2755 1097 constituunt;
2814 1024 3109 1083 intentiore

903 1122 1046 1164 cura
1083 1107 1368 1163 sacellum
1409 1105 1752 1164 absolvunt“
1779 1106 1838 1177 ¹).

1081 1233 1408 1286 Mirandum
1446 1232 1670 1286 sudoris
1706 1234 1886 1287 crucis
1923 1249 2065 1287 anno
2092 1234 2256 1287 1557.
2300 1264 2362 1272 —
2404 1233 2651 1292 Accidit
2679 1242 2872 1291 autem
2902 1250 2951 1290 a.
2976 1232 3110 1295 1557,

903 1312 998 1368 die
1037 1329 1145 1384 quo
1187 1313 1495 1370 christiani
1537 1314 1988 1385 conveniebant,
2026 1320 2092 1372 ut
2130 1314 2191 1372 in
2231 1330 2298 1372 eo
2340 1312 2482 1371 fano
2503 1314 2896 1369 Salutationem
2933 1314 2996 1367 ab
3021 1316 3110 1366 Aa·

896 1393 1018 1460 ,aeto
1045 1395 1258 1462 factam
1299 1394 1690 1448 Sanctissimae
1733 1395 2020 1465 quin1'2),
2059 1401 2190 1453 octo
2219 1395 2362 1460 dies,
2402 1401 2719 1466 antequam
2757 1394 2882 1452 dies
2909 1392 3111 1452 Christi

901 1472 1141 1530 Natalis
1181 1474 1510 1539 adveniret,
1564 1475 1962 1542 celebrarent,
2019 1493 2189 1548 quum
2231 1477 2527 1541 sacerdos,
2579 1476 2674 1548 qui
2714 1493 2839 1533 rem
2876 1475 3109 1533 divinam

900 1551 1186 1623 faciebat,
1237 1554 1635 1627 Evangelium
1673 1556 2013 1626 inchoaret,
2065 1562 2130 1615 ut
2168 1573 2311 1614 crux
2350 1557 2409 1614 in
2448 1557 2677 1627 nigrum
2718 1557 2963 1613 colorem
3001 1570 3111 1612 ver-

903 1640 1151 1705 teretur,
1193 1641 1255 1692 et
1293 1636 1485 1708 liquor
1524 1653 1594 1693 ex
1623 1636 1731 1693 illa
1757 1637 2100 1694 incredibili
2130 1637 2301 1710 copia
2329 1637 2696 1708 dimanaret;
2737 1636 2946 1695 deinde
2970 1635 3113 1693 color

904 1715 1215 1773 caeruleus
1253 1733 1358 1788 pro
1398 1716 1566 1786 nigro
1605 1718 1851 1776 subiret.
1925 1717 2002 1776 In
2040 1718 2188 1775 locis
2229 1723 2444 1788 autem,
2484 1718 2583 1776 ubi
2623 1724 2797 1776 notae
2836 1715 3112 1789 sanguinis

903 1795 1210 1867 extabant,
1246 1798 1402 1853 rosei
1443 1798 1656 1873 coloris
1695 1798 1976 1870 splendor
2005 1799 2206 1856 eluxit.
2273 1798 2667 1871 Sequentibus
2706 1798 2917 1857 deinde
2945 1796 3111 1855 annis

902 1875 1106 1932 eodem
1146 1876 1258 1941 die,
1300 1893 1533 1950 semper
1571 1880 1904 1937 eveniebat.
1979 1878 2109 1937 Nec
2148 1881 2301 1937 enim
2343 1880 2461 1937 alio
2500 1879 2596 1937 die
2651 1880 2827 1952 (quod
2863 1895 3110 1951 magnam

904 1955 1356 2013 admirationem
1415 1959 1846 2029 commovebat)
1902 1959 1965 2017 id
2020 1960 2080 2017 in
2138 1960 2247 2018 illa
2302 1977 2475 2018 cruce
2530 1962 2906 2018 cernebatur.
2990 1958 3113 2016 Fuit

903 2042 1102 2092 tamen
1155 2036 1352 2107 aliquo
1405 2045 1670 2111 tempore
1727 2042 1856 2111 ejus
1908 2041 2014 2111 rei,
2072 2057 2223 2112 quae
2263 2041 2636 2098 admirabilis
2674 2042 2936 2099 omnibus
2973 2038 3114 2096 vide·

901 2116 1095 2181 batur,
1138 2116 1515 2175 intermissiO.
1583 2121 1759 2177 Anno
1801 2128 1996 2178 autem
2039 2123 2196 2191 1561,
2235 2138 2406 2203 quum
2439 2122 2751 2180 christiani
2790 2123 2849 2180 in
2888 2120 3108 2180 eundem

901 2194 1090 2253 locum
1133 2213 1260 2255 cum
1300 2199 1508 2257 eadem
1549 2217 1761 2274 pompa
1800 2207 1862 2258 et
1899 2201 2257 2260 celebritate
2299 2203 2698 2273 convenirent,
2739 2220 2807 2261 eo
2833 2204 2927 2261 die
2954 2200 3111 2267 Crux,

903 2276 1038 2333 dum
1077 2278 1433 2336 sacrificium
1472 2279 1677 2347 fieret,
1732 2281 1967 2340 stillare
2008 2283 2269 2355 solebat,
2326 2289 2387 2340 et
2425 2283 2705 2340 sacerdos
2743 2281 3107 2355 Evangelium

905 2357 1214 2415 inchoaret
1251 2359 1338 2428 (id
1378 2361 1530 2418 enim
1572 2361 1753 2419 etiam
1796 2361 2204 2421 admirandum
2246 2363 2596 2433 videbatur,
2655 2364 2807 2434 quod
2845 2377 3109 2434 nunquam

901 2437 1080 2509 priuS,
1120 2455 1293 2509 quam
1331 2439 1725 2514 Evangelium
1767 2442 1889 2514 legi
1931 2444 2241 2517 coepisset,
2281 2460 2356 2500 ea
2382 2442 2593 2502 Crucis
2631 2444 2879 2502 mutatio
2915 2438 3109 2507 fieret),

904 2517 1066 2576 Crux
1104 2527 1351 2592 repente
1392 2521 1580 2593 nigris
1620 2524 1885 2590 maculi8‚
1926 2523 2254 2596 splendidis
2292 2530 2510 2595 tamen,
2551 2523 2908 2591 inficeretur,
2946 2521 3108 2578 donec

898 2599 1138 2655 tandem
1179 2601 1314 2657 aliis
1366 2609 1543 2673 atque
1584 2604 1719 2660 aliis
1760 2605 2160 2669 subeuntibus,
2217 2610 2346 2662 tota
2384 2605 2774 2676 nigresceret.
2857 2605 2953 2662 Ita
2988 2616 3110 2659 vero

897 2679 1267 2753 splendebat,
1307 2688 1483 2754 atque
1524 2684 1573 2741 si
1599 2682 1817 2742 fuisset
1843 2685 1969 2743 oleo
1998 2685 2285 2744 delibuta.
2339 2684 2497 2743 Dum
2528 2686 2723 2745 instar
2747 2685 2895 2743 roris
2920 2686 3106 2757 guttae

898 2759 1158 2819 defluere
1201 2770 1536 2836 coeperunt,
1576 2781 1726 2838 quae
1765 2767 2057 2838 paulatim
2095 2767 2449 2837 grandiores
2489 2766 2739 2825 effectae
2780 2775 2957 2824 totam
2984 2760 3108 2820 Cru-

898 2859 1021 2898 cem
1062 2842 1302 2900 humore
1334 2845 1669 2914 largissimo
1698 2847 2164 2920 compleverunt:
2203 2848 2441 2921 peregit
2470 2847 2751 2906 sacerdos
2779 2864 2901 2905 cum
2931 2841 3108 2902 multis

900 2921 1166 2979 lacrimis
1206 2931 1269 2980 et
1307 2926 1518 2982 crebro
1558 2926 1819 2998 singultu
1847 2927 2224 2985 sacrificium.
2288 2927 2524 2985 Deinde
2555 2927 2827 2986 ascendit
2851 2928 2907 2985 in
2934 2925 3107 2983 altare

902 3009 964 3058 et
1002 3002 1223 3074 linteis,
1282 3005 1489 3076 quibus
1543 3006 1599 3062 in
1651 3008 1831 3064 rebus
1870 3008 2059 3065 sacris
2113 3008 2185 3064 de
2226 3026 2385 3066 more
2426 3010 2816 3081 procurandis
2863 3007 2947 3066 uti
2982 3003 3109 3062 sole·

905 3084 1027 3150 bat,
1084 3081 1334 3140 Crucem
1376 3087 1644 3144 extersit.
1718 3086 1941 3145 Lintea
1992 3089 2240 3146 maculis
2281 3089 2623 3161 sanguineis
2660 3090 2853 3148 tincta
2885 3089 3106 3160 repente

898 3169 1051 3219 snut.
1128 3161 1413 3222 Civitatis
1452 3164 1800 3237 praefectus
1840 3173 1901 3225 et
1936 3169 2171 3240 reliqua
2208 3168 2537 3238 multitudo,
2579 3186 2727 3242 quae
2761 3169 3109 3228 convenerat,

900 3259 1102 3299 manus
1141 3244 1202 3300 in
1242 3246 1464 3303 coelum
1519 3248 1797 3317 tendere,
1854 3247 2080 3306 Christi
2120 3266 2326 3307 nomen
2365 3250 2719 3322 implorare,
2777 3248 3103 3321 flagitiorum

899 3324 1132 3381 veniam
1163 3327 1464 3397 postulare
1495 3337 1556 3384 et
1583 3329 1659 3385 ad
1686 3329 1941 3386 studium
1972 3330 2280 3388 ardentius
2307 3331 2616 3402 religionis
2644 3329 2912 3389 excitari.
2966 3325 3106 3384 Crux

902 3410 1096 3460 autem
1135 3412 1440 3478 postquam
1481 3409 1665 3465 multo
1705 3410 1929 3481 liquore
1972 3408 2165 3476 fluxit,
2221 3411 2441 3469 clarius
2481 3412 2795 3484 splendere
2844 3408 3021 3481 coepit
3055 3411 3105 3458 et

853 3524 860 3534 .
901 3485 1061 3542 color
1100 3488 1457 3558 sanguineus
1499 3488 1834 3546 evidentius
1874 3491 2112 3548 eluxit“.

1081 3612 1468 3682 Interpretatio
1497 3614 1868 3684 inscriptionis
1893 3619 2117 3670 tentata.
2147 3648 2209 3655 —
2236 3616 2404 3686 „Hoc
2431 3616 2655 3688 signum
2682 3618 2766 3688 (a.
2798 3615 2950 3682 1561)
2976 3624 3101 3669 com·

902 3693 1083 3749 movit
1141 3699 1203 3749 et
1253 3693 1619 3763 praefectum
1681 3695 1845 3752 urbis
1915 3701 1978 3753 et
2030 3697 2377 3770 primarium
2431 3696 2833 3767 sacerdotem,
2886 3703 2946 3752 ut
2990 3687 3099 3776 <iilis

901 3778 1112 3838 genter
1167 3772 1563 3844 inquirerent,
1631 3776 1830 3848 ecquis
1888 3785 2073 3842 esset,
2142 3778 2237 3850 qni
2288 3778 2502 3834 literas
2554 3777 2693 3834 illas
2745 3777 3097 3849 interpretatu

901 3859 1111 3924 posset.
1195 3853 1392 3923 Ajunt
1439 3855 1700 3926 incolae,
1757 3857 1818 3914 in
1868 3857 2205 3930 Narsingae
2263 3874 2448 3929 regno
2499 3875 2627 3915 esse
2676 3857 3095 3935 Brachmanam3

902 3932 1062 3988 inter
1110 3950 1307 3990 omnes
1347 3933 1760 3994 Brachmanas
1810 3937 2008 3995 literis
2061 3944 2122 3995 et
2169 3938 2499 3995 eruditione
2543 3945 2970 4010 praestantem,
3018 3940 3097 4000 (1¹¹¹

901 4014 1101 4069 varias
1152 4014 1386 4084 linguas
1439 4019 1701 4074 tenebat.
1786 4017 2099 4076 Hominem
2153 4019 2425 4076 continno
2479 4027 2795 4078 accersunt
2845 4027 2901 4075 et
2948 4016 3095 4072 inter·

1089 4222 1124 4284 ¹)
1167 4221 1394 4274 Maffei
1434 4222 1481 4276 J.
1521 4221 1594 4288 P„
1637 4222 1770 4277 Hist.
1812 4225 1977 4292 indie„
2018 4226 2050 4278 1.
2098 4228 2178 4290 ll,
2218 4226 2339 4279 edit.
2378 4224 2561 4278 Venet.
2606 4227 2757 4291 lass,
2796 4241 2844 4293 p.
2880 4221 2987 4276 214.

1081 4297 1123 4358 2)
1165 4300 1375 4354 Festum
1415 4304 1833 4357 Annuntiatiouis
1872 4304 1929 4357 B.
1970 4306 2037 4359 M.
2080 4305 2139 4359 V.
2177 4307 2229 4359 in
2268 4306 2629 4374 Hispaniarum
2668 4305 2842 4372 regnis
2877 4302 2981 4357 olim
3013 4307 3091 4347 11⁰⁰

900 4383 983 4434 25.
1027 4380 1213 4447 Martii,
1265 4382 1352 4434 sed
1396 4385 1477 4435 18.
1505 4382 1816 4438 Decembris
1866 4385 1945 4438 die
1985 4387 2300 4440 celebratum
2351 4385 2556 4458 relegas
2595 4386 2645 4440 iu
2688 4379 2997 4454 „Zeitschrift
3028 4375 3092 4426 snt

901 4462 1042 4516 kath.
1083 4461 1412 4530 Theologie“,
1453 4465 1608 4518 1896.
1649 4480 1696 4536 p.
1736 4467 1857 4518 598.
