3514 5391
1192 580 1529 650 Diagramma
1565 581 1963 636 Dominicarum.

452 788 619 852 dium
669 788 1071 855 inchoabitur
1133 794 1195 853 ct
1256 788 1647 874 evangelium
1714 789 2075 855 Dominicae
2133 787 2297 873 μετὰ
2353 787 2437 853 τὰ

444 897 595 972 post
644 887 939 970 Lumina,
988 888 1088 953 die
1140 889 1197 952 7.
1248 887 1526 953 Januarii
1573 883 1995 966 recitandum3

633 1029 702 1114 b)
752 1031 805 1095 si
853 1051 998 1097 vero
1029 1029 1277 1095 Pascha
1323 1035 1541 1116 agetur
1588 1030 1715 1109 25„
1770 1036 1875 1096 aut
1906 1031 2034 1107 26..
2085 1036 2192 1097 aut
2239 1033 2366 1109 27„
2418 1052 2440 1095 a

454 1134 562 1191 aut
605 1127 735 1206 29..
785 1133 897 1193 aut
942 1129 1072 1204 30..
1123 1134 1229 1193 aut
1278 1130 1463 1194 etiam
1511 1131 1617 1196 31.
1655 1129 1883 1206 Martii,
1934 1132 2365 1195 tantummodo
2415 1151 2440 1195 s

453 1226 682 1291 minica
727 1230 869 1310 post
915 1222 1183 1292 Lumina
1229 1228 1346 1292 erit
1391 1232 1454 1293 et
1500 1228 1724 1292 deinde
1772 1222 2093 1294 Triodium
2142 1232 2438 1312 ponetur3

631 1367 694 1453 c)
743 1368 794 1433 si
843 1368 1094 1434 Pascha
1139 1370 1555 1436 celebrabitur
1586 1392 1622 1436 a
1653 1373 1711 1438 1.
1735 1371 1970 1455 Aprilis
2019 1391 2216 1455 usque
2249 1372 2326 1436 ad
2357 1371 2416 1436 6.

450 1484 576 1530 una
621 1466 967 1533 hebdomas
1013 1468 1176 1533 inter
1222 1468 1614 1535 Dominicam
1663 1474 1806 1553 post
1835 1470 2103 1535 Lumina
2149 1475 2211 1534 et
2235 1469 2440 1534 Triodi

449 1571 727 1630 metatur
774 1585 970 1651 eaque
1018 1567 1405 1655 evangelium
1454 1567 1591 1632 XV.
1644 1568 1851 1633 Lucae
1898 1568 2282 1633 recitandum
2306 1567 2390 1651 ¹);

630 1707 706 1792 d)
756 1708 808 1773 si
854 1708 1105 1775 Pascha
1152 1711 1332 1775 cadet
1379 1711 1444 1774 in
1492 1711 1625 1774 dics
1672 1711 1749 1776 ab
1801 1711 1864 1775 8.
1913 1731 2111 1795 usque
2161 1713 2237 1776 ad
2292 1712 2391 1775 14.

443 1806 608 1872 duae
656 1812 839 1874 erunt
883 1807 1310 1875 hebdomades
1340 1810 1500 1874 inter
1530 1809 1922 1875 Dominicam
1952 1812 2093 1894 post
2123 1808 2387 1874 Lumina
2434 1836 2440 1868 ι

444 1905 656 1982 dium,
720 1910 783 1971 et
828 1905 1019 1992 priori
1065 1906 1206 1972 XII.
1257 1906 1497 1986 Lucae,
1568 1907 1764 1972 altera
1810 1907 1944 1973 XV.
2005 1908 2395 1993 evangelium

446 2007 514 2072 et
560 2011 693 2069 tum
741 2005 987 2069 initium
1035 2004 1640 2082 Triodiordandum3

628 2143 692 2231 ὁ)
742 2147 794 2211 si
844 2146 1092 2213 Pascha
1134 2148 1471 2213 habebitur
1520 2149 1621 2215 15.
1672 2149 1906 2233 Aprilis
1969 2169 2163 2234 usque
2213 2151 2288 2214 ad
2337 2151 2438 2214 21.

445 2244 843 2309 Dominicam
906 2252 1046 2330 post
1092 2245 1359 2311 Lumina
1418 2251 1481 2311 et
1528 2245 1846 2312 Triodium
1909 2253 2038 2313 tres
2085 2252 2394 2332 ponentur

447 2343 698 2419 madeS,
764 2342 827 2407 in
875 2364 1135 2427 quarum
1187 2345 1389 2428 prima
1435 2344 1676 2429 legetur
1722 2344 1864 2409 XII.
1917 2345 2122 2411 Lucae
2170 2346 2440 2432 evangeli

445 2441 644 2507 altera
688 2441 862 2521 XV.,
932 2448 994 2509 et
1056 2444 1237 2508 tertia
1297 2442 1497 2507 XVII.
1550 2441 1886 2521 Matthaei,
1956 2449 2090 2508 tum
2154 2444 2440 2509 Triodiun

441 2539 778 2625 piendum;

609 2683 689 2769 f)
751 2685 802 2750 si
849 2685 1101 2763 tandem
1151 2684 1400 2751 Pascha
1459 2706 1649 2750 unum
1700 2706 1775 2752 ex
1822 2684 2042 2750 diebus
2090 2684 2328 2750 tenebit
2374 2685 2435 2749 in

443 2788 513 2847 et
558 2782 664 2847 25.
715 2783 983 2867 ApriliS‚
1054 2789 1201 2849 tunc
1262 2803 1384 2849 non
1446 2784 1652 2848 minus
1717 2804 1904 2868 quam
1954 2787 2218 2866 quatuor
2264 2782 2440 2848 hebd·

441 2881 941 2948 numerabuntur
987 2882 1150 2953 inter
1197 2881 1589 2957 Dominicam
1637 2886 1779 2967 post
1806 2882 2072 2947 Lumina
2120 2886 2182 2947 et
2227 2881 2440 2946 Triodi‘

441 2999 662 3044 earum
707 2980 907 3063 prima
952 2979 1200 3065 legetur
1244 2979 1408 3057 xil„
1467 2981 1741 3046 secunda
1787 2980 1980 3057 XIV„
2042 2980 2227 3044 tertia
2273 2978 2408 3044 XV.

439 3081 669 3162 quarta
712 3077 911 3143 XVII.
963 3077 1304 3143 Matthaei:
1355 3082 1487 3143 tum
1518 3083 1814 3161 sequetur
1841 3078 2160 3143 Triodium
2208 3096 2315 3142 seu
2349 3077 2440 3141 Dc

432 3175 778 3262 publicani
823 3187 883 3240 et
922 3177 1274 3262 pharisaei,
1326 3196 1483 3259 quae
1532 3176 1898 3247 Dominicae
1946 3177 2440 3262 Septuagesimal

439 3294 666 3339 norum
714 3274 992 3358 proxime
1041 3274 1429 3339 antecedenti
1476 3276 1830 3359 respondet.

624 3471 722 3534 De
753 3472 1005 3560 jejunio
1053 3493 1133 3536 ss.
1186 3470 1651 3557 Apostolorum.

624 3614 955 3704 Jejunium
980 3612 1451 3700 Apostolorum,
1503 3615 1690 3699 quod,
1722 3619 1970 3698 praeter
1995 3617 2325 3692 Armenes,
2359 3616 2440 3679 ori

436 3734 662 3782 omues
717 3712 967 3797 antiquo
1028 3732 1201 3777 more
1263 3717 1543 3788 servant,
1612 3713 1800 3778 etiam
1855 3711 2418 3798 Quadrayesimam

437 3811 711 3876 diximus
756 3817 907 3875 tom.
963 3811 1020 3889 1,
1071 3830 1172 3895 pp.
1225 3810 1356 3874 230
1403 3816 1465 3876 et
1510 3810 1651 3876 heic
1698 3831 1756 3894 p.
1794 3811 1912 3889 823
1962 3811 2068 3876 ubi
2102 3811 2328 3896 relege,
2379 3813 2429 3875 si

438 3929 604 3994 quae
650 3914 792 3992 post
837 3908 1188 3974 canonistas
1237 3916 1299 3973 et
1343 3907 1666 3994 theologos
1716 3910 1792 3973 de
1840 3907 1960 3973 hac
1981 3908 2301 3993 jejunandi
2351 3929 2440 3973 col

625 4132 667 4197 ¹)
708 4124 902 4200 Quibus
938 4132 1085 4185 annis
1124 4132 1323 4185 Pascha
1360 4132 1537 4202 agitur
1573 4133 1623 4186 2.
1665 4132 1892 4202 Aprilis,
1940 4132 2092 4186 litera
2129 4131 2440 4207 Dominicali=

443 4228 503 4267 ac
537 4213 752 4282 proinde
789 4212 899 4266 dies
935 4211 1185 4266 Dominici
1223 4217 1558 4267 numerantur
1594 4213 1688 4279 53,
1742 4213 1817 4267 uti
1857 4213 2174 4267 declaratum
2213 4214 2294 4264 est
2340 4211 2392 4264 in
2433 4223 2440 4261 ⁴

439 4293 649 4348 Eccles,
690 4308 804 4362 cap.
842 4294 893 4358 6,
933 4309 1014 4362 pp.
1053 4293 1123 4346 82
1159 4309 1301 4363 seqq.
1375 4293 1431 4347 Id
1470 4309 1594 4347 vero
1633 4293 1827 4347 duobus
1866 4294 2114 4360 saeculiS,
2166 4308 2297 4363 quae
2336 4308 2440 4360 pro:

435 4381 677 4444 quantur,
715 4373 771 4431 in
806 4372 1118 4427 Kalendario
1156 4373 1360 4428 Juliano
1398 4372 1737 4427 Orientalium
1776 4375 1940 4427 octies
1978 4373 2272 4442 continget:
2327 4373 2440 4425 189³

437 4454 596 4517 1928,
636 4452 799 4513 1990,
838 4454 996 4516 2001,
1033 4454 1189 4519 2012,
1228 4455 1368 4509 2087
1420 4456 1475 4508 ct
1511 4454 1680 4518 2096;
1734 4453 1787 4506 in
1837 4452 2148 4507 Kalendario
2185 4452 2440 4520 Gregoria

438 4534 608 4592 sexies
646 4536 857 4586 tantum
897 4532 1051 4601 1893,
1091 4534 1246 4605 1899,
1287 4534 1445 4602 1961,
1485 4534 1641 4602 1972,
1680 4533 1820 4588 2051
1861 4538 1915 4591 ct
1951 4533 2108 4592 2056.
