3514 5391
805 477 912 535 234
1446 479 1604 534 Festa
1638 479 1848 534 mobilia
1883 479 1936 533 in
1973 477 2397 548 Quadi-agesimo..

804 680 921 745 tuit
948 681 1016 765 ¹).
1110 679 1350 745 Slavice
1398 679 1473 744 ad
1520 678 1765 744 literam
1811 678 2148 744 translatus
2195 681 2293 743 est
2338 677 2459 743 diei
2508 677 2721 743 titulus
2783 677 2846 742 in
2898 677 3049 741 Bre-

804 779 994 844 viario
1043 777 1632 862 Romano-Illyrico
1698 778 2009 841 cetvertok
2071 778 2275 841 velseri
2335 776 2707 863 Gospodne‚
2773 777 2836 841 in
2893 795 3049 840 novo

805 877 1043 942 Missali
1091 876 1447 962 glagolitico
1514 880 1718 940 autem
1782 877 2062 942 c‘etvrtldc
2119 886 2327 941 vacere
2355 955 2362 962 ἢ
2393 875 2793 966 Gospodnje,
2861 874 2923 939 h.
2974 894 3046 952 e.,

789 974 980 1064 feria
1037 975 1105 1043 V.
1163 973 1404 1041 Coenae
1454 975 1734 1039 Domini.

982 1156 1172 1220 Fer-ia
1233 1154 1300 1221 V.
1356 1153 1598 1219 vividis.
1695 1154 1750 1220 G
1770 1174 1803 1219 e
1821 1174 1851 1218 r
1866 1175 1926 1218 m
1948 1175 1984 1219 a
2000 1175 2060 1218 n.
2116 1153 2706 1239 Gravidonnerstaq.
2756 1135 2804 1218 C
2822 1172 2855 1218 e
2872 1171 2906 1216 c
2920 1151 2964 1217 h
2981 1174 3047 1217 o-

804 1276 835 1321 s
856 1254 870 1319 l
893 1277 928 1320 a
942 1277 1000 1321 ν.
1046 1251 1263 1340 zeleny'
1310 1252 1566 1317 &tvo-tels.
1658 1252 1719 1317 H
1733 1274 1773 1317 u
1791 1273 1829 1317 n
1847 1274 1892 1339 g
1910 1275 1946 1318 a
1961 1273 2011 1319 r.
2059 1252 2205 1316 zb'ld
2250 1252 2586 1341 contorto’k.

986 1399 1175 1463 Feria
1219 1398 1293 1462 V.
1356 1397 1419 1461 in
1468 1395 1676 1462 Coena
1723 1397 1974 1462 Domini
2012 1396 2247 1462 -multis
2294 1396 2649 1463 nationibus
2696 1396 3047 1461 christianis

804 1497 941 1562 dies
986 1497 1217 1561 viridis
1262 1516 1371 1561 seu
1420 1495 1723 1559 viridium
1771 1517 1807 1560 a
1853 1496 2106 1561 virendo
2152 1496 2322 1561 dicta
2368 1499 2495 1573 est,
2560 1495 2845 1579 quamvis
2890 1494 3049 1559 inter

802 1597 1018 1661 doctos
1064 1615 1187 1660 non
1236 1599 1508 1672 constet,
1577 1613 1701 1677 qua
1760 1595 1838 1659 de
1887 1614 2075 1659 causa
2133 1594 2258 1660 hoc
2305 1614 2530 1660 nomen
2579 1594 2941 1679 impositum
2991 1592 3044 1657 ei

803 1695 901 1768 sit,
952 1695 1096 1777 quia
1146 1692 1425 1776 pluribus
1474 1692 1761 1777 sensibus
1806 1693 2179 1776 recipiendis
2227 1683 2324 1758 est
2377 1693 2692 1758 idoneum.
2808 1690 3044 1755 Viridi-

807 1792 962 1855 ιαιίε
1008 1791 1427 1876 significatum
1476 1810 1701 1875 nempe
1751 1810 1894 1855 cum
1940 1790 2072 1881 hoc*
2110 1791 2212 1857 die
2246 1791 2663 1876 conjungunt,
2729 1791 2858 1855 sive
2906 1790 3050 1873 quia

803 1888 1088 1954 Christus
1136 1889 1441 1954 Dominus
1489 1889 1550 1952 in
1599 1888 1853 1953 hortum
1902 1887 2237 1968 Olivarnm,
2286 1890 2348 1954 in
2398 1909 2521 1973 quo
2571 1888 2773 1953 omnis
2800 1888 3046 1973 generis

799 1986 1033 2052 herbae
1096 1991 1281 2070 atque
1330 1988 1582 2080 arbores
1643 1987 1950 2068 virebant,
2019 1988 2238 2066 exivit3
2305 1988 2433 2052 sive
2490 1987 2635 2072 quia
2697 1987 3040 2073 generatim

800 2104 989 2150 verno
1038 2085 1155 2150 hoc
1204 2089 1485 2169 tempore
1532 2086 1743 2151 omnia
1788 2106 1947 2151 nova
1993 2086 2215 2151 fronde
2269 2086 2471 2150 virere
2517 2086 2852 2169 incipiunt3
2919 2086 3045 2150 sive

801 2183 947 2266 quia
1004 2182 1223 2247 fideles
1288 2182 1408 2248 hac
1469 2182 1624 2248 feria
1685 2184 1957 2268 primum
2021 2183 2199 2247 olera
2252 2184 2494 2247 viridia
2553 2184 3042 2260 manducabant3

801 2280 930 2345 sive
977 2281 1244 2365 denique
1305 2281 1451 2364 quia
1496 2280 1777 2347 Salvator
1840 2281 1962 2350 hoc
2022 2282 2123 2347 die
2185 2282 2245 2347 in
2294 2282 2474 2347 horto
2523 2281 2840 2348 Ecclesiae
2898 2301 3045 2347 suae

803 2398 912 2462 per
958 2378 1367 2444 eucharistiae
1430 2380 1878 2444 institutionem
1940 2380 2175 2465 lignum
2241 2380 2400 2445 vitae
2462 2379 2761 2463 plantavit
2805 2403 3047 2467 semper

798 2476 1090 2540 viridans
1155 2501 1229 2540 ac
1278 2500 1398 2564 per
1441 2499 1678 2541 menses
1742 2478 2022 2563 singulos
2083 2478 2354 2542 reddens
2395 2476 2690 2563 finctum
2749 2501 2928 2542 suum
2987 2487 3046 2540 et

783 2573 965 2661 folia
1011 2575 1100 2638 ad
1146 2576 1482 2638 sanitatem
1524 2577 1818 2660 yentium.
1913 2575 2037 2642 Alii
2085 2576 2420 2661 etymologi
2470 2596 2684 2641 vocem
2731 2578 2793 2641 in
2843 2577 3043 2660 suspi-

802 2673 1042 2739 cionem
1098 2674 1419 2740 latinitatis
1481 2675 1825 2749 adducunt,
1895 2675 2288 2759 prioremque
2335 2674 2470 2759 ejus
2518 2679 2760 2760 partem
2804 2686 2964 2761 yram
3008 2695 3045 2740 a

801 2795 1034 2837 carena
1083 2776 1436 2858 corruptam
1487 2793 1623 2838 esse
1673 2773 2027 2856 conjiciunt,
2079 2775 2163 2839 ita
2209 2778 2420 2839 tamen
2466 2779 2535 2839 ut
2581 2774 2754 2860 origo
2800 2793 3041 2838 reman-

799 2873 966 2940 serit.
1078 2872 1300 2956 Neque
1362 2873 1588 2936 desunt
1647 2861 2013 2956 scriptores.
2081 2872 2187 2957 qui
2249 2872 2629 2958 singularem
2690 2872 3038 2956 opinionem

799 2971 1162 3035 inducentes
1225 2970 1388 3034 diem
1459 2969 1626 3035 hunc
1689 2971 1765 3035 ab
1816 2971 2133 3055 antiquato
2179 2971 2442 3036 Introitu
2504 2970 2739 3036 Missae
2785 2972 2861 3034 In
2909 2970 3039 3034 loco

787 3091 1072 3154 pascuae
1119 3069 1353 3132 dictum
1402 3072 1641 3151 putant.
1728 3068 1852 3134 Sed
1899 3070 2020 3134 ista
2065 3070 2512 3135 recentioribus
2557 3069 2788 3134 nostris
2833 3089 3038 3153 gram·-

800 3167 1041 3230 maticis
1088 3166 1449 3231 assensione
1497 3167 1783 3232 videntur
1830 3168 2116 3252 indigna;
2165 3188 2379 3233 eorum
2427 3169 2733 3234 sententia
2765 3167 3041 3233 enimvi-

794 3262 1036 3326 ridium
1082 3263 1332 3328 nomine
1395 3265 1783 3348 poenitentes
1844 3266 2131 3341 veniunt,
2202 3266 2336 3351 ipso
2400 3267 2521 3331 hoc
2581 3267 2682 3332 die
2742 3264 3038 3332 ecclesiae

797 3360 1174 3425 reconciliati
1199 3361 1250 3445 2)
1313 3367 1497 3446 atque
1544 3364 1688 3429 inde
1734 3365 1974 3429 virides
2035 3385 2144 3430 seu
2193 3366 2470 3430 insontes
2532 3386 2606 3430 ac
2654 3366 2792 3448 puri
2837 3363 3039 3429 decla—

797 3460 932 3525 rati.
1027 3459 1188 3525 Hinc
1236 3466 1299 3525 et
1345 3462 1648 3527 rationem
1697 3464 2127 3547 appellationis
2174 3463 2581 3548 Antlasztaq,
2644 3463 2780 3526 dies
2824 3462 3038 3526 remis-

797 3559 995 3622 aionis
1052 3569 1110 3622 ec
1157 3559 1626 3645 indulqentiae‚
1691 3562 2006 3627 evidenter
2051 3561 2426 3627 declaratam
2477 3563 2727 3627 tradunt
2751 3562 2823 3646 ³).
2917 3560 3036 3625 Sed

797 3656 899 3738 qui
951 3657 1029 3721 de
1078 3656 1176 3721 his
1225 3658 1513 3723 omnibus
1578 3658 1755 3742 plura
1802 3661 1960 3725 scire
2009 3661 2205 3743 cupit,
2270 3662 2439 3743 ipsos
2486 3665 2800 3738 auctoreS‚
2865 3678 3036 3743 prae-

799 3754 976 3837 cipue
1026 3757 1403 3821 recentiores
1449 3756 1942 3842 lexicogmphos,
1992 3760 2191 3823 adeat.
2535 3760 2540 3765 ’

906 4081 911 4087 .
981 4038 1017 4103 “)
1058 4034 1420 4109 IsidoruS,
1461 4042 1695 4112 Etymol.
1732 4045 1768 4097 l.
1808 4044 1894 4109 20,
1934 4061 1977 4097 c.
2017 4046 2067 4098 2.
2105 4045 2544 4100 nomenclaturam
2592 4061 2624 4099 a
2660 4041 2873 4107 κοινός,
2927 4055 3034 4096 com

792 4120 1004 4185 munis,
1057 4119 1267 4175 deducit
1287 4162 1300 4189 ,
1356 4128 1414 4176 ut
1450 4139 1513 4177 ex
1553 4124 1665 4193 ipsa
1701 4125 1843 4178 vocis
1879 4126 2158 4179 notatione
2195 4142 2355 4180 coena
2391 4126 2648 4195 significet
2697 4124 3038 4193 epulationem

795 4200 1068 4254 multorum
1095 4201 1247 4255 simul
1275 4204 1610 4257 vescentium.
1668 4205 1882 4274 (migne,
1923 4204 2064 4258 Patr.
2105 4206 2138 4258 Ι.
2177 4209 2216 4259 t.
2242 4207 2328 4273 82,
2368 4223 2416 4276 p.
2457 4208 2601 4271 708).
2653 4205 2824 4259 Aliter
2859 4217 3037 4257 nomen
3111 4235 3116 4240 ·
3183 4238 3194 4247 -

794 4282 1054 4351 explicant
1088 4285 1403 4338 recentiores
1442 4284 1575 4352 apud
1614 4284 1808 4351 Fick,
1864 4284 2230 4351 Warterbach,
2269 4293 2307 4340 t.
2349 4290 2396 4354 1,
2434 4303 2482 4356 p.
2521 4287 2644 4352 237,
2683 4286 2806 4340 edit.
2845 4286 2896 4339 3.

978 4367 1019 4427 ¹)
1059 4362 1189 4416 Vide
1227 4379 1358 4432 quae
1397 4380 1459 4417 ea
1497 4364 1559 4418 de
1598 4380 1653 4418 re
1692 4381 1721 4419 e
1752 4367 2056 4434 jure-sacro
2095 4368 2416 4421 enotavimus
2454 4383 2612 4437 supra
2647 4382 2698 4436 p.
2736 4369 2825 4422 94.

973 4439 1017 4509 ⁸)
1058 4442 1165 4497 Gfr.
1203 4442 1269 4503 W
1285 4459 1313 4497 e
1330 4444 1485 4516 igan
1501 4444 1558 4510 d,
1598 4445 1859 4500 Deutsch.
1915 4446 2172 4502 Wb'rlerb.
2211 4464 2261 4501 v.
2304 4441 2811 4519 Grundonnerstaq.
