3514 5391
776 506 880 561 154
1423 505 1584 561 Festa
1619 507 1827 561 mobilia
1863 506 1919 560 in
1953 505 2376 576 Quadragesima.

771 706 919 791 quia
963 686 1323 770 Maltzew.
1370 705 1604 769 slaviae
1651 710 1712 770 et
1754 706 2107 791 qermanice
2146 705 2280 789 jam
2326 705 2596 771 reddidit
2652 702 3015 789 (Kanonik‚

773 825 876 889 pp.
932 805 1330 887 194—195),
1399 824 1510 869 nos
1569 804 1632 868 in
1693 805 1830 888 ipso
1894 803 2230 888 exemplari
2290 824 2517 889 graeco
2583 824 2722 868 cum
2786 802 3015 886 duplici

771 904 1300 987 interpretatione,
1350 901 1560 966 latina
1606 907 1669 967 et
1713 925 1998 981 rumena,
2064 903 2139 967 iis
2186 902 2522 968 lectoribus
2569 902 2845 966 invidere
2906 922 3018 966 no·

774 1000 1011 1075 lumuS,
1079 1002 1185 1084 qui
1248 1001 1305 1065 in
1367 1001 1672 1086 liturgicis
1731 1002 2047 1066 versiones
2112 1021 2254 1066 cum
2316 999 2595 1086 originali
2659 1018 3018 1085 comparare

773 1098 1049 1182 cupiunt.

1405 1238 1873 1304 Κοντάκιον
1931 1235 2391 1324 ἶὸιόμελον.

870 1364 1042 1451 Ψυχή
1064 1389 1207 1448 μου,
1233 1363 1558 1453 ψυχήμου,
1576 1362 1843 1445 ἀνάστα,
2059 1367 2291 1431 Anima
2350 1387 2519 1443 mea,
2593 1368 2798 1431 anima
2860 1386 3015 1443 mea,

770 1458 833 1526 τί
860 1462 1235 1543 καθεύδειςς
1293 1462 1381 1527 Τὰ
1412 1463 1596 1540 τέλος
1614 1458 1842 1547 ἐγγίζει
1954 1484 2247 1550 exsurge3
2297 1465 2444 1548 quid
2493 1464 2773 1529 dormis?
2844 1464 3018 1529 Finis

771 1559 877 1625 καὶ
899 1559 1150 1655 μέλλεις
1177 1565 1636 1648 θορυβεῖσθαι·
1686 1559 1841 1626 ἀνά·
1952 1563 2252 1639 imminet,
2303 1569 2489 1647 atque
2533 1564 2645 1628 tibi
2678 1567 2774 1628 est
2811 1563 3019 1628 futura

774 1670 981 1747 νηψον
1028 1653 1157 1742 οὖν,
1222 1660 1331 1725 ἵνα
1376 1655 1676 1748 φείσηταί
1723 1682 1841 1725 σου
1950 1662 2239 1727 turbatio,
2335 1662 2435 1727 Ad
2497 1661 2818 1728 meliorem
2869 1682 3015 1748 ergo

773 1758 1058 1844 Χριστὸς
1104 1757 1139 1821 ὃ
1191 1757 1364 1840 θεός,
1403 1748 1458 1822 ’ὁ
1505 1764 1841 1841 πανταχοῦ
1948 1762 2194 1846 frugem
2219 1761 2567 1836 revertaris
2601 1765 2671 1826 ut
2698 1762 2812 1827 tibi
2837 1762 3017 1827 Chri-

773 1857 997 1943 παριύν
1043 1856 1150 1923 καὶ
1196 1857 1278 1922 τὰ
1307 1857 1526 1923 πάντα
1557 1857 1834 1944 πληρῶν.
1948 1864 2080 1925 stus
2128 1860 2299 1925 Deus
2345 1859 2668 1943 ignoverit,
2728 1861 2837 1943 qui
2879 1861 3015 1926 ubi-

1946 1978 2067 2043 que
2115 1978 2411 2042 praesens
2457 1959 2665 2023 omnia
2708 1958 2925 2043 replet.

951 2096 1213 2160 Rumon.
1263 2094 1495 2160 Suflete
1524 2093 1622 2158 alu
1655 2095 1840 2170 mieu‚
1890 2093 2109 2159 suflete
2138 2094 2236 2158 alu
2263 2093 2449 2171 mieu‚
2500 2093 2687 2173 scola,
2738 2094 3017 2179 preintru

771 2212 842 2256 ce
862 2192 1110 2258 dormi?
1159 2192 1458 2278 Capetulu
1485 2213 1552 2257 se
1578 2192 1850 2276 apropia,
1901 2193 1955 2257 si
1982 2192 2079 2258 vei
2111 2211 2178 2257 se
2212 2197 2272 2257 te
2298 2192 2572 2257 turburi:
2624 2194 3016 2277 descepta-te

771 2290 947 2368 dara,
1010 2293 1084 2356 cei
1128 2312 1196 2357 se
1242 2312 1310 2358 se
1356 2291 1575 2357 indure
1625 2311 1769 2376 spre
1815 2295 1959 2355 tene
2008 2289 2332 2364 Christosu
2383 2290 2810 2369 Domnedieu,
2880 2293 3014 2357 celu

772 2408 842 2453 ce
889 2391 1376 2473 pretotendenea
1422 2395 1571 2469 este,
1623 2390 1676 2455 si
1721 2394 1849 2455 tote
1893 2390 1953 2456 le
2000 2388 2212 2474 imple.

954 2566 1392 2651 Σάββατον
1436 2572 1579 2633 τοῦ
1627 2562 2103 2633 ἅκαῧίστου
2150 2565 2421 2650 ὕμνου.

957 2717 1064 2797 Τῷ
1109 2712 1423 2798 σαββάτῳ
1467 2717 1578 2800 τῆς
1622 2712 1695 2778 ε’.
1728 2707 2092 2796 ἑβδομάδος
2116 2717 2247 2776 τῶν
2278 2716 2603 2800 νηστειῶν.
2684 2710 3018 2797 Ψάλλομεν

769 2809 881 2874 τὸν
926 2806 1019 2888 εἷς
1062 2811 1176 2898 τὴν
1221 2806 1573 2898 ὑπεραγίαν
1625 2809 1949 2876 Θεοτόκον
1995 2809 2360 2875 ἆκάθιστον
2406 2808 2620 2894 ὕμνον.

909 3005 916 3008 ,
992 2938 1190 3004 Slav.
1255 2938 1317 3002 V
1368 2937 1632 3003 subbotu
1690 2942 1755 3004 5.
1815 2938 2030 3003 nedeli
2082 2948 2294 3024 posta.
2401 2938 2611 3024 Poy'em
2672 2937 3014 3027 molebnoje

757 3037 1241 3125 posledovamye
1271 3036 1634 3116 Akathista,
1683 3039 1811 3103 sive
1838 3042 2051 3127 pojcm
2076 3036 2497 3125 ‘nasedal‘nuju
2519 3043 2681 3122 pbsn
2699 3040 3008 3126 presvjat.

769 3134 1202 3222 Boqorodicy;
1248 3156 1542 3203 rumen.
1593 3134 1903 3204 Sambata
1947 3138 2010 3202 5.
2062 3145 2430 3222 septemana
2466 3158 2509 3198 a
2522 3134 3012 3220 paresemilom.

776 3232 1088 3300 Cantamu
1134 3233 1481 3298 acatistulu
1515 3256 1685 3320 prea
1729 3257 1778 3298 ε.
1833 3234 2217 3298 Nascatoric
2264 3231 2340 3296 de
2389 3231 2802 3297 Domnedieu,

947 3358 1311 3424 Aeathistus
1359 3359 1631 3444 hymnus
1692 3362 1771 3426 ob
1820 3351 2042 3425 urbem
2090 3358 2489 3424 CPolitanam
2550 3364 2643 3425 ter
2704 3365 3013 3425 servatam

771 3459 1174 3523 Beatissimae
1225 3458 1464 3543 Virgini
1512 3459 1829 3524 servatrici
1880 3458 2154 3535 canitur,
2219 3456 2535 3542 habetque
2597 3459 2761 3543 apud
2810 3459 3013 3523 orien-

770 3556 924 3621 tales
969 3557 1130 3641 grati
1180 3557 1366 3621 animi
1417 3550 1745 3642 plurimam
1806 3556 2342 3642 significationem.
2440 3555 2592 3638 Ejus
2640 3556 3015 3622 celebritatis

771 3659 959 3720 totam
1011 3659 1256 3720 noctem
1319 3656 1381 3720 in
1429 3656 1621 3726 sacris,
1669 3655 1894 3741 vigiliis
1942 3659 2189 3721 orantes
2253 3654 2399 3720 olim
2446 3655 2733 3740 agebant,
2801 3654 3013 3739 singil-

766 3754 944 3819 latim
991 3755 1318 3820 recolendo
1366 3755 1641 3840 ingentia
1688 3754 1997 3819 beneficia
2040 3753 2212 3818 urbis
2261 3753 2467 3839 regiae
2528 3752 2605 3817 ab
2664 3753 3014 3818 incursione

767 3853 1176 3917 barbarorum
1225 3853 1480 3918 coelitus
1527 3853 1823 3918 defensae
1870 3853 1985 3917 sub
2035 3851 2343 3929 Heraclio,
2393 3852 2509 3917 sub
2542 3851 2750 3916 Leone
2774 3850 3009 3928 Isauro,

768 3951 883 4016 sub
934 3949 1336 4016 Constantino
1383 3951 1723 4037 Pogonato.
1819 3951 2079 4016 Festum
2139 3953 2250 4036 τῆς
2296 3943 2661 4013 ἀκαθίστου
2727 3952 2804 4015 ad
2862 3970 3012 4034 qua-

767 4055 907 4114 tuor
954 4049 1377 4115 solemnitates
1435 4051 1499 4114 in
1557 4049 1782 4133 palatio
1841 4048 2235 4132 imperatoris
2297 4047 2534 4135 vigilari
2597 4048 2811 4114 solitas
2870 4069 3011 4134 per-

768 4149 1046 4226 tinuisse,
1097 4148 1380 4229 diximus·
1414 4153 1582 4213 tomo
1640 4149 1696 4223 1,
1748 4168 1809 4231 p.
1858 4146 1965 4211 56.

940 4253 1338 4330 ,Ἀκάθιστος
1385 4256 1737 4320 nominatur
1786 4255 1971 4340 quasi
2016 4277 2238 4318 carens
2284 4256 2579 4332 sessione,
2628 4254 2705 4319 ab
2739 4277 2799 4332 α,
2849 4254 3011 4338 quod

767 4356 982 4420 dicunt
1042 4351 1446 4440 στερητικὸν,
1514 4352 1577 4418 h.
1629 4373 1718 4430 e.,
1777 4353 2205 4440 privativum,
2275 4358 2337 4418 et
2381 4350 2500 4431 ἵζω
2565 4372 2676 4417 seu
2736 4346 3008 4431 καθίζω,

769 4455 981 4519 sedere
1014 4453 1227 4540 facie,
1277 4452 1638 4522 neutraliter
1683 4452 1872 4530 idem,
1935 4452 2101 4537 quod
2147 4445 2529 4534 καθίζομαι,
2576 4447 2783 4530 sedeo,
2848 4449 3012 4534 quod
