3514 5391
814 488 1055 560 Κυριακὴ
1093 490 1195 542 τοῦ
1232 487 1460 559 Πάσχα.
1516 486 1784 545 Dominica
1820 486 2246 547 ResurrectioniS.
2546 486 2652 546 307

409 685 665 769 paravit.
759 686 832 752 In
880 687 998 753 hac
1047 707 1195 774 ergo
1242 689 1343 754 die
1392 690 1739 754 exultemus
1788 694 1850 753 et
1895 688 2216 767 laetemur,
2284 709 2357 753 ac
2405 687 2653 753 Christo

409 783 813 877 Redemptori
882 790 1092 852 nostro
1156 786 1577 872 gratulemur,
1653 786 1887 852 laetum
1952 785 2241 876 Alleluja
2313 790 2654 852 cantantes.

409 881 775 968 Quicunque
822 884 923 949 ille
971 889 1032 950 et
1080 886 1506 970 cujuscunque
1552 885 1788 951 mensis
1836 885 1968 949 dies
2016 886 2216 969 primo
2268 885 2473 963 fuerit,
2522 885 2656 950 dies

293 990 300 1000 '
411 986 504 1046 est
550 981 822 1047 laetitiae
870 987 932 1048 et
976 982 1276 1067 triumphi
1324 984 1496 1068 (Act.
1548 982 1656 1049 SS.
1707 983 1920 1048 Martii
1968 987 2010 1048 t.
2058 983 2122 1062 3,
2172 1004 2231 1068 p.
2282 983 2461 1068 684).

586 1161 855 1227 Pascha.
956 1162 1200 1229 Ostern.
1309 1159 1664 1228 Velikduoc.
1773 1159 2095 1226 Velikden.
2202 1161 2653 1251 Voskresche.

421 1258 797 1365 Vstajenja
860 1261 1100 1325 Pascha
1147 1283 1482 1325 carnosum
1525 1261 1657 1328 sive
1705 1260 1968 1325 Huc-062.
2244 1303 2250 1310 -

589 1382 852 1464 Πάσχα,
898 1386 1191 1452 hebraice
1240 1387 1491 1465 Pesach,
1543 1387 1872 1468 transitus,
1921 1382 2243 1467 διάβασις.
2340 1384 2516 1450 Ratio
2547 1406 2657 1450 no-

405 1482 596 1547 minis
644 1485 892 1568 proprie
938 1489 1051 1560 est,
1102 1486 1269 1569 quod
1319 1482 1599 1570 amyclas,
1648 1504 1841 1568 quum
1889 1484 2236 1569 Aegyptios
2284 1487 2654 1567 percuteret,

403 1582 629 1647 domos
675 1581 1119 1660 Israelitarum‚
1181 1583 1323 1669 agni
1373 1583 1672 1668 sanguine
1720 1581 1923 1660 illitas,
1992 1583 2322 1646 transierit
2347 1581 2415 1664 ¹).
2510 1581 2655 1646 Non

406 1680 703 1745 audiendi
768 1680 957 1766 igitur
1010 1687 1187 1760 sunt,
1257 1681 1361 1767 qui
1422 1679 1662 1761 Πάσχα
1722 1681 1844 1746 dici
1906 1685 2278 1764 putaverunt
2343 1676 2477 1743 ἀπὸ
2536 1684 2653 1744 τοῦ

404 1775 711 1862 πάσχειν,
761 1803 804 1843 α
844 1780 1176 1866 patiendO,
1226 1783 1389 1865 quod
1439 1780 1722 1846 Paschae
1772 1785 2052 1864 tempore
2101 1778 2386 1849 Christus
2434 1798 2655 1862 passus

406 1877 484 1941 sit
506 1877 601 1962 ²);
672 1897 875 1962 neque
943 1880 1127 1945 etiam
1199 1880 1555 1964 probandae
1622 1885 1768 1945 sunt
1831 1879 2134 1956 rationes,
2204 1897 2357 1962 quas
2414 1876 2659 1942 Nice-

406 1976 718 2059 phorus
768 1975 1161 2044 Callistus
1207 1980 1271 2044 in
1318 1978 1644 2063 synaxario
1693 1976 1891 2052 affert,
1944 1998 2054 2043 cur
2100 1973 2339 2056 Πάσχα
2385 1977 2464 2040 sit
2513 1972 2660 2039 διά-

405 2076 641 2153 βασιςς
691 2094 725 2138 c
774 2074 999 2158 quibus
1045 2077 1249 2161 prima
1296 2082 1423 2142 est:

512 2195 716 2286 Λῧτη
775 2197 891 2284 γάρ
950 2194 1127 2265 ἐστιν
1181 2198 1218 2287 ἡ
1263 2198 1482 2288 ἡμέρα,
1704 2202 1830 2266 Hic
1877 2202 2041 2266 enim
2067 2198 2178 2266 ille
2212 2201 2349 2265 dies
2382 2210 2492 2279 est,
2541 2223 2661 2286 quo

406 2293 573 2359 καθ’
620 2291 696 2384 ἣν
744 2293 780 2361 ὁ
834 2296 997 2375 Θεὸς
1043 2297 1327 2387 ἀρχῆθεν
1372 2297 1485 2363 τὸν

406 2391 659 2478 κόσμον
706 2392 777 2460 ἐκ
807 2402 924 2460 τοῦ
967 2395 1054 2485 μὴ
1100 2396 1284 2474 ὄντος
1311 2418 1482 2482 παρ-

405 2490 658 2578 ἢγαγεν.

593 2636 847 2705 Altera:

521 2760 699 2826 Κατ’
746 2761 940 2851 αὐτὴν
969 2762 1083 2853 τὴν
1117 2761 1350 2852 ἡμέραν
1379 2762 1487 2829 καὶ

403 2858 518 2924 τὸν
541 2856 943 2950 Ἰσραηλῖτην
973 2860 1152 2943 λαόν,
1181 2867 1292 2950 τῆς
1316 2861 1489 2949 Ἔρυ-

405 2961 584 3046 θρᾶς
631 2958 1052 3047 διαβιβάσας,
1099 2959 1169 3025 ἐκ
1214 2966 1343 3026 τῶν
1372 2966 1490 3025 τοῦ

415 3055 668 3141 Φαραώ
717 3055 1086 3145 ἀφαρπάζει
1132 3064 1377 3147 χειρῶν.

593 3210 810 3276 Tertia
854 3200 1153 3296 denique:

518 3332 624 3397 Ἐν
660 3333 862 3423 ταύτῃ
889 3333 1092 3399 πάλιν
1122 3333 1193 3418 ἐξ
1222 3333 1493 3422 οὐρανοῦ

409 3429 713 3515 καταβὰς
770 3437 849 3520 τῇ
891 3430 1099 3521 μήτρᾳ
1152 3437 1264 3521 τῆς
1309 3436 1491 3520 Παρ-

413 3528 620 3595 θένου
667 3528 963 3620 ἕνῴκησε.

1591 2301 1768 2365 Deus
1837 2302 1907 2365 in
1971 2299 2297 2386 principio
2366 2298 2664 2362 mundum

1594 2421 1673 2462 ex
1716 2398 1916 2464 nihilo
1954 2399 2294 2486 produxit.

1703 2766 1945 2830 Eodem
1990 2766 2094 2829 die
2112 2766 2427 2852 populum
2454 2767 2662 2831 Iso-ae·-

1598 2863 1839 2930 liticum
1873 2887 1999 2952 per
2044 2888 2218 2929 mare
2262 2865 2518 2929 rubrum
2565 2865 2665 2928 de-

1597 2962 1785 3027 dnm}
1829 2972 1890 3027 et
1936 2986 2015 3027 σω
2064 2963 2419 3027 Pharaonis
2465 2965 2665 3027 mani-

1598 3060 1711 3127 bus
1759 3062 2011 3149 cripuit.

1709 3337 1851 3402 Hoc
1897 3338 2109 3402 eodem
2154 3338 2258 3402 die
2305 3360 2336 3400 e
2365 3337 2534 3402 coelo
2564 3336 2666 3401 de·

1600 3435 1873 3519 scandit,
1937 3446 1996 3501 et
2039 3438 2109 3502 in
2154 3446 2329 3501 utero
2388 3437 2669 3528 Virginis

1600 3533 1929 3629 habitavit.

605 3719 648 3787 ¹)
687 3716 824 3770 ’Λπὸ
862 3721 953 3784 τῆς
988 3717 1290 3784 διαβάσεως
1347 3721 1518 3790 angeli
1571 3720 1829 3774 translata
1879 3735 1980 3773 vox
2030 3726 2113 3774 est
2162 3720 2227 3775 ad
2278 3722 2664 3791 significandum

417 3814 635 3867 agnum,
688 3799 775 3869 qui
811 3800 863 3853 in
899 3801 1197 3854 memoriam
1235 3801 1385 3871 hujus
1421 3801 1675 3855 transitus
1727 3817 1819 3854 seu
1856 3800 2174 3854 liberationis
2212 3802 2669 3872 primogenitorum

417 3879 787 3934 immolabatur
825 3880 1009 3945 (Exod.
1049 3882 1135 3949 12,
1172 3882 1269 3947 213
1309 3880 1372 3935 ΙΙ.
1411 3880 1636 3950 Paralip.
1675 3882 1763 3948 35,
1804 3882 1901 3947 113
1940 3879 2063 3935 Luc.
2103 3882 2188 3949 22,
2228 3884 2303 3949 7),
2360 3887 2515 3952 atque
2553 3884 2669 3937 inde

420 3958 515 4028 ipsi
568 3960 684 4014 dies
723 3961 875 4029 festi,
926 3961 1109 4031 quibus
1158 3962 1410 4015 sacrificia
1457 3961 1720 4031 paschalia
1768 3961 2190 4029 celebrabantur,
2247 3961 2449 4017 Pascha
2498 3965 2669 4018 vocati

419 4039 672 4109 leguntur
706 4039 832 4095 Luc.
872 4041 960 4108 22,
1001 4043 1050 4096 1.

605 4120 652 4189 ³)
693 4120 745 4175 S.
786 4120 1067 4191 Gregor.
1105 4122 1154 4176 N
1167 4140 1198 4176 a
1215 4123 1361 4177 zian
1378 4139 1422 4178 z.
1462 4125 1604 4177 orat.
1644 4122 1738 4176 42.
1781 4123 1945 4178 citata
1984 4139 2141 4192 supra
2164 4140 2215 4193 p.
2236 4124 2358 4192 272,
2397 4128 2668 4194 postquam

420 4217 482 4255 ex
521 4201 835 4257 Hebraismo
872 4219 1050 4257 vocem
1087 4204 1393 4273 explicavit,
1442 4203 1689 4274 quosdam
1726 4202 1871 4256 addit
1909 4202 2214 4271 credidisse,
2265 4205 2365 4255 τοῦ
2403 4206 2672 4274 σωτηρίου

419 4280 648 4341 πάθους
686 4282 872 4351 ὄνομα
909 4285 1071 4334 τοῦτο
1109 4282 1264 4347 εἶναι,
1314 4284 1648 4354 salutiferae
1673 4282 1961 4353 passionis
1996 4298 2187 4336 nomen
2224 4283 2322 4337 hoc
2358 4300 2496 4339 esse.
2569 4284 2672 4338 Eos

421 4367 478 4416 et
514 4380 558 4416 a.
599 4362 1058 4432 Hieronymus
1094 4365 1424 4434 reprehendit
1459 4366 1510 4418 in
1549 4382 1592 4419 c.
1630 4364 1722 4417 26.
1763 4364 1948 4418 Matth.
1987 4362 2119 4433 apud
2158 4364 2359 4431 Migne,
2406 4363 2601 4418 Patrol.
2638 4365 2672 4420 l.

423 4447 462 4497 t.
502 4444 593 4507 26,
633 4458 686 4513 p.
728 4443 851 4497 190.

2359 4532 2462 4587 20*
