3514 5391
846 498 1096 567 Κυριιαὴ
1134 502 1224 563 τῆς
1258 496 1521 568 ἅπόκρεω.
1594 498 1864 553 Dominica
1901 499 2282 569 Sexagesimae.
2621 500 2693 556 39

440 696 683 761 uitatem
736 701 802 761 et
848 696 1292 780 praecedentia
1322 696 1485 762 festa
1528 696 1589 761 in
1622 702 2018 762 antecessum
2048 700 2383 782 perpende.
2457 700 2687 780 Quem-

438 795 767 859 admodum
818 795 1027 861 omnis
1074 796 1151 860 ad
1198 795 1359 861 bene
1405 795 1711 880 beateque
1745 796 2072 861 vivendum
2108 796 2410 862 institutio
2444 799 2688 865 duobus

439 895 626 959 ferme
675 894 991 979 capitibus
1040 893 1394 972 absolvitur,
1442 895 1793 978 praeceptis
1841 914 2066 979 nempe
2114 899 2176 960 et
2218 895 2549 980 exemplis:
2603 898 2688 962 ita

439 998 495 1057 et
537 1011 620 1057 ss.
670 982 898 1057 Patres
963 1012 1074 1057 nos
1121 998 1386 1077 utroque
1434 993 1618 1057 modo
1674 995 1753 1057 ad
1801 1012 2040 1058 sacram
2092 990 2361 1080 ἄσκησιν
2409 994 2687 1079 perfecte

438 1091 770 1156 informare
818 1091 1226 1169 contendunt,
1275 1091 1555 1157 doctrina
1602 1090 1839 1157 scilicet
1885 1097 1949 1157 et
1993 1092 2185 1175 praxi.
2251 1090 2411 1157 Illud
2453 1092 2684 1158 hucus-

438 1210 552 1274 que
598 1189 1068 1274 praestiterunt‚
1137 1187 1413 1255 exhibita
1473 1189 1653 1254 nobis
1720 1209 1794 1255 ex
1843 1189 2065 1255 divinis
2113 1190 2309 1274 literis
2358 1191 2688 1275 perspicua

438 1294 495 1353 et
538 1288 848 1354 infallibili
897 1308 1135 1365 norma,
1187 1287 1260 1353 ad
1312 1308 1495 1372 quam
1547 1289 1794 1375 exigere
1843 1289 2030 1354 vitam
2078 1289 2416 1355 debemus:
2478 1289 2685 1354 addito

438 1389 651 1465 etiam,
720 1389 886 1472 quod
951 1387 1119 1453 velut
1181 1387 1244 1452 in
1305 1388 1796 1472 experimentum
1867 1388 2178 1471 quoddam
2245 1384 2687 1473 προνήστιμον

437 1486 784 1551 institutum
832 1490 962 1563 est,
1031 1486 1243 1552 leviori
1303 1486 1489 1570 hujus
1551 1486 1964 1552 hebdomadis
2017 1486 2273 1571 JejuniO.
2374 1484 2682 1564 Alterum,

436 1585 593 1668 quod
645 1588 859 1661 restat,
909 1583 1097 1650 hodie
1142 1589 1368 1671 agunt;
1433 1586 1496 1650 id
1546 1586 1711 1650 enim
1761 1585 2074 1669 praesenti
2122 1584 2329 1650 officio
2380 1586 2681 1668 spectant,

436 1688 499 1747 ut
544 1683 812 1749 heroicis
860 1688 1215 1749 sanctorum
1264 1683 1589 1749 hominum
1640 1683 1940 1768 exemplis
2004 1688 2148 1748 ante
2196 1682 2408 1747 oculos
2467 1682 2683 1767 positis

436 1802 543 1847 nos
602 1783 665 1847 in
731 1782 893 1848 bene
962 1782 1197 1866 coeptis
1258 1784 1554 1847 roborent
1628 1785 1849 1866 atque,
1881 1783 1957 1847 ad
2021 1781 2338 1867 praeclara
2401 1798 2683 1866 quaeque

434 1879 810 1946 sublimioris
859 1877 1183 1966 ἀσκήσεως
1243 1901 1433 1966 opera
1493 1881 1853 1947 accendant.
1965 1880 2191 1946 Merito
2255 1880 2484 1965 quippe
2540 1899 2682 1965 per-

434 1999 681 2045 suasum
731 1978 987 2055 habent,
1036 1980 1172 2045 fieri
1219 1979 1471 2045 omnino
1520 2000 1641 2045 non
1691 1999 1897 2064 posse,
1965 1980 2116 2063 quin
2161 1978 2531 2059 Sanctorum
2588 1979 2680 2042 in-

433 2078 771 2155 nocentiae,
840 2078 1142 2150 caritatis,
1210 2077 1589 2143 fortitudinis
1609 2129 1624 2153 ‚
1692 2079 2106 2163 poenitentiae
2171 2082 2681 2161 caeterarumque

435 2177 721 2242 virtutum
773 2175 1072 2242 solemnis
1119 2175 1626 2242 commemoratio
1691 2176 1871 2241 nobis
1920 2197 2059 2242 cum
2110 2175 2573 2261 perseverantia
2617 2176 2680 2240 in

437 2274 606 2340 bonis
664 2274 956 2340 stimulos
1016 2275 1319 2359 quosdam
1381 2275 1716 2339 acerrimos
1778 2275 1998 2351 addat,
2071 2282 2139 2340 ut
2199 2276 2276 2340 ad
2340 2275 2677 2343 eorundem

434 2373 837 2439 imitationem
902 2373 1266 2439 inflammati
1330 2372 1665 2457 omnigena
1724 2374 1844 2437 ista
1906 2372 2202 2437 virtutum
2262 2373 2546 2457 exempla
2601 2371 2679 2436 ad

438 2492 610 2536 usum
659 2477 944 2537 nostrum
995 2472 1413 2548 traducamuS‚
1464 2471 1719 2536 meliora
1767 2491 1964 2555 usque
2012 2470 2387 2536 charismata
2433 2490 2682 2553 semper

433 2571 639 2636 secuti.
692 2609 777 2617 —
826 2569 1066 2651 Quibus
1114 2573 1367 2648 attente,
1433 2574 1504 2634 ut
1551 2590 1664 2655 par
1711 2574 1825 2646 est,
1877 2571 2300 2647 consideratis,
2355 2571 2488 2654 jam
2536 2588 2677 2652 per·
2744 2579 2753 2587 '

437 2667 569 2756 lege
616 2669 1039 2754 synnai-ium,
1088 2669 1151 2735 in
1199 2668 1353 2736 haec
1406 2666 1590 2735 verba
1638 2666 2092 2754 conscriptum:

612 2835 705 2917 Ίῖῆ
770 2827 932 2918 αὐτῇ
998 2826 1203 2918 ἡμέρα·
1286 2824 1512 2912 μνείαν
1586 2826 2006 2911 ἐπιτελοῦμεν
2076 2827 2340 2892 πάντων
2410 2830 2539 2890 τῶν
2611 2824 2680 2890 ἐν

434 2925 683 3015 ἀσκήσει
738 2925 1141 3015 λαμψάντων
1187 2920 1382 3009 ἁγίων
1428 2924 1675 3010 ἀνδρῶν
1719 2948 1792 2991 τε
1835 2924 1946 2990 καὶ
1991 2929 2319 3007 γυναικῶν.

606 3059 858 3147 Ἠρέμα
911 3060 1061 3148 γὰρ,
1130 3061 1240 3128 διὰ
1283 3065 1414 3127 τῶν
1457 3059 1999 3149 προηγησαμένων
2061 3060 2221 3148 ἡμᾶς
2281 3056 2549 3144 ἑορτῶν,
2613 3053 2672 3122 oi

436 3160 749 3249 θεοφόροι
798 3158 1073 3244 πατέρες
1118 3159 1742 3248 παιδαγωγῇσαντες,
1795 3157 1901 3224 καὶ
1934 3154 2229 3243 ἑτοίμους
2267 3155 2675 3244 παρασκευά-

432 3277 652 3334 σαντες
695 3250 793 3335 εἷς
837 3257 915 3324 τὸ
960 3258 1257 3339 στάδιον,
1321 3257 1429 3324 καὶ
1473 3263 1585 3347 τῆς
1628 3263 1869 3346 τρυφῆς
1928 3257 2037 3323 καὶ
2092 3262 2208 3323 τοῦ
2253 3255 2445 3341 κόρου
2500 3252 2674 3320 ἅπα-

432 3355 753 3440 γαγόντες,
805 3354 915 3421 καὶ
958 3361 1054 3442 τῷ
1096 3362 1209 3446 τῆς
1253 3355 1604 3446 μελλούσης
1638 3351 1907 3440 κρίσεως
1951 3355 2141 3443 φόβῳ
2189 3353 2349 3442 ἡμᾶς
2394 3376 2675 3436 στοιχει-

352 3517 360 3525 ,
430 3453 725 3538 ώσαντες,
776 3453 887 3519 διά
930 3479 1002 3520 τε
1045 3460 1156 3542 τῆς
1199 3453 1563 3544 τυροφάγου
1610 3451 1973 3537 ἑβδομάδος
2032 3452 2118 3531 ιῦς
2171 3452 2369 3541 χρεών
2428 3474 2674 3537 προκα-

434 3551 767 3638 θάραντες,
818 3550 1041 3634 δεξιῶς
1099 3550 1207 3618 καὶ
1250 3552 1366 3631 τὰς
1412 3553 1540 3619 δύω
1589 3550 1881 3642 νηστείας
1926 3551 1994 3618 ἐν
2037 3552 2213 3637 μέσῳ
2268 3551 2673 3641 βεβληκότες,

429 3650 532 3714 ἵνα
576 3650 722 3715 κατ’
769 3646 987 3734 ὀλίγον
1032 3650 1192 3739 ἡμᾶς
1236 3651 1402 3739 πρὸς
1449 3649 1643 3740 αὐτὴν
1689 3648 2113 3738 ἕρεθίσωσιν,
2178 3646 2321 3716 ἰδοῦ
2375 3650 2482 3716 καὶ
2527 3648 2677 3728 τούς

431 3743 620 3826 ὁσίως
664 3746 921 3825 πάντας
964 3749 1383 3834 βεβιωκότας,
1431 3749 1539 3815 καὶ
1587 3749 1812 3830 ἄλλως,
1863 3749 1972 3815 διὰ
2009 3749 2229 3814 πόνων
2257 3750 2518 3815 πολλῶν
2564 3747 2674 3814 καὶ

431 3843 747 3929 καμάτων,
797 3844 1029 3932 ἄνδρας
1071 3872 1142 3913 τε
1187 3847 1350 3931 ὁμοῦ
1394 3846 1503 3913 καὶ
1547 3853 1882 3932 γυναῖκας,
1943 3844 2036 3926 εἰς
2079 3846 2278 3934 μέσον
2319 3843 2674 3934 προτίθεν-

431 3966 556 4008 ται·
603 3942 692 4022 ώς
740 3940 820 4009 ἂν
865 3943 974 4010 διὰ
1019 3951 1130 4035 τῆς
1176 3944 1382 4012 αὐτῶν
1427 3942 1648 4031 μνείας
1694 3945 1800 4012 καὶ
1847 3952 1975 4012 τῶν
2019 3945 2509 4030 παλαισμάτων,
2571 3943 2672 4009 εὖ-

432 4041 818 4128 τονωτέρους
883 4039 1042 4129 ᾗμᾶς
1100 4043 1425 4133 ποιήσωσι
1492 4044 1656 4133 πρὸς
1714 4045 1791 4110 τὸ
1849 4044 2151 4129 στάδιον,
2218 4039 2482 4125 ἔχοντας
2527 4042 2676 4119 τοί-ς

437 4135 683 4206 ἐκείνων
726 4133 918 4223 βίους
962 4139 1380 4230 ὑπογραμμὸν
1423 4167 1569 4208 τινα
1616 4142 1721 4208 καὶ
1771 4141 2018 4231 ὁδηγόν,
2066 4141 2174 4207 καὶ
2219 4141 2332 4230 τὴν
2368 4139 2438 4222 ἐξ
2469 4139 2676 4205 αὐτῶν

438 4234 797 4323 συμμαχίαν
843 4237 951 4303 καὶ
998 4239 1241 4326 ἄρωγὶν
1286 4240 1755 4325 ἐπισπώμενοι,
1804 4241 1970 4328 πρὸς
2015 4240 2164 4317 τοῦς
2207 4237 2676 4323 πνευματικούς

441 4335 673 4419 ιῖγιῦνας
722 4336 1256 4423 ἀποδυσώμεθα·
1335 4337 1894 4423 ἀναλογιζόμενοι,
1971 4337 2070 4402 ὅτι
2144 4335 2252 4401 καὶ
2318 4335 2500 4400 αι’·τοὶ
2562 4341 2676 4423 τῆς

441 4433 610 4525 αι’τῆς
662 4437 817 4524 ἡμῖν
865 4434 1112 4523 φύσεως
1157 4436 1600 4526 ἐκοινώνησαν.
1677 4435 1798 4516 (Ὡς
1836 4457 1967 4521 ,περ
2012 4435 2129 4520 γάρ
2191 4428 2253 4498 οὶ
2310 4430 2671 4520 στρατηγοί,
