3514 5391
614 550 676 597 Κ.
704 543 763 598 ε’.
804 549 914 596 τῶν
942 549 1217 609 νηστειῶν.
1261 551 1485 616 ῘΠαρίας
1514 552 1601 611 τῆς
1625 551 1947 615 Αἰγυπτίας,
1972 577 2035 585 —-
2067 547 2214 600 Dom.
2246 546 2524 599 Passionis.
2601 546 2704 599 185

466 741 519 793 τό
546 740 975 810 α’κροτελεύτιον·
1017 747 1273 812 περιηχεΐ
1297 741 1357 795 δὲ
1384 741 1526 812 ἡμεῖς

466 821 803 890 εὖαγγελικός
838 820 1003 890 λόγος
1034 821 1100 874 τά
1125 827 1227 875 τοῦ
1256 828 1526 894 σωτηρίου

466 903 671 961 πάθους
716 906 1017 974 προοίμια,
1067 907 1155 955 καὶ
1194 909 1307 963 τοῖς
1341 908 1523 974 μαθη-

466 989 575 1043 ταῖς
620 983 650 1035 o‘
703 984 989 1050 Δεσπότης
1042 985 1403 1056 προαγορεύει
1459 986 1523 1038 τά

464 1067 736 1134 μέλλοντα,
802 1065 970 1119 εὈσοι
1020 1069 1161 1134 γοῦν
1208 1067 1349 1135 μετά
1388 1086 1525 1136 χρη-
1552 1115 1577 1132 .-

464 1150 600 1198 στιῦν
634 1147 812 1215 ἔργων
838 1146 935 1204 τάς
973 1150 1080 1198 τῶν
1105 1151 1368 1212 νηστειῶν
1394 1147 1525 1216 ἠμέ-

465 1246 554 1297 ρας
587 1227 857 1292 διήλθετε,
904 1228 964 1280 ἐν
998 1227 1400 1297 ἐξομολογήσει,
1437 1231 1527 1281 καὶ

466 1308 621 1380 εὖχῇ,
677 1310 766 1359 καὶ
817 1306 1032 1379 ἀγάπῃ,
1088 1311 1177 1358 καὶ
1225 1312 1527 1378 οἰκτιρμοῖς

466 1388 735 1456 πενήτων,
800 1387 984 1442 πάντα
1044 1388 1223 1459 ῥυπᾶν
1286 1390 1534 1458 ψυχικὸν

464 1468 904 1532 ἀποπλύναντες,
954 1471 1043 1520 καὶ
1081 1468 1142 1520 τό
1180 1471 1398 1539 βλέμμα
1434 1475 1534 1523 τοῦ

465 1551 586 1610 νοός
610 1549 1024 1620 ἐκκαθάραντες,
1051 1550 1407 1622 ἀγαλλιᾶσθε,
1446 1554 1534 1602 καὶ

464 1635 699 1701 χαίρετε·
746 1631 913 1700 ἐγγῦς
949 1629 1058 1700 γάρ
1097 1635 1205 1684 τῶν
1242 1629 1430 1684 πόνων
1468 1631 1532 1682 τά

464 1715 687 1765 ἔπαθλα·
728 1711 853 1764 ὅσοι
882 1712 941 1763 δὲ
967 1710 1232 1782 ῥᾳθύμως
1257 1710 1537 1778 διετέθητε

464 1799 550 1860 τῆς
598 1793 807 1846 ἑαυτῶν
858 1797 1124 1862 σωτηρίας
1160 1792 1533 1861 ὀλιγωρήσαν-

465 1894 562 1938 τες,
600 1874 703 1926 κᾶν
742 1872 841 1926 τόν
864 1874 1088 1944 βραχύν
1113 1876 1313 1926 τοῦτον
1343 1873 1537 1943 καιρόν

465 1954 803 2021 διανάστητε,
829 1954 1207 2008 α’ποσείσασθε
1235 1954 1334 2020 τὴν
1359 1954 1537 2024 ῥᾳθυ-

464 2041 617 2106 μίαν,
631 2040 1128 2105 παραγκωνίσασθε
1148 2035 1246 2102 τήν
1260 2034 1534 2105 ἀμέλειαν.

472 2116 773 2186 Φιλότιμος
792 2116 902 2188 γάρ
921 2117 1000 2169 ὥν
1019 2115 1049 2168 ὁ
1064 2114 1345 2181 Δεσπότης
1362 2114 1536 2184 ἡμῶν,

466 2199 713 2263 δαψιλεῖς
762 2201 993 2268 παρέχει
1044 2197 1141 2256 τάς
1177 2196 1400 2267 δωρεάς,
1450 2199 1539 2247 καὶ

468 2280 562 2332 τὸν
582 2279 689 2331 ἀπὸ
713 2278 929 2348 πρώτης
946 2281 1033 2330 καὶ
1056 2281 1252 2347 τρίτης,
1291 2280 1380 2328 καὶ
1393 2275 1541 2342 ἕκτης

467 2361 602 2430 ὥρας
626 2360 1013 2429 ἐργασάμενον
1039 2358 1235 2427 δώροις
1254 2358 1540 2428 ἀμείβεται

472 2444 555 2493 καὶ
593 2440 694 2493 τόν
732 2438 964 2505 ἐννάτην
1001 2439 1237 2492 ἐλθόντα
1274 2438 1374 2491 οὐκ
1411 2438 1540 2490 άπο-

472 2525 773 2592 στρέφεται·
809 2519 916 2572 κάν
955 2523 1078 2590 περὶ
1117 2519 1213 2585 τήν
1250 2517 1543 2583 ἑνδεκάτην

475 2604 639 2673 ἔλθῃς,
679 2601 855 2667 αὕτήν
895 2605 1041 2671 φημὶ
1068 2600 1166 2666 τὴν
1195 2598 1436 2668 ἐσχάτην
1455 2603 1544 2665 τῆς

478 2686 900 2755 τεσσαρακοστῆς
926 2681 1149 2753 ἡμέραν,
1188 2680 1287 2734 οὐκ
1311 2680 1543 2734 άποστε-
1569 2724 1575 2733 .

475 2770 641 2834 ρεῑται
704 2767 807 2815 τοῦ
862 2766 1081 2832 μισθοῦ
1140 2761 1203 2813 τό
1262 2760 1543 2831 δηνάριον,

474 2844 650 2914 μόνον
714 2847 763 2898 εἰ
820 2846 1152 2915 προθυμίαν
1205 2842 1545 2906 ἐπιδείξεται,

475 2930 560 2978 καὶ
614 2924 873 2991 σπουδήν
921 2922 1245 2994 ἀξιόχρεων.
1328 2921 1550 2987 ’stin-939

476 3007 578 3078 γάρ
614 3007 685 3066 ὠς
708 3004 997 3076 μόχθοισι
1025 3004 1212 3057 πόθον
1237 3003 1371 3061 Θεὸς
1396 3002 1548 3054 άντι-

476 3090 702 3159 φερίζει.
751 3085 915 3138 Ἀλλά
938 3088 1066 3155 φέρε
1090 3084 1256 3137 πάλιν
1277 3088 1367 3149 τῆς
1387 3082 1549 3150 εὐαγ-

476 3172 681 3237 γελικῆς
728 3165 1060 3235 α’κούσωμεν
1110 3164 1439 3233 σάλπιγγος,
1486 3162 1583 3215 τό·

476 3248 545 3301 πά
553 3254 687 3308 &ovs
698 3245 1214 3319 προαναφωνούσης
1225 3243 1497 3314 μυστήριο
1506 3263 1547 3295 ν.

1634 749 1888 801 tremum
1947 743 2157 815 vergit.
2277 742 2704 813 Praecinitque

1635 824 1802 881 nobis
1842 840 2035 881 sermo
2075 823 2458 894 evangelicus
2483 823 2706 895 passio·

1634 906 1725 962 nis
1762 903 1991 962 Christi
2020 904 2338 977 prooemia,
2379 920 2505 961 cum
2535 903 2707 960 disci·

1634 986 1790 1056 pulis
1827 978 2117 1043 Dominus
2169 984 2374 1042 futura
2417 1001 2707 1058 praenun-

1636 1067 1770 1124 tiat.
1842 1066 2143 1138 Quotquot
2169 1066 2355 1135 igitur
2385 1081 2514 1122 cum
2540 1063 2708 1120 bonis

1636 1146 1912 1219 operibus
1945 1146 2073 1203 dies
2093 1146 2312 1217 jeiunii
2339 1144 2711 1219 decurristiS‚

1637 1233 1698 1285 et
1748 1224 2118 1284 confessione
2172 1226 2407 1284 scilicet
2464 1230 2523 1282 et
2581 1241 2710 1281 ora·

1637 1307 1820 1378 tione,
1878 1314 1942 1365 et
1994 1307 2310 1373 charitate,
2370 1313 2431 1364 et
2483 1304 2710 1362 miseri-

1643 1389 1849 1446 cordia
1916 1389 1974 1445 in
2041 1404 2337 1461 pauperes
2393 1385 2712 1460 praestita,

1643 1485 1870 1526 omnem
1914 1469 2097 1526 animi
2135 1469 2331 1525 labem
2360 1467 2611 1537 eluistis,
2652 1475 2714 1523 et

1642 1550 1859 1608 mentis
1887 1550 2116 1607 oculum
2145 1548 2538 1621 expurgastis„
2571 1563 2713 1618 gau·

1645 1631 1782 1688 dete
1805 1636 1867 1687 et
1888 1631 2181 1690 exultate;
2209 1629 2476 1687 laborum
2500 1628 2713 1701 quippe

1641 1718 1887 1784 praesto
1926 1717 2065 1768 sunt
2100 1710 2396 1783 praemia:
2435 1714 2716 1781 quotquot

1642 1809 1789 1852 vero
1827 1809 1935 1864 per
1970 1791 2301 1849 socordiam
2327 1796 2590 1848 vestram
2617 1807 2714 1846 ne·

1643 1872 1916 1945 glexistis
1933 1873 2205 1942 salutem,
2234 1889 2342 1944 per
2356 1872 2465 1928 hoc
2481 1872 2714 1940 saltem,

1645 1954 1799 2026 quod
1873 1953 2164 2026 reliquum
2244 1958 2338 2010 est
2416 1951 2715 2024 temporis,

1647 2034 1913 2106 quamvis
1952 2035 2165 2105 breve,
2219 2033 2715 2106 expergiscimini,

1647 2122 1945 2186 torporem
1985 2114 2268 2185 excutite,
2313 2114 2717 2185 incur-iamque

1645 2195 1941 2267 repellite.
1999 2193 2122 2252 Pro
2161 2211 2268 2252 sua
2307 2194 2462 2251 enim
2501 2194 2718 2251 libera·

1647 2275 1824 2332 litate
1874 2274 2165 2332 Dominus
2223 2281 2427 2331 noster
2481 2274 2719 2347 copiosa

1651 2354 1804 2413 dona
1861 2355 2149 2427 largitum
2210 2357 2272 2412 et
2327 2356 2453 2412 sive
2503 2354 2635 2427 quis
2685 2371 2720 2410 a

1649 2436 1859 2508 prima,
1901 2436 2026 2493 sive
2048 2453 2083 2492 a
2105 2436 2307 2507 tertia,
2347 2437 2472 2493 sive
2494 2452 2530 2492 a
2550 2440 2720 2492 sexta

1650 2518 1798 2573 hora
1816 2517 2114 2588 inceptum
2142 2533 2285 2589 opus
2314 2515 2602 2588 exegerit,
2628 2532 2722 2573 re-

1655 2603 2029 2667 muneratur;
2082 2614 2193 2653 nec
2240 2614 2384 2656 vero
2423 2613 2572 2666 eum,
2624 2597 2721 2668 qui

1655 2694 1808 2735 nona
1822 2679 2168 2744 accesserit,
2182 2682 2522 2736 aversatur:
2539 2678 2721 2736 etiam

1656 2760 1705 2815 si
1720 2759 1882 2816 circa
1892 2759 2262 2817 undecimam
2277 2759 2720 2833 veneri8,ipsuiu

1657 2839 1787 2896 dico
1876 2839 2143 2897 ultimum
2228 2840 2721 2913 quadragesimae

1659 2920 1832 2985 diem,
1871 2937 1984 2977 non
2022 2921 2288 2993 privabit
2325 2921 2599 2978 mercede
2627 2922 2724 2979 de-

1659 2999 1836 3069 narii,
1875 3001 2045 3057 modo
2082 3006 2410 3072 promptum
2452 3003 2725 3073 animum,

1661 3098 1732 3137 ac
1781 3081 2036 3138 studium
2093 3082 2288 3153 pretio
2342 3082 2578 3153 dignum
2631 3101 2726 3140 ex-

1659 3162 1896 3219 hibeas:
1936 3161 2159 3218 Verum
2202 3162 2354 3219 enim
2384 3168 2492 3230 est,
2529 3161 2725 3221 Deum

1660 3258 1845 3313 opera
1884 3242 2104 3299 affectu
2144 3258 2543 3314 compensare.
2607 3242 2726 3301 Sed

1660 3340 1772 3394 age
1817 3322 1946 3393 jam
1987 3339 2191 3378 rursus
2231 3324 2433 3380 tubam
2475 3340 2726 3395 evange-

1658 3404 1838 3460 licam
1898 3401 2205 3459 audiamus
2260 3404 2556 3476 passionis
2607 3423 2727 3477 my-

1661 3483 1852 3541 steria
1889 3491 2324 3556 personantem.

684 3653 826 3719 Περὶ
867 3651 966 3700 τοῦ
1004 3647 1271 3698 πλουσίου
1311 3648 1399 3697 καὶ
1438 3648 1560 3715 περὶ
1597 3648 1697 3697 τοῦ
1736 3648 1965 3712 πτωχοῦ
2003 3643 2276 3714 Λαζάρου,

656 3757 891 3830 Quibus
914 3753 1430 3812 adhortationibus
1452 3751 1737 3822 majorem
1761 3752 1880 3808 vim
1907 3751 2175 3808 additam
2193 3753 2506 3810 voluerunt
2525 3772 2598 3809 ss
2616 3754 2729 3811 Pa-

481 3850 622 3907 treS,
662 3837 972 3912 proposita
1010 3835 1300 3908 parabola
1348 3834 1415 3887 de
1463 3832 1627 3886 divite
1677 3833 1901 3901 epulone
1953 3832 2007 3884 in
2062 3831 2282 3902 inferno
2331 3834 2539 3902 sepulto
2576 3837 2630 3886 et
2664 3833 2732 3887 de

478 3924 710 3977 Lazaro
747 3918 992 3972 mendico
1029 3916 1085 3969 in
1122 3915 1301 3969 sinum
1340 3914 1602 3967 Abrahae
1637 3916 1885 3981 recepto,
1936 3928 2107 3983 quam
2159 3911 2332 3969 hodie
2386 3920 2447 3969 et
2485 3930 2732 3985 sequeu-

482 4004 641 4060 tibus
691 3999 868 4058 feriis
919 3996 981 4054 in
1020 3994 1219 4052 officio
1269 3994 1540 4051 recolunt
1580 3991 1806 4051 Graeci
1830 3993 1900 4062 ¹):
1958 4010 2065 4064 per
2117 4009 2246 4048 eam
2287 3993 2492 4050 tardos
2532 4009 2730 4049 omnes

484 4083 787 4154 malosque
826 4094 1026 4135 sonmo
1066 4075 1362 4133 violenter
1401 4074 1722 4132 excussuri.

659 4160 932 4219 Primum
961 4174 1203 4215 carmen
1224 4154 1514 4225 τριῳδικὸν
1540 4155 1713 4226 hujus
1733 4154 2088 4212 Dominicae
2116 4154 2491 4211 inscribitur:
2535 4152 2734 4206 Κανών

484 4249 581 4298 τοῦ
620 4240 903 4311 τριῳδίου,
945 4242 1021 4297 εἰς
1056 4236 1156 4289 τὸν
1194 4233 1461 4289 πλούσιον
1497 4237 1587 4286 καὶ
1625 4238 1699 4293 εἰς
1736 4235 1837 4286 τόν
1873 4234 2101 4301 πτωχὸν
2139 4235 2414 4304 Λάζαρον.

676 4508 717 4571 ¹)
759 4507 933 4587 Latini
974 4522 1087 4560 eam
1113 4505 1331 4574 legimus
1369 4503 1499 4558 feria
1523 4504 1586 4557 V.
1626 4502 1974 4557 hebdomadae
2005 4501 2256 4554 secundae
2283 4498 2735 4566 Quadragcsimae.
