3514 5391
866 490 974 549 462
1515 488 1675 548 Festa
1713 489 1919 549 mobilia
1956 499 2075 564 post
2111 490 2471 550 Pentecosten.

867 699 1270 784 Raynaud.
1330 705 1481 766 tom.
1535 693 1616 758 15
1667 693 1735 756 ἰη
1783 691 2095 758 Heterocl.
2142 713 2203 777 p.
2252 693 2314 770 3,
2364 713 2417 759 e.
2468 696 2530 759 2.
2579 701 2642 761 et
2687 693 2988 761 Suar-ez
3034 693 3105 757 de

868 796 1171 883 reliqione
1219 799 1366 898 tom.
1423 795 1480 870 1,
1527 792 1634 856 lib.
1685 788 1746 866 2,
1797 809 1851 855 c.
1899 790 1961 866 4,
2011 810 2085 878 n.
2127 790 2206 874 17
2235 791 2308 874 ²).

1048 973 1516 1039 Praefationem
1561 968 1730 1035 illam
1782 967 2272 1046 celeberrimam,
2323 987 2482 1051 quae
2518 965 2679 1035 festo
2712 970 3107 1036 sacratissimi

869 1072 1057 1155 hujus
1103 1072 1383 1156 mysterii
1440 1070 1500 1134 in
1552 1068 1753 1148 Missa
1817 1067 2183 1150 respondet,
2249 1087 2372 1132 non
2439 1087 2577 1133 esse
2640 1063 2963 1135 coaevam·
2998 1069 3107 1154 ipsi

869 1170 1030 1235 festo
1094 1189 1131 1233 a
1195 1168 1436 1234 Joanne
1497 1166 1627 1232 ΡΡ.
1690 1164 1894 1231 XXII.
1968 1165 2282 1244 institute,
2367 1186 2468 1231 res
2542 1173 2638 1232 est
2713 1168 3111 1234 testatissima

871 1274 1004 1333 tum
1051 1288 1125 1333 ex
1174 1266 1664 1351 Micrologo,
1728 1264 1855 1348 qui,
1902 1262 2049 1341 licet
2094 1266 2349 1347 respuat
2396 1264 2646 1342 festum,
2710 1265 2873 1332 hanc
2920 1265 3109 1331 Prae·

868 1367 1165 1431 sationem
1213 1370 1423 1430 tamen
1471 1387 1550 1428 eae
1595 1364 1893 1428 Romana
1941 1364 2315 1426 auctoritate
2363 1356 2716 1450 susceptam.
2745 1364 2967 1430 diebus
2992 1366 3111 1429 Do·

868 1466 1118 1529 minicis
1124 1463 1535 1550 frequentari
1558 1463 1643 1528 ait
1661 1461 1737 1525 dc
1760 1459 2202 1525 ecclesiasticis
2223 1459 2765 1528 observationibus
2785 1487 2923 1550 cap.
2942 1462 3109 1547 60⁸),

878 1571 1012 1628 tum
1060 1583 1135 1627 ex
1184 1560 1251 1628 O.
1285 1562 1644 1625 Invenimus
1695 1562 1771 1623 71
1824 1558 1985 1625 Dist.
2030 1559 2089 1622 1.
2138 1560 2214 1624 de
2263 1557 2469 1639 Cous,
2518 1561 2626 1627 ubi
2656 1582 2792 1627 eam
2826 1562 3113 1647 antiquus

871 1666 1085 1726 auctor
1130 1661 1293 1725 inter
1341 1679 1572 1725 novem
1618 1657 1756 1724 illas
1785 1656 2216 1723 Praefationes
2267 1658 2455 1741 ponit,
2503 1682 2662 1745 quas
2710 1657 2899 1748 lonqa
2942 1671 3111 1724 retro

869 1770 1147 1824 vetustas
1180 1757 1262 1823 ”in
1285 1753 1288 1756 ¹
1309 1759 1620 1828 Romana,
1651 1753 1938 1820 Ecclesia
1986 1756 2260 1819 servavit
2275 1755 2348 1840 ⁸).
2442 1753 2622 1823 Hanc
2669 1749 2864 1842 ipsam
2907 1763 3110 1823 tamen

872 1861 950 1924 de
1016 1857 1426 1924 sanctissima
1488 1855 1791 1920 Trinitate
1856 1853 2319 1919 Praefationem
2385 1853 2673 1921 Clemens
2731 1856 2858 1921 ΡΡ.
2917 1855 3113 1932 ΧΠΙ.,

870 1957 1210 2041 respiciens
1257 1956 1413 2020 ritus
1460 1956 1751 2038 antiquae
1798 1952 2178 2037 disciplinae.
2229 1953 2490 2039 singulis
2539 1954 2885 2021 Dominicis
2934 1975 3117 2040 pecu-

878 2056 1013 2121 liari
1057 2055 1219 2120 festo
1265 2074 1388 2118 non
1435 2052 1749 2137 impeditis
1798 2052 2181 2118 recitandam
2230 2053 2549 2118 constituit
2595 2053 2864 2146 Decreto
2912 2054 2977 2118 3.
3009 2052 3114 2118 Ja-

875 2154 1071 2218 nuarii
1122 2174 1217 2219 an.
1273 2152 1464 2217 1759.

1050 2260 1227 2341 Quod
1286 2280 1430 2342 vero
1494 2259 1571 2323 ad
1618 2257 2028 2344 Doxologiam
2090 2258 2311 2324 attinet
2364 2257 2595 2324 Gloria
2642 2261 2859 2340 Patri,
2927 2280 3115 2345 quam

874 2358 1219 2425 Decretalis
1266 2358 1352 2422 ait
1398 2358 1536 2422 cani
1583 2355 1880 2440 quotidie,
1947 2354 2218 2441 vulgaris
2264 2358 2577 2441 quondam
2625 2359 2934 2423 sententia
2980 2358 3115 2434 snit,

875 2459 936 2522 in
983 2457 1260 2522 Nicaena
1307 2455 1556 2540 Synodo
1621 2453 1790 2519 illam
1852 2453 2373 2539 glorificationem
2434 2455 2628 2521 fuisse
2685 2456 3114 2540 compositam,

875 2575 1012 2620 eam
1073 2556 1133 2619 in
1185 2553 1433 2618 Oriente
1500 2553 1638 2618 addi
1703 2551 1945 2617 solitam
2012 2553 2074 2617 in
2136 2553 2260 2619 fine
2322 2554 2652 2638 cujuslibet
2711 2554 2977 2632 Psalmi,
3046 2573 3115 2618 ac

1060 2749 1099 2819 ¹)
1140 2750 1501 2805 Menardus
1538 2750 1588 2803 in
1625 2749 1764 2803 notis
1802 2754 1856 2803 et
1894 2750 2340 2805 observationibus
2377 2751 2443 2806 ad
2479 2768 2521 2806 s.
2562 2750 2808 2833 Gregorii
2841 2752 2909 2806 M.
2937 2752 3117 2807 Sacra·

873 2832 1181 2886 mentarium
1218 2834 1384 2901 putat,
1424 2830 1614 2884 festum
1651 2829 2021 2885 Sanctissimae
2057 2829 2330 2885 Trinitatis
2369 2831 2422 2886 in
2457 2831 2694 2888 Ecclesia
2727 2832 2962 2888 Romana
2997 2834 3116 2888 olim

761 2967 770 2976 ,
874 2913 1205 2979 celebratum,
1254 2915 1437 2981 postea
1473 2910 1823 2964 intermissum
1860 2927 1922 2964 ac
1959 2911 2168 2965 tandem
2206 2928 2237 2965 a
2273 2911 2887 2970 Romanis-Pontificibus
2925 2916 3116 2969 instau-

873 2997 1045 3047 ratum
1081 2993 1256 3046 fuisse.
1333 2992 1440 3047 Cir.
1478 2991 1670 3060 Migne,
1705 2992 1852 3046 Patr.
1893 2993 1984 3045 lat.
2025 2996 2065 3046 t.
2104 2994 2190 3061 78,
2228 3009 2277 3062 p.
2316 2994 2439 3049 392.

1054 3070 1097 3135 ²)
1141 3073 1286 3142 Apud
1323 3072 1514 3141 Migne,
1552 3071 1695 3126 Patr.
1734 3073 1827 3125 lat.
1868 3077 1907 3125 t.
1950 3073 2068 3139 151,
2107 3089 2156 3143 p.
2198 3073 2354 3129 1020.

1053 3151 1096 3221 ⁸)
1135 3152 1195 3206 In
1231 3153 1458 3222 gratiam
1493 3167 1685 3218 eorum,
1734 3152 1917 3222 quibus
1954 3169 2137 3207 manca
2174 3157 2377 3208 tantum
2415 3159 2501 3209 est
2535 3157 2764 3225 corporis
2795 3157 2932 3226 juris
2971 3172 3117 3212 cano·

873 3234 974 3287 nici
1010 3231 1253 3302 cognitio,
1291 3233 1419 3287 haec
1455 3233 1928 3287 animadvertimus.
2004 3234 2302 3305 Praefatio
2340 3234 2542 3289 Latinis
2580 3236 2769 3291 dicitur
2804 3239 2976 3293 oratio
3026 3254 3118 3292 seu

875 3314 1161 3383 gratiarum
1210 3313 1346 3367 actio
1363 3354 1375 3378 ,
1427 3329 1557 3384 quae
1610 3314 1806 3368 Oanoni
1853 3315 2238 3384 praemittitur,
2294 3332 2396 3386 qua
2446 3316 2736 3386 disponitur
2779 3319 3025 3373 sacerdos
3063 3324 3117 3372 et

876 3394 1090 3463 populus
1141 3392 1218 3446 ad·
1246 3392 1625 3447 tremendorum
1676 3395 2042 3465 mysteriorum
2094 3395 2466 3451 confectionem
2517 3413 2607 3451 seu
2657 3397 2944 3465 actionem;
2997 3408 3115 3453 nam

879 3474 1062 3528 Canon
1100 3477 1154 3528 et
1190 3474 1345 3529 Actio
1381 3472 1496 3525 κατ’
1533 3473 1732 3542 ἐξοχὴν
1769 3480 1987 3530 vocatur
2022 3474 2258 3546 legiti‘ma
2296 3481 2351 3530 et
2386 3477 2643 3546 regularis
2676 3486 3116 3534 sacramentorum

876 3555 1146 3609 confectio.
1221 3553 1299 3608 De
1338 3554 1668 3610 Praefatione
1720 3561 1905 3610 notatu
1943 3557 2228 3626 dignissimi
2266 3562 2386 3611 sunt
2433 3574 2655 3614 canones
2696 3559 2925 3627 Quando
2962 3561 3030 3615 ‘10
3064 3566 3117 3613 et

875 3636 1187 3690 Invenimus
1211 3637 1276 3690 71
1318 3636 1453 3690 Dist.
1476 3638 1504 3690 1
1538 3636 1600 3690 de
1627 3637 1779 3692 Cous.
1836 3637 1895 3691 In
1931 3639 2090 3707 priori
2127 3655 2170 3693 ε.
2209 3638 2598 3709 Cyprianus
2635 3640 2922 3709 declaranS,
2960 3652 3114 3711 quare

876 3715 1109 3770 Sursum
1148 3715 1313 3769 corda
1351 3715 1402 3769 in
1438 3715 1770 3771 Praefatione
1808 3718 2024 3785 dicatur,
2062 3718 2192 3772 haec
2227 3719 2432 3775 scribit:
2472 3719 2684 3786 Quando
2720 3725 2895 3775 autem
2921 3726 3115 3775 stamus

876 3796 941 3850 ad
979 3797 1279 3863 orationem,
1320 3797 1511 3851 fratres
1549 3797 1887 3865 dilectissimi,
1941 3799 2213 3869 invigilare
2266 3804 2319 3854 et
2356 3799 2650 3858 incumbere
2686 3801 2751 3855 ad
2788 3817 2971 3871 preces
3002 3806 3115 3855 toto

877 3877 1028 3931 corde
1065 3876 1323 3931 debemus·
1395 3877 1657 3946 Cogitatio
1697 3880 1921 3933 carnalis
1953 3880 2171 3935 hominis
2208 3885 2263 3935 et
2288 3882 2536 3937 secularis
2561 3882 2824 3948 abscedat,
2860 3899 2957 3938 nec
2979 3883 3114 3953 quic·

876 3972 1027 4027 quam
1064 3960 1186 4010 tunc
1224 3957 1421 4011 animus
1458 3958 1613 4025 aliud,
1651 3973 1806 4029 quam
1842 3959 1893 4013 id
1931 3960 2095 4014 solum
2133 3961 2346 4030 cogitet,
2403 3962 2536 4032 quod
2572 3966 2832 4032 precatur.
2906 3964 3023 4018 Ideo
3061 3967 3115 4016 et

877 4036 1119 4092 sacerdos
1156 4042 1277 4092 ante
1315 4039 1615 4106 orationem,
1653 4039 1984 4095 Praefatione
2021 4043 2323 4111 praemissa,
2361 4048 2514 4112 parat
2550 4043 2769 4098 fratrum
2808 4049 3005 4099 mentes
3043 4043 3114 4097 di-

879 4118 1036 4173 cendo
1074 4117 1308 4172 Sursum
1346 4119 1533 4186 corda,
1587 4124 1661 4187 ut,
1713 4121 1832 4175 dum
1868 4123 2147 4191 respondet
2183 4122 2328 4192 plebs
2365 4123 2648 4179 Habemus
2696 4125 2771 4179 ad
2805 4125 3109 4189 Dominum,

879 4198 1215 4252 admoneatur
1263 4199 1388 4252 nihil
1440 4216 1496 4255 se
1547 4201 1684 4255 aliud
1740 4218 1893 4272 quam
1939 4202 2211 4257 Dominum
2262 4204 2495 4273 cogitare
2544 4204 2747 4260 debere.
2835 4206 3115 4261 Claudatur

879 4284 1061 4333 contra
1096 4278 1448 4333 adversarium
1484 4285 1664 4350 pectus
1704 4287 1759 4336 et
1796 4282 1891 4337 soli
1930 4283 2041 4337 Deo
2076 4288 2285 4353 pateat:
2324 4300 2419 4339 nec
2454 4285 2519 4339 ad
2545 4300 2600 4339 se
2637 4285 2837 4340 hostem
2865 4285 2961 4340 Dei
2985 4290 3112 4339 tem·

879 4375 1003 4429 pore
1052 4360 1300 4414 orationis
1352 4361 1528 4415 venire
1580 4362 1813 4431 patiatur
1866 4363 1982 4433 (De
2031 4368 2173 4420 orat.
2224 4365 2470 4421 dominic.
2523 4383 2566 4420 c.
2604 4367 2691 4421 31.
2743 4367 2876 4436 apud
2924 4366 3110 4434 Higne,

879 4439 1022 4493 Patr.
1060 4440 1093 4493 l.
1132 4444 1171 4494 t.
1209 4440 1261 4507 4,
1299 4456 1348 4519 p.
1388 4442 1534 4509 539).
1590 4441 1647 4496 In
1684 4444 1852 4497 altero
1890 4459 2083 4499 canone
2110 4445 2421 4500 Invenimus
2446 4462 2487 4499 s,
2509 4446 2748 4515 Gregorii
2775 4447 2841 4501 M.
2878 4446 3113 4501 decessor
