3514 5391
834 503 1079 577 Kvpmni
1117 500 1168 568 ς’
1205 506 1309 560 τοῦ
1343 504 1574 578 τυφλοῦ.
1633 504 1837 563 Domin.
1877 503 1940 563 V.
1979 524 2028 579 p.
2066 504 2283 564 Pascha.
2571 507 2680 566 365

441 700 824 770 Belethus
890 722 941 770 e.
996 701 1123 769 122
1189 701 1418 789 aliique
1483 703 1820 789 scriptores
1887 703 2059 772 citati
2120 724 2156 771 a
2216 704 2331 772 Du
2381 703 2675 793 Gange,

448 796 727 866 Glossar.
777 798 891 867 lat.
941 798 1005 864 h.
1053 820 1111 865 v.
1162 838 1246 849 —
1313 799 1554 867 Verum
1602 798 1860 876 Suessi,
1924 799 2158 888 Aeppi.
2216 800 2678 868 Mediolanensi.

437 898 625 962 series
667 898 879 962 chron.
929 897 1095 976 hist„
1144 898 1220 963 de
1254 922 1304 963 s.
1331 898 1634 978 Lassaro,
1684 904 1746 964 et
1770 898 2248 977 Hensehen.,
2300 900 2504 964 socius
2533 899 2678 965 Bol-

437 996 731 1074 landian.,
795 996 940 1062 Aet.
990 994 1099 1061 SS.
1154 997 1255 1061 11.
1306 997 1498 1063 Febr.
1560 996 1871 1081 (ejusdem
1921 997 2156 1063 mensis
2202 1002 2246 1064 t.
2296 998 2358 1076 2,
2408 1019 2467 1082 p.
2517 998 2678 1084 522)

437 1094 807 1182 Rogationes
868 1114 907 1159 a
951 1114 1001 1159 e.
1051 1094 1318 1160 Lazzaro
1367 1094 1704 1160 Mediolani
1766 1099 1909 1159 ante
1957 1100 2242 1180 tempora
2287 1116 2337 1161 s,
2387 1096 2677 1161 Mamerti

424 1193 550 1277 jam
599 1193 919 1259 institutas
964 1192 1159 1258 fuisse
1207 1195 1609 1259 contendunt.

606 1299 1027 1384 Gonjunetum
1073 1300 1246 1366 initio
1295 1320 1438 1366 eum
1487 1299 1939 1386 Rogationibus
1983 1302 2305 1390 jejunium
2360 1307 2522 1379 erat;
2596 1304 2682 1368 ita

431 1399 592 1465 enim
648 1398 877 1464 Patres
939 1396 1341 1464 Arelatenses
1402 1401 1748 1463 statuerant
1809 1418 2044 1464 canone
2109 1400 2409 1465 adducto:
2472 1402 2678 1487 Roya-

429 1499 648 1577 tiones,
699 1497 772 1563 id
794 1507 907 1577 est,
954 1496 1223 1561 litanias
1271 1506 1419 1561 ante
1450 1493 1895 1562 Ascensionem
1926 1496 2193 1562 Domini
2226 1496 2480 1584 placuit
2525 1498 2677 1563 cele-

430 1596 627 1677 brari,
689 1598 787 1660 ita
829 1606 902 1659 ut
938 1595 1362 1681 praemissum
1410 1593 1780 1659 triduanum
1810 1596 2131 1685 jejunium
2190 1596 2260 1659 in
2310 1596 2679 1662 Dominicae

426 1694 843 1760 Ascensionis
888 1691 1301 1757 Solemnitate
1345 1691 1652 1772 solvatur,
1691 1716 1818 1779 per
1861 1692 2031 1780 quod
2078 1693 2360 1759 triduum
2403 1696 2571 1759 servi
2622 1705 2681 1759 et

428 1790 711 1858 ancillae
756 1790 840 1855 ab
887 1813 1076 1878 opere
1119 1791 1515 1873 relaxentur,
1579 1814 1698 1876 quo
1744 1793 1948 1878 maqis
1986 1789 2170 1878 plebs
2211 1793 2511 1858 universa
2539 1817 2678 1859 con-

424 1893 680 1956 veniat:
726 1912 847 1976 quo
896 1888 1108 1954 triduo
1155 1911 1365 1955 omnes
1413 1887 1778 1954 abstineant
1824 1899 1883 1953 et
1928 1890 2119 1954 etiam
2142 1880 2679 1978 ¹quadi-ayesima-

427 1988 616 2076 libus*
641 1988 802 2053 cibis
849 1997 1131 2055 utantur.
1915 2068 1921 2074 ι

604 2096 915 2179 Quoniam
964 2115 1109 2161 vero
1157 2116 1231 2162 ex
1261 2095 1381 2161 alio
1430 2116 1667 2162 canone
1697 2095 1744 2180 ¹)
1794 2115 2057 2180 operosa
2078 2095 2454 2180 jejuniorum
2482 2099 2680 2183 pietas

426 2195 763 2262 indicenda
807 2213 933 2259 non
979 2199 1074 2261 est
1120 2199 1401 2279 tempore
1446 2194 2013 2281 Quinquagesimae
2074 2196 2405 2280 paschaliS,
2467 2198 2681 2284 glossa

427 2297 501 2362 ad
549 2295 727 2361 hune
771 2293 978 2360 locum
1040 2295 1656 2361 animadvertendum
1721 2299 1961 2373 censet,
2012 2296 2331 2385 jejunium
2394 2297 2492 2360 hie
2550 2318 2677 2361 non

416 2393 757 2482 praecipi,
821 2393 934 2457 sed
979 2393 1242 2458 suaderi
1288 2404 1563 2472 tantum,-
1628 2394 1691 2458 in
1736 2392 2043 2477 ejusmodi
2092 2394 2352 2459 materia
2399 2394 2570 2459 enim‘
2608 2396 2679 2458 in

425 2491 539 2559 illo
605 2504 884 2579 tempore
940 2513 1438 2579 unamquamque
1489 2492 1893 2577 provinciam
1953 2490 2281 2555 abundare
2341 2490 2563 2555 debere
2610 2493 2679 2555 in

426 2613 613 2655 sensu
678 2611 790 2655 suo
843 2589 1021 2673 juxta
1082 2610 1134 2656 e.
1194 2589 1454 2655 Utinam
1521 2590 1623 2653 11.
1673 2588 1831 2656 Dist.
1883 2590 1988 2655 76.
2084 2588 2321 2654 Verum
2369 2591 2677 2672 quomodo

426 2687 530 2756 illa
590 2713 758 2777 quae
794 2711 919 2777 per
963 2689 1073 2754 hos
1119 2690 1581 2776 quinquaqinta
1630 2686 1769 2752 dies
1826 2686 2009 2752 nobis
2055 2698 2147 2752 est
2176 2688 2358 2776 juqis
2419 2710 2495 2752 ac
2541 2711 2678 2752 con-

429 2790 689 2853 tinuata
719 2788 1057 2875 festivitas
1077 2787 1164 2873 ²),
1230 2808 1356 2855 non
1404 2787 1653 2852 tollatur
1697 2785 2109 2872 Rogationum
2160 2785 2425 2868 jejunio,
2489 2788 2677 2851 ratio-

426 2887 612 2953 nibus
653 2887 942 2971 juridicis
990 2906 1115 2952 non
1152 2886 1493 2972 incongrue
1541 2885 1722 2950 docet
1766 2883 1977 2969 glossa
2025 2883 2101 2950 sd
2150 2903 2202 2949 e.
2255 2880 2430 2947 Scire
2477 2883 2676 2970 debet,

428 2984 596 3050 verb.
631 2985 915 3074 jejunia.
2570 2988 2583 2995 ”

606 3082 709 3148 De
754 3083 1096 3149 rationibus
1143 3082 1410 3148 triduani
1442 3082 1628 3166 hujus
1650 3081 1888 3166 jejunii,
1941 3083 2103 3165 quod
2134 3081 2340 3146 medio
2369 3080 2489 3146 hoe
2518 3082 2676 3142 tem-

428 3200 578 3265 pore
627 3179 941 3265 paschalis
988 3180 1257 3247 laetitiae
1307 3180 1694 3246 Viennenses
1740 3180 2012 3264 primum
2048 3198 2294 3246 servare
2341 3182 2677 3263 coeperunt

329 3308 335 3313 ·
430 3298 481 3342 s·
543 3277 845 3344 Avitus
906 3278 1396 3347 Viennensis
1472 3278 1691 3343 merito
1754 3277 2078 3358 scribit³):
2159 3278 2502 3342 Festivitas
2565 3286 2676 3356 est,

429 3380 609 3466 cujus
641 3376 1025 3467 jucunditas
1073 3387 1207 3442 tota
1251 3377 1394 3442 sola
1437 3375 1743 3441 sobrietas
1761 3427 1779 3459 ,
1840 3379 2018 3466 cujus
2081 3373 2307 3462 epulae
2337 3375 2676 3470 lacrimae,

430 3478 613 3564 cujus
663 3485 899 3561 pastus
962 3476 1199 3540 esuries
1262 3486 1353 3540 est
1369 3500 1395 3548 ,·
1463 3478 1639 3563 cujus
1689 3473 2091 3560 principium
2149 3495 2228 3538 eoe
2286 3473 2675 3552 necessitate,

421 3574 911 3658 perseverantia
955 3574 1025 3637 in
1056 3573 1408 3655 dilectione,
1458 3582 1639 3637 actus
1672 3572 1743 3636 in
1776 3572 2006 3658 requie,
2052 3570 2300 3658 requies
2337 3570 2404 3634 in
2439 3568 2674 3634 labore.

621 3717 861 3724 ————

615 3785 658 3854 ¹)
700 3786 759 3841 C.
798 3786 955 3841 &ire
991 3785 1147 3841 debet
1181 3788 1234 3842 8.
1271 3786 1406 3842 Dist.
1446 3789 1532 3844 76.
1607 3785 1735 3841 Vide
1776 3803 1932 3857 supra
1970 3802 2020 3856 p.
2056 3786 2180 3840 340.

612 3865 659 3933 ²)
701 3866 809 3921 crr.
848 3865 906 3921 C.
944 3866 1104 3922 Scire
1140 3867 1297 3922 debet
1331 3869 1418 3923 cit.

613 3944 659 4016 ⁸)
699 3946 891 4014 mig-ne,
928 3946 1072 4002 Patr.
1110 3948 1143 4001 l.
1182 3951 1221 4000 t.
1259 3948 1346 4016 59,
1384 3963 1433 4017 p.
1470 3949 1593 4002 293.
