3514 5391
1181 470 1524 526 Solemniores
1560 467 1679 522 anni
1717 467 1843 521 dieS.
2438 488 2448 498 ·
2526 460 2632 516 699

426 675 556 817 (ἓξὲξ
697 673 889 801 Mffiffis
1074 694 1402 755 Koiahk.
1498 689 1936 753 December.

491 838 521 900 l
794 837 835 900 9
926 834 1183 901 Initium
1218 831 1439 916 jejunii
1484 828 1845 896 Nativitatis
1892 826 2144 893 Domini
2192 822 2473 890 Gahirae.

485 935 529 1000 3
724 936 831 999 -11
928 932 1260 1018 Ingressus
1324 930 1631 1014 Deiparae
1697 925 1975 1015 Virginis
2041 923 2279 989 Mariae
2343 921 2408 988 in
2451 926 2630 986 tem-

481 1132 525 1196 4
757 1131 840 1196 12
931 1031 1331 1197 spffnlffleae
1376 1101 1707 1213 Apostoli(

483 1232 523 1295 8
757 1231 838 1295 16
933 1228 1043 1295 SS.
1093 1228 1406 1293 Barbarae
1453 1232 1513 1292 et
1558 1225 1845 1291 Julianae
1893 1224 2257 1307 martyrum.

483 1330 524 1395 9
758 1329 837 1393 17
931 1327 993 1395 S.
1043 1326 1264 1393 Sabae.

395 1477 495 1485 ”—

393 1546 620 1600 carceris
672 1544 869 1600 aditum
915 1557 1029 1596 cum
1076 1541 1215 1596 luctu
1270 1546 1325 1595 et
1372 1541 1569 1609 gemitu
1620 1541 1878 1596 custodire
1931 1547 1986 1595 et
2022 1543 2334 1608 obsistentes
2381 1543 2634 1597 neminem

391 1626 666 1697 gentilium
701 1625 843 1679 illum
878 1622 1079 1693 ingredi
1115 1621 1501 1692 permittebant.
1575 1620 1785 1676 Tribuni
1832 1638 1956 1677 vero
2008 1638 2161 1693 quum
2210 1623 2276 1678 ad
2326 1640 2438 1678 eum
2483 1625 2633 1693 jugu-

390 1708 604 1762 landum
638 1705 930 1760 nullatenus
964 1703 1218 1758 haberent
1241 1703 1548 1772 ingressum,
1586 1702 1763 1757 habito
1798 1703 2007 1758 consilio
2032 1707 2344 1764 statuerunt.
2384 1709 2441 1758 ut
2465 1704 2637 1759 cuncti

392 1789 588 1844 milites
623 1787 829 1841 nudatis
866 1783 1191 1840 mucronibus
1226 1784 1525 1853 popularem
1549 1783 1895 1853 irrumperent
1920 1785 2138 1852 turbam,
2177 1790 2232 1839 et
2256 1786 2331 1839 sic
2357 1801 2472 1839 eum
2497 1785 2635 1840 dum-

392 1873 542 1924 taxat
584 1868 650 1923 ad
686 1865 1037 1921 decollandum
1073 1865 1214 1918 foras
1251 1863 1615 1932 extraherent;
1653 1880 1772 1919 mox
1810 1881 1933 1920 vero
1971 1866 2013 1919 si
2046 1865 2159 1935 quis
2185 1866 2436 1921 obsistere
2460 1865 2636 1931 vellet,

393 1949 570 2019 gladio
609 1947 864 2002 interiret.
904 1976 968 1984 —
1010 1944 1385 2015 Sagacissimus
1423 1943 1583 2014 igitur
1619 1945 1878 2015 pontifex,
1929 1946 2344 2000 animadvertens
2389 1946 2636 2000 cruentis·

394 2031 580 2085 simam
628 2028 947 2083 tribunorum
997 2027 1277 2095 stropham,
1332 2025 1466 2096 quod
1517 2026 1579 2079 ob
1630 2026 1740 2095 ejus
1778 2027 2175 2096 perpetrandam
2223 2043 2402 2082 necem
2438 2042 2638 2082 omnem

394 2110 836 2174 Christianorum,
892 2106 977 2177 qui
1022 2109 1145 2162 tunc
1182 2106 1426 2171 aderant,
1474 2105 1850 2161 multitudinem
1887 2106 2059 2176 gladio
2097 2108 2392 2163 interimere
2428 2108 2638 2174 vellent,

393 2191 560 2246 noluit
599 2205 687 2243 eos
723 2187 922 2257 pariter
959 2203 1132 2241 secum
1168 2187 1337 2241 subire
1375 2187 1555 2241 mortis
1593 2187 1960 2254 acerbitatem3
1997 2188 2287 2243 sed-fidelis
2325 2205 2505 2244 servus
2529 2189 2639 2244 imi-

395 2277 513 2326 tans
553 2270 828 2325 Dominum
866 2267 1205 2333 Salvatorem‚
1243 2268 1329 2337 qui
1355 2267 1484 2321 dixit
1521 2273 1575 2320 et
1600 2268 1747 2322 fecit:
1789 2268 1997 2322 Pastor
2022 2269 2191 2323 bonus
2218 2269 2456 2324 animam
2481 2286 2639 2324 suam

388 2351 547 2421 ponit
571 2365 681 2419 pro
718 2349 903 2403 ovibus
937 2347 1089 2413 sui-3,
1136 2364 1199 2402 ex
1237 2348 1451 2417 pietatis
1486 2353 1791 2417 argumento
1842 2350 2049 2404 vocavit
2093 2367 2247 2405 unum
2283 2351 2536 2405 seniorem
2576 2367 2640 2405 ex

396 2431 491 2498 his,
531 2430 619 2501 qui
657 2429 844 2484 ibidem
880 2429 992 2500 ejus
1026 2429 1289 2498 responsis
1325 2429 1679 2496 inhaerebant,
1731 2433 1785 2483 et
1822 2429 1950 2483 dixit
1988 2431 2058 2484 ei:
2090 2429 2258 2498 ‚Vade
2305 2432 2370 2486 ad
2409 2432 2640 2487 tribunos

395 2511 481 2581 qui
522 2525 607 2564 me
644 2505 935 2564 interficere
972 2515 1253 2580 quaerunt,
1306 2514 1361 2563 et
1397 2509 1553 2565 dicito
1598 2510 1700 2564 eis:
1760 2511 1944 2564 Cesset
1995 2511 2158 2565 omnis
2208 2513 2473 2578 anxietas3
2525 2529 2643 2567 ecce

357 2635 367 2644 .
396 2596 668 2662 promptus
706 2607 818 2667 sum
854 2591 1145 2646 ultroneum
1182 2608 1264 2646 me
1302 2591 1401 2645 illis
1439 2592 1693 2661 ingerere.
1750 2591 1863 2645 Hac
1900 2592 2089 2646 etenim
2114 2599 2265 2649 nocte
2291 2595 2502 2648 veniant
2527 2599 2645 2663 post

396 2679 607 2743 tergum
643 2672 822 2727 domus
860 2672 1083 2728 carceris
1119 2672 1298 2743 hujus,
1351 2676 1405 2726 et
1441 2672 1492 2726 in
1529 2688 1629 2743 quo
1664 2671 1778 2727 loeo
1816 2672 2072 2728 audierint
2108 2673 2310 2743 signum
2356 2675 2409 2729 in
2445 2676 2644 2747 pariete

398 2755 462 2808 ab
503 2755 644 2808 intus
682 2753 876 2807 factum
895 2794 908 2821 ‚
959 2754 1026 2808 ibi
1067 2753 1366 2808 effodientes
1405 2754 1662 2823 excipiant
1699 2769 1797 2819 me,
1854 2754 2220 2825 perficiantque
2258 2756 2392 2825 quod
2430 2756 2524 2810 sibi
2565 2759 2646 2809 est

398 2837 725 2905 imperatum.
799 2833 982 2888 Senior
1030 2850 1153 2889 vero
1204 2836 1565 2904 obtemperans
1608 2834 1923 2905 jussionibus
1962 2835 2271 2889 sanctissimi
2309 2837 2409 2891 viri
2459 2838 2645 2907 (neque

399 2917 538 2970 enim
574 2919 722 2969 tanto
759 2913 905 2968 Patri
944 2916 1297 2970 contradicere
1332 2917 1594 2984 poterat),
1648 2916 1775 2969 abiit
1812 2915 1877 2970 ad
1914 2916 2147 2970 tribunos
2186 2921 2239 2970 et
2275 2916 2535 2971 intimavit
2571 2916 2646 2970 eis

399 2996 537 3067 quod
573 2995 671 3050 sibi
707 2995 878 3049 fuerat
915 2996 1211 3065 injunctum.
1286 2994 1431 3061 Quod
1469 2996 1543 3050 illi
1580 2995 1848 3051 audientes
1884 2994 2036 3051 valde
2071 2996 2240 3066 gavisi
2278 3001 2424 3065 sunt,
2475 3002 2529 3051 et
2566 3015 2646 3051 as-

401 3080 664 3131 sumentes
700 3076 919 3130 latomos
956 3076 1094 3129 circa
1127 3077 1295 3130 noctis
1332 3076 1481 3145 hujus
1515 3077 1825 3130 matutinum
1861 3080 2065 3148 tempus
2100 3083 2355 3132 venerunt
2390 3079 2499 3133 sine
2519 3078 2646 3132 mili-

402 3159 541 3213 tibus
579 3156 643 3211 ad
679 3157 863 3224 locum,
902 3157 985 3227 qui
1024 3157 1121 3210 sibi
1157 3157 1327 3211 fuerat
1365 3162 1618 3211 ostensus,
1694 3156 1787 3211 Vir
1823 3162 1996 3211 autem
2034 3158 2238 3213 Domini
2274 3159 2420 3228 vigili
2458 3160 2509 3212 in
2535 3175 2644 3212 ora·
2753 3170 2760 3181 ·

402 3239 543 3293 tione
582 3242 637 3291 et
672 3237 864 3306 vigiliis
901 3240 1064 3292 totam
1102 3241 1308 3292 noctem
1344 3237 1627 3292 insomnem
1666 3237 1899 3291 duxerat.
1964 3238 2037 3291 At
2061 3239 2144 3293 ubi
2172 3255 2346 3292 eorum
2372 3239 2648 3293 adventum

404 3318 666 3389 cognovit,
703 3317 916 3385 cunctiS,
955 3319 1041 3388 qui
1077 3334 1249 3373 secum
1288 3318 1523 3385 aderant,
1562 3334 1745 3387 sopore
1783 3318 2180 3389 quiescentibuS,
2219 3320 2359 3373 lento
2384 3319 2549 3388 gradu
2575 3320 2648 3373 in-

404 3416 618 3469 gressus
657 3402 739 3452 est
787 3399 839 3452 in
876 3398 1172 3452 interiorem
1212 3399 1437 3453 carceris
1464 3404 1677 3468 partem
1724 3403 1779 3452 et
1808 3399 1960 3469 juxta
1998 3399 2284 3454 condictam
2324 3401 2648 3469 sponsionem

406 3496 584 3534 sonum
623 3479 849 3533 faciebat
884 3479 936 3533 in
972 3479 1200 3548 pariete;
1252 3494 1403 3549 quem
1440 3479 1514 3533 illi
1552 3478 1836 3533 forinsecus
1874 3478 2155 3547 audientes,
2205 3481 2344 3535 facto
2382 3481 2649 3549 foramine,

408 3568 749 3630 susceperunt
787 3559 980 3613 Christi
1017 3560 1270 3614 athletam
1308 3576 1408 3614 non
1434 3575 1589 3613 aerea
1614 3559 1776 3613 lorica
1814 3559 1904 3612 sed
1929 3560 2126 3614 virtute
2149 3561 2446 3615 Dominieae
2485 3561 2650 3615 crucis

408 3641 627 3711 undique
666 3640 932 3707 munitum,
970 3646 1307 3710 paratumque
1333 3641 1547 3710 implere
1577 3640 1801 3694 divinum
1827 3656 2129 3708 sermonem,
2167 3643 2254 3711 qui
2278 3643 2429 3697 dicit:
2469 3643 2652 3696 Nolite

410 3722 605 3776 timere
642 3736 755 3786 808,
806 3721 901 3790 qui
934 3737 1131 3790 corpus
1167 3720 1428 3787 occidunt,
1478 3721 1716 3774 animam
1755 3724 1934 3775 autem
1972 3736 2076 3774 non
2101 3726 2337 3791 possunt
2371 3723 2614 3778 occidere
2627 3738 2652 3791 ,·

412 3802 513 3857 sed
535 3802 727 3872 potius
763 3818 881 3856 eum
920 3802 1120 3869 timete,
1159 3801 1253 3871 qui
1273 3805 1458 3871 potest
1495 3804 1733 3855 animam
1784 3804 1839 3855 et
1873 3817 2067 3870 corpus
2102 3802 2158 3855 in
2191 3804 2494 3872 yeleennam
2520 3819 2651 3873 per-

410 3884 557 3938 dere.
632 3882 765 3937 Mira
805 3885 917 3937 res!
992 3882 1118 3937 Tam
1155 3883 1354 3936 validus
1392 3883 1626 3937 imbrium
1662 3883 1814 3936 turbo
1866 3881 2251 3954 collisionesque
2297 3888 2564 3938 ventorum
2602 3883 2652 3937 in

411 3964 588 4017 eadem
626 3967 897 4033 strepuere
933 3968 1113 4028 nocte,
1170 3968 1228 4016 ut
1262 3979 1412 4017 nemo
1450 3979 1642 4030 eorum,
1697 3963 1784 4032 qui
1833 3964 2177 4018 observabant
2223 3963 2446 4018 carceris
2495 3964 2651 4031 fores‘,

412 4048 587 4114 posset
638 4043 815 4098 audire
866 4044 1133 4098 effodiendi
1184 4060 1379 4099 sonum.
1453 4043 1913 4099 Constantissimus
1963 4051 2136 4099 autem
2187 4048 2387 4114 martyr
2433 4044 2654 4112 urgebat

412 4126 692 4181 homicidas
729 4124 869 4179 illos:
922 4125 1118 4193 Facite,
1156 4126 1405 4196 inquienS,
1444 4126 1577 4196 quod
1615 4127 1803 4179 facturi
1843 4128 1987 4196 estiS,
2039 4126 2180 4196 prius
2217 4141 2369 4196 quam
2405 4124 2501 4177 hoc
2541 4140 2651 4177 sen·

411 4207 562 4277 tiant,
602 4207 690 4277 qui
724 4221 811 4259 ms
843 4206 1216 4262 custodiebant.
1290 4209 1359 4260 At
1409 4205 1481 4260 illi
1519 4206 1762 4261 tollentes
1800 4207 2055 4261 duxerunt
2108 4220 2223 4259 eum
2259 4206 2311 4258 in
2349 4204 2529 4272 locum,
2568 4205 2654 4274 qui

413 4287 597 4342 dicitur
633 4286 861 4352 Bucolia,
901 4286 984 4342 ubi
1022 4291 1076 4341 et
1112 4290 1321 4341 sanctus
1359 4287 1563 4341 Marcus
1599 4288 1906 4357 martyrium
1945 4303 2037 4356 pro
2065 4285 2271 4340 Christo
2297 4285 2525 4354 suscepit
2551 4292 2652 4339 ete.

413 4368 582 4440 (Apud
620 4368 810 4437 Migne,
847 4367 989 4422 Patr.
1027 4384 1108 4437 gr.
1146 4371 1186 4421 t.
1227 4368 1311 4436 18,
1349 4383 1434 4437 pp.
1459 4368 1787 4435 458-460).
1849 4367 2009 4433 Quem
2047 4367 2261 4421 eundem
2298 4365 2653 4435 gloriosissimi

414 4449 660 4521 martyris
696 4448 1009 4519 triumphum
1046 4449 1257 4518 egregie
1296 4448 1528 4518 expinxit
1564 4448 1892 4515 Macaire,
1931 4447 2202 4513 Histoire,
2239 4463 2322 4518 pp.
2352 4447 2581 4502 'lo—72.
