3514 5391
801 553 1042 622 Κυριακὴ
1081 558 1183 606 τοῦ
1226 552 1443 622 Πάσχα.
1501 554 1769 609 Dominica
1806 555 2234 609 ResurrectioniS.
2538 557 2574 611 3¹

566 754 874 819 Nationes
946 753 1279 836 pleraeque
1346 773 1572 817 nomen
1639 753 1887 818 Pascha
1952 753 2375 829 retinuerunt,
2448 755 2574 818 ind(

391 853 679 937 propriae
728 853 975 938 linguae
1008 853 1567 917 accommodatum.
1646 852 1762 928 Ita,
1814 851 1948 916 aliis
1982 852 2248 928 omissiS,
2298 851 2359 916 H
2374 853 2574 936 ispa]

390 951 599 1015 dicunt
634 951 907 1029 Pascua,
953 948 1147 1014 Itali
1181 950 1455 1035 Pasqua,
1506 949 1701 1016 Galli
1737 951 1966 1034 Hique,
2007 949 2070 1014 N
2081 950 2359 1034 orwegi
2385 951 2574 1014 ΡᾶεῙιὲ

391 1048 587 1113 Dani
638 1049 909 1113 Pactake.
1004 1048 1162 1113 Sunt
1190 1053 1398 1113 tamen
1431 1049 1637 1125 etiam,
1670 1050 1794 1132 ‚qui
1824 1049 2074 1132 propria
2097 1054 2350 1113 utantur
2382 1061 2574 1115 nome:

389 1146 639 1225 elatura,
693 1148 774 1213 ab
804 1147 1101 1213 hebraica
1145 1145 1250 1211 illa
1293 1165 1549 1230 prorsus
1583 1146 1813 1223 aliena3
1865 1166 2055 1230 quare
2087 1151 2148 1211 et
2171 1148 2249 1212 de
2275 1146 2392 1212 hac
2424 1167 2574 1230 pauc

387 1250 477 1311 est
523 1266 637 1330 pro
688 1246 1046 1330 scriptionis
1092 1246 1329 1310 ratione
1378 1244 1836 1318 disserendum.

566 1371 838 1451 Ostern,
904 1359 1105 1454 angl.
1156 1370 1410 1435 Easter.
1473 1406 1556 1416 —
1619 1370 1876 1435 Notatio
1926 1371 2208 1435 vocabuli
2257 1370 2403 1435 olim
2460 1372 2574 1437 val«

384 1469 622 1535 incerta
671 1473 808 1534 erat
870 1469 1032 1552 apud
1082 1467 1494 1553 etymologoS.
1589 1468 1785 1533 Juxta
1822 1479 1996 1533 ven.
2047 1462 2334 1534 Bedam'
2386 1472 2571 1554 quide

384 1568 716 1651 appellatio
780 1567 923 1631 inde
986 1567 1185 1643 venit,
1253 1567 1420 1649 quod
1467 1559 1734 1631 Pascha
1764 1587 1836 1631 eo
1886 1573 2164 1651 tempore
2214 1573 2449 1653 agatur,
2517 1590 2574 1653 ql

383 1668 608 1732 festum
627 1667 881 1745 Eostre,
903 1664 1047 1730 idoli
1068 1665 1547 1743 Germanorum,
1574 1665 1871 1730 celebrari
1891 1667 2332 1731 consuevisset.
2377 1668 2574 1732 Eostu

382 1767 667 1845 monath,
736 1765 939 1848 inquit
968 1763 1049 1849 ¹),
1120 1765 1229 1848 qui
1284 1786 1451 1827 nuno
1484 1764 1820 1850 paschalia
1865 1765 2095 1828 mensis
2156 1766 2574 1851 interpretatu

381 1865 700 1950 quondam
752 1887 795 1928 a
841 1863 964 1926 dea
1006 1859 1283 1944 illorum,
1331 1868 1492 1948 quae
1542 1862 1767 1926 Eostre
1814 1860 2158 1927 vocabatur
2205 1873 2262 1926 et
2290 1866 2391 1927 cui
2421 1866 2492 1927 in
2522 1863 2574 1927 il

369 1964 544 2049 festa
609 1960 1055 2043 celebrabant,
1118 1982 1340 2024 nomen
1399 1960 1666 2043 habuit‚.
1716 1984 1759 2024 a
1805 1964 1980 2049 cujus
2025 1963 2273 2030 nomine
2317 1985 2483 2026 nunc
2518 1987 2569 2049 p

382 2061 578 2127 sehale
639 2072 889 2147 tempus
934 2060 1395 2143 cognominant,
1464 2070 1754 2123 consueto
1820 2060 2120 2145 antiquae
2183 2060 2574 2125 observation

379 2160 681 2225 vocabulo
755 2158 1001 2243 qaudia
1062 2167 1264 2222 novae
1339 2154 1761 2221 solemnitatis
1826 2169 2105 2223 vocante.
2217 2163 2338 2225 Ast
2403 2161 2574 2244 prim*

380 2258 697 2323 Saxonum
747 2256 967 2322 fideles
1031 2254 1299 2321 voluisse
1365 2259 1491 2320 tam
1556 2276 1771 2321 sacrae
1833 2256 2208 2322 solemnitati
2270 2278 2495 2323 nomen
2559 2279 2574 2322 ε

379 2356 534 2421 idolo
585 2376 828 2433 creare,
877 2356 939 2419 id
986 2354 1322 2420 verisimile
1368 2375 1492 2419 non
1542 2355 1982 2421 existimabant
2032 2355 2150 2421 alii.
2247 2355 2443 2421 Erant
2488 2377 2574 2442 erg

378 2456 601 2539 quibus
650 2474 885 2519 nomen
944 2453 1171 2518 Ostern
1230 2455 1666 2519 deducendum
1731 2455 2044 2520 videretur
2090 2456 2167 2520 ab
2217 2456 2475 2534 oriente,
2539 2477 2574 2521 v

376 2552 741 2637 germanico
798 2552 1007 2631 osten,
1073 2552 1237 2617 idem
1286 2552 1416 2616 sere
1464 2553 1853 2637 significante
1878 2553 1961 2637 ²)..
2054 2553 2369 2633 osterum,
2432 2554 2574 2637 inqu

381 2650 799 2717 Honorius
847 2650 1663 2736 AugustodunensiS‚
1714 2649 2186 2717 Sacramentar.
2228 2672 2279 2718 c..
2308 2652 2393 2717 42
2420 2651 2489 2737 ³),
2542 2652 2574 2715 d

379 2752 537 2815 citur
600 2749 685 2814 ab
738 2752 1001 2829 oriente,
1066 2751 1219 2835 quia
1280 2751 1439 2814 sicut
1484 2749 1578 2813 ibi
1638 2749 1735 2814 sol
1783 2752 2001 2836 aui-qit,
2067 2752 2137 2814 in
2185 2773 2408 2815 occasu
2453 2773 2574 2835 qua

376 2853 686 2914 moritur:
732 2849 833 2911 ita
876 2848 973 2911 hic
1021 2846 1135 2911 Sol
1164 2849 1486 2936 justitiae,
1535 2850 1644 2933 qui
1690 2861 1783 2913 est
1837 2847 2142 2928 Christus,
2190 2850 2299 2934 qui
2343 2836 2413 2912 ἰη
2440 2872 2574 2912 mor

378 2971 667 3018 occasum
716 2946 941 3026 subiit,
1003 2947 1099 3011 hic
1146 2948 1444 3013 surremit.
1538 2948 1699 3013 Huic
1767 2949 2111 3013 sententiae
2180 2967 2274 3013 ex.
2319 2948 2574 3012 modern

380 3051 438 3111 et
482 3045 865 3130 Adelung
928 3045 1228 3123 accessit,
1298 3047 1461 3129 quod
1531 3047 1963 3130 germanicum
2035 3047 2225 3110 Oeten
2287 3047 2574 3132 generati*

380 3148 581 3209 ortum
633 3149 826 3228 atque
873 3143 1117 3208 initium
1166 3143 1522 3227 significare
1571 3149 1835 3227 putaret.
1931 3145 2155 3228 Neque
2201 3146 2476 3222 deerant,
2528 3165 2574 3229 q⁴

381 3248 632 3327 etymon
699 3243 778 3307 ab
826 3243 1035 3306 hostia
1097 3241 1405 3320 facerent,
1474 3262 1633 3326 quae
1682 3262 1798 3307 vox
1847 3243 2188 3327 hodieque,
2259 3243 2574 3327 aspiratim

380 3342 627 3419 omissa,
700 3362 738 3405 a
785 3339 1065 3424 pluribus
1114 3341 1280 3404 ostia
1325 3342 1778 3424 pronuntiatur.
1873 3341 1999 3405 Alii
2062 3341 2138 3405 ab
2188 3342 2347 3405 ostio
2396 3347 2570 3425 repet

379 3438 546 3517 bant,
599 3440 773 3524 quod
821 3438 1069 3503 Pascha
1113 3438 1355 3505 initium
1405 3440 1547 3504 anni
1596 3439 1690 3504 vel
1741 3440 1927 3505 etiam
1968 3439 2367 3506 clarescentis
2396 3439 2574 3525 glori&

383 3536 612 3602 Christi
660 3536 987 3603 exordium
1033 3536 1238 3602 fuerit.
1316 3536 1442 3603 Alii
1490 3539 1680 3602 immo
1729 3538 2035 3623 originem
2066 3540 2491 3624 germanicam
2522 3561 2574 3603 n«

384 3636 562 3701 minis
611 3640 988 3721 quaerentes
1045 3635 1271 3699 Ostern
1334 3635 1697 3720 simpliciter
1756 3638 2092 3701 formatam
2140 3637 2501 3702 asserebant
2558 3658 2574 3700 ι

386 3734 659 3800 obsoleto
719 3733 1023 3815 Urstc‘tnd‚
1092 3735 1258 3818 quod
1306 3734 1696 3820 significandi
1759 3739 2066 3818 potestate
2116 3755 2238 3799 non
2286 3734 2493 3801 differt
2555 3757 2574 3799 a

386 3833 605 3897 usitato
657 3832 1143 3919 Auferatehuny,
1191 3834 1586 3917 transpositis
1633 3834 1846 3910 literis,
1898 3835 1975 3898 ad
2024 3854 2212 3918 quam
2260 3833 2574 3899 metathesi

387 3928 698 3995 literarum
748 3931 816 3995 in
860 3930 1177 3996 vocabulis
1223 3931 1401 3997 litera
1449 3933 1669 3997 canina
1705 3954 1737 3996 1·
1787 3931 2022 3998 affectis
2069 3933 2290 4017 vulgus
2322 3953 2458 3997 esse
2489 3953 2574 4017 pr«

561 4196 606 4264 ³)
653 4198 769 4263 Ost,
811 4198 972 4252 Osten
1012 4198 1282 4252 Germanis
1320 4203 1402 4252 est
1436 4199 1640 4266 orienS,
1677 4200 1726 4253 h.
1757 4216 1820 4268 e.,
1860 4216 1923 4253 ea
1960 4215 2080 4268 pars
2120 4199 2264 4265 coeli,
2304 4215 2403 4268 qua
2430 4199 2504 4251 sol
2532 4215 2574 4251 οι

387 4283 483 4331 tur.
544 4278 746 4332 Oriens
782 4281 958 4331 autem
995 4278 1247 4332 translate
1286 4280 1505 4334 sumitur
1542 4297 1633 4349 pro
1672 4296 1905 4346 aurora,
1943 4296 2033 4333 seu
2069 4296 2161 4349 pro
2199 4279 2342 4345 hora,
2381 4289 2480 4348 qua
2518 4279 2569 4331 ill

387 4358 564 4412 minari
601 4373 792 4411 aurora
830 4358 1028 4411 oriente
1066 4359 1273 4428 inoIpit,
1323 4360 1447 4414 item
1496 4377 1587 4429 pro
1626 4366 1859 4430 tempore
1907 4359 2266 4413 reviviscentis
2317 4374 2379 4411 ac
2424 4359 2574 4412 reflor

391 4440 576 4493 scentia
613 4441 856 4503 naturae,
895 4437 948 4490 in
983 4438 1112 4507 quod
1152 4440 1340 4494 festum
1376 4440 1648 4495 Paschatis
1686 4441 1882 4495 incidit.

564 4516 609 4587 ⁸)
648 4517 800 4590 Apud
841 4516 1031 4588 Migne,
1068 4517 1207 4575 Patr.
1250 4519 1288 4573 1.
1324 4523 1364 4574 t.
1405 4521 1527 4588 172,
1567 4537 1616 4593 p.
1655 4521 1777 4575 769.
