3514 5391
467 710 746 797 δυσχερὲς
813 711 1084 790 πάντας·
1123 714 1274 791 τοῦς
1335 713 1519 797 ἁμιλ-

464 808 769 893 λωμένους
846 816 1058 899 νικᾷν,
1138 811 1341 896 μόνου
1406 818 1523 877 τοῦ

464 909 1069 993 προκαταλαβόντος
1121 909 1236 976 τὸν
1280 909 1522 1000 στέφα-

465 1030 556 1071 νον
616 1002 943 1093 αἴροντος·
1006 1007 1041 1072 ὁ
1098 1008 1169 1074 δὲ
1227 1007 1524 1097 ἡμέτερος

462 1104 868 1195 ἀγωνοθέτης·
908 1112 1072 1173 πᾶσι
1104 1112 1244 1186 τοῖς
1287 1109 1522 1191 βουλο-

462 1202 669 1287 μένοις
700 1202 938 1295 ἐπίσης
957 1203 1350 1290 μεταδίδωσι
1379 1205 1522 1272 κατ’

462 1298 751 1385 ἐξουσίαν
798 1299 1236 1394 ἐμφορεῖσθαι
1280 1311 1393 1395 τῆς
1439 1300 1520 1370 νί-

460 1427 580 1492 κης·
647 1402 760 1469 καὶ
812 1400 1043 1493 τίθησι
1102 1404 1219 1493 μὲν
1274 1401 1522 1489 ἑκάστῳ

459 1500 761 1588 καθάπερ
808 1502 1187 1591 τέθριππον
1231 1502 1404 1592 ἅρμα
1445 1503 1522 1568 τὸ

458 1605 639 1684 σῶμα
684 1599 867 1666 τουτὶ
927 1600 1003 1667 τὸ
1047 1602 1520 1691 τετράστοιχον,

456 1693 864 1787 ἐφίστασθαι
909 1700 1161 1766 κελεύει’
1190 1700 1304 1767 τὸν
1348 1702 1523 1785 λογι-

456 1797 614 1881 σμὸν
661 1795 887 1883 ὥσπερ
931 1793 1204 1888 ἡνίοχον·
1261 1798 1405 1866 ἀντὶ
1451 1797 1525 1864 δὲ

451 1894 763 1980 μάστιγος
812 1896 928 1986 τὴν
973 1893 1333 1988 συνείδησιν
1378 1897 1525 1965 ἑκά-

452 2015 609 2060 στου
649 1991 766 2060 gni
797 2000 939 2074 τοῖς
968 1997 1527 2086 πλημμεληθεῖσιν

453 2088 862 2176 αἰκίζουσαν,
928 2093 1039 2176 ,ὥς
1107 2095 1179 2180 δὲ
1245 2096 1524 2178 χαλινόν,

450 2191 564 2281 τὴν
587 2188 985 2280 ἐγκράτειαν·
1006 2191 1431 2282 προομαλλζει
1456 2194 1526 2260 δὲ

450 2291 557 2356 καὶ
624 2291 705 2357 τὸ
771 2292 1041 2358 στάδιον
1104 2293 1213 2360 διὰ
1275 2294 1351 2361 τὸ
1415 2299 1527 2383 τῆς

454 2389 715 2480 ἐντολῆς
799 2389 1058 2477 ῥᾴδιον,
1150 2389 1526 2482 εὗστίβητον

448 2490 962 2576 παρασκευάζων
991 2496 1107 2555 τοῦ
1136 2490 1528 2580 διφρηλάτου

448 2587 561 2651 τὸν
622 2585 893 2674 δρόμον·
957 2587 1118 2653 α’λλὰ
1175 2586 1275 2668 τίς
1337 2589 1372 2678 ἡ
1417 2597 1531 2677 τῆς

448 2683 673 2776 α’ρετῆς
699 2681 987 2770 εὐκολία,
1021 2687 1526 2777 κατανοήσωμεν.

1104 517 1259 571 Festa
1297 517 1503 572 mobilia
1541 518 1592 570 in
1630 517 2054 586 Quadi-agesima.
2630 518 2696 571 73

1633 715 1811 798 quasi
1858 714 2218 779 circularem
2270 735 2517 780 cursum
2558 736 2695 779 cur-

1634 832 1770 877 rere
1796 812 2072 877 studiose
2095 812 2543 878 contendimus,
2576 812 2697 877 Ve-

1634 931 1774 975 rum
1839 912 1902 976 in
1959 911 2119 976 ludis
2168 911 2560 995 equestribus
2620 913 2695 975 ab

1633 1010 1923 1075 omnibus
1989 1009 2237 1074 athletis
2302 1010 2554 1075 victoria
2600 1029 2696 1074 re-

1631 1109 1864 1193 portari
1915 1129 2036 1173 non
2085 1113 2308 1191 potest,
2362 1128 2505 1173 cum
2539 1128 2697 1172 unus

1635 1207 1840 1283 mod0,
1883 1206 1990 1290 qui
2017 1207 2277 1271 caeteris
2311 1226 2494 1272 cursu
2526 1213 2696 1273 ante-

1633 1306 1912 1381 cesserit,
1965 1324 2197 1370 corona
2242 1305 2538 1383 donetur;
2588 1327 2699 1372 no-

1632 1410 1762 1470 ster
1808 1423 1954 1469 vero
2003 1405 2382 1490 agonotheta
2410 1404 2699 1469 omnibus

1631 1502 1979 1568 volentibus
2027 1524 2140 1587 pro
2176 1522 2290 1568 sua
2336 1503 2559 1587 cuique
2607 1503 2698 1567 fa-

1633 1601 1861 1666 cultate
1908 1600 2249 1686 aequaliter
2293 1602 2550 1667 victoria
2589 1601 2696 1665 ab-

1631 1700 1797 1789 unde
1815 1701 1997 1785 potiri
2015 1701 2328 1779 concedit3
2361 1705 2422 1766 et
2439 1700 2700 1786 singulis

1633 1798 1887 1882 quidem
1909 1818 2134 1882 corpus
2156 1819 2228 1864 ex
2253 1803 2516 1882 quatuor
2531 1818 2700 1863 coni-

1635 1898 1902 1981 positum
1919 1895 2444 1981 elementiS‚quasi
2456 1897 2701 1981 quadri-

1627 1995 1853 2080 jugum
1902 1996 2118 2061 statuit
2174 2013 2458 2069 currum,
2523 1996 2701 2079 eique

1637 2093 1938 2158 rationem
1987 2094 2182 2158 instar
2228 2093 2481 2180 aurigae
2523 2114 2702 2177 prae-

1637 2211 1775 2256 esse
1814 2191 2012 2275 jubet‚
2062 2191 2334 2256 senticae
2376 2191 2514 2256 loeo
2562 2211 2703 2257 con·

1635 2290 1980 2367 scientiam,
2016 2308 2174 2372 quae
2196 2309 2704 2373 unumquemque

1636 2408 1746 2473 pro
1764 2388 2110 2454 malefactis
2127 2388 2422 2466 stimulat,
2440 2408 2508 2453 ac
2530 2387 2703 2453 deni-

1637 2508 1759 2571 que
1820 2486 1976 2552 freni
2056 2487 2188 2552 vice
2263 2486 2704 2552 continentiam

1639 2605 1777 2650 esse
1842 2585 2052 2651 voluit.
2148 2585 2454 2669 Explanat
2522 2604 2704 2668 porro

1639 2684 1907 2749 stadium
1926 2682 2218 2749 facilitate
2236 2684 2548 2768 praecepti
2569 2705 2705 2749 cur-

1640 2803 1904 2865 sumque
1933 2783 2334 2868 gubernatori
2360 2803 2578 2847 currus
2602 2802 2704 2847 ex-

1640 2880 1914 2965 peditum
1947 2883 2179 2958 reddit;
2222 2882 2331 2946 sed
2362 2901 2520 2964 quae
2553 2881 2706 2946 haec

1641 2979 1904 3044 facilitas
1922 2980 2162 3044 virtutis
2181 2980 2280 3057 sit,
2320 2979 2704 3065 indagemus,
