3514 5391
838 524 906 577 9⁸
1485 523 1642 578 Festa
1681 524 1885 579 mobilia
1927 524 1975 578 in
2014 522 2436 595 Quadragesima.

833 719 1052 787 δειαν.-
1114 719 1423 805 .Τοῖτο,δ’
1447 720 1695 787 ἐκέλευε
1740 721 1906 787 κατὰ

837 818 950 905 τὴν
994 818 1268 906 μεγάλην
1294 823 1407 908 τῆς
1436 817 1728 908 νηστείας
1754 818 1906 906 ἦμέ-

833 940 955 1000 ραν
979 919 1051 1003 1)·
1126 915 1165 981 ὅ
1213 915 1302 1005 ’δὴ
1359 915 1467 982 καὶ
1530 915 1600 999 ἐξ
1662 913 1909 982 ἐκείνου

842 1014 874 1102 ἡ
921 1010 1253 1104 Ἐκκλησία
1305 1015 1421 1104 τὴν
1461 1015 1708 1135 μνήμην
1754 1014 1909 1082 ἅνα-

839 1112 1137 1202 νεουμένη
1181 1119 1297 1179 τοῦ
1323 1113 1800 1203 πεπραγμένου,
1845 1114 1912 1192 ἐς

838 1212 1022 1298 δεῦρο
1069 1211 1341 1298 πράττει
1371 1208 1908 1302 πανηγυρίζουσα.

846 1309 1184 1395 Θεόδωρος
1229 1309 1289 1375 δ’
1335 1303 1526 1390 οὗτος
1570 1305 1662 1406 ἦν,
1723 1311 1796 1389 ὅς
1840 1311 1911 1378 ἐκ

839 1415 954 1475 τοῦ
1001 1416 1365 1531 Τηρωνικοῦ
1408 1411 1732 1495 τάγματος
1785 1409 1910 1498 Τή-

838 1533 966 1591 ρων
993 1507 1355 1593 ωνόμαστο·
1403 1507 1512 1573 καὶ
1547 1506 1661 1574 ἐπὶ
1686 1511 1910 1590 Μαξι·

838 1603 1025 1691 μίνου
1080 1606 1155 1671 τὸ
1215 1610 1330 1671 ‘coz‘
1375 1602 1723 1693 μαρτυρίου
1770 1605 1908 1694 διή-

1992 724 2284 807 'inopiam
2335 723 2700 789 solarentur.

2807 723 2880 788 Id
2935 743 3082 789 vero

2016 841 2244 907 magno
2268 821 2487 905 Jejunii
2519 823 2618 887 die
2651 827 3081 906 praeceptum:

2019 939 2093 984 ex
2123 938 2195 984 eo
2226 924 2508 1004 tempore
2539 920 2688 986 sacti
2717 920 3085 985 memoriam

2019 1037 2322 1083 renovans
2346 1018 2647 1094 Ecclesia,
2681 1023 2743 1084 et
2775 1016 3085 1084 celebrem

2020 1136 2212 1203 agens
2244 1123 2636 1194 conventum,
2677 1117 2754 1182 ad
2782 1116 2948 1184 hunc
2980 1135 3087 1180 us·

2021 1234 2141 1299 que
2165 1216 2333 1283 diem
2353 1216 2659 1281 observat.
2721 1214 3087 1280 Theodorus

2019 1319 2227 1380 autem
2273 1316 2391 1379 iste
2440 1320 2566 1392 est,
2632 1314 2736 1398 qui
2793 1334 2868 1380 ex
2914 1312 3089 1378 Tiro-

2017 1433 2165 1477 num
2249 1413 2464 1477 ordine
2537 1412 2795 1476 Tironis
2859 1430 3088 1477 nomen

2018 1511 2259 1595 accepit
2277 1511 2329 1595 ²)
2378 1517 2440 1576 et
2485 1512 2601 1576 sub
2623 1510 2964 1577 Maximino
3010 1509 3089 1573 ad

2018 1610 2231 1695 ignem
2255 1629 2537 1674 voracem
2566 1610 2915 1686 damnatam,
2940 1628 3090 1673 cur-

839 1726 989 1771 νυσε
1034 1703 1301 1771 στάδιον
1348 1704 1567 1790 λάβρῳ
1614 1703 1910 1791 παραδο-

841 1803 988 1881 θεὶς
1030 1808 1124 1888 τῷ
1168 1800 1344 1887 πυρί.

2020 1727 2160 1772 sum
2208 1727 2387 1771 suum
2449 1708 2514 1772 in
2561 1707 2841 1791 martyrii
2888 1707 3089 1771 stadio

2020 1804 2280 1889 pulchre
2344 1806 2585 1891 peregit
2661 1805 2789 1888 (die
2854 1804 3091 1871 scilicet

2024 1903 2123 1967 17.
2173 1902 2520 1979 Februarii,
2570 1902 2713 1968 anni
2760 1901 2943 1985 306).

1020 2012 1122 2077 Sic
1169 2013 1360 2097 igitur
1408 2011 1650 2088 Graeci,
1700 2010 1854 2074 tanti
1904 2010 2189 2074 beneficii
2239 2030 2568 2088 memoreS‚
2616 2008 2739 2075 hoc
2772 2011 2979 2094 primo
2996 2009 3091 2094 je-

833 2111 1150 2193 juniorum
1197 2110 1456 2175 sabbato
1503 2108 1773 2195 insiynis
1819 2108 2122 2171 victoriae
2168 2109 2441 2193 martyri
2491 2107 2839 2186 TheodorO,
2901 2108 3094 2175 verba

844 2213 990 2272 sunt
1035 2207 1346 2273 Nectarii.
1412 2205 1618 2271 hilare
1667 2229 1743 2270 ac
1789 2203 2378 2291 splendidissimum
2407 2206 2655 2291 fectum
2701 2207 2826 2292 (τῷ
2870 2205 3096 2269 καλλι-

844 2297 996 2389 νίκῳ
1039 2302 1313 2390 μάρτυρι
1366 2302 1682 2388 Θεοδώρῳ
1730 2299 1954 2391 ἑορτὴν
1998 2302 2281 2389 ᾳαιδράν
2326 2325 2396 2367 τε
2442 2303 2551 2367 καὶ
2597 2300 3094 2390 ὑπέρλαμπρον)

843 2402 1161 2469 celebrant
1187 2423 1327 2467 cum
1359 2402 1618 2468 solemni
1650 2401 2034 2487 collyborum
2076 2406 2392 2489 apparatu,
2442 2423 2626 2467 omne
2657 2423 2858 2488 genus
2886 2403 3094 2488 operis

844 2502 1103 2586 pistorii,
1155 2521 1377 2586 panem
1428 2500 1816 2578 dulciarium,
1866 2500 2183 2585 placentas
2232 2500 2493 2566 mellitas
2518 2499 2570 2582 ⁸)
2619 2501 2895 2585 aliosque
2952 2520 3092 2585 pre-

1034 2721 1072 2786 ¹)
1112 2718 1170 2771 In
1207 2716 1398 2772 Triodii
1437 2718 1713 2787 synaxario
1751 2716 1998 2770 habetur:
2052 2715 2185 2766 κατεῖ
2238 2715 2335 2781 τήν
2380 2715 2597 2786 πρώτην
2635 2721 2744 2770 τῶν
2778 2717 2958 2787 ἁγίων
2995 2736 3090 2782 νη-

845 2797 1040 2852 στειῶν
1077 2797 1388 2867 ἑβδομάδα,
1439 2814 1592 2867 quam
1640 2798 1806 2867 ipsam
1832 2797 2074 2865 primam
2099 2796 2315 2865 jejunii
2351 2798 2684 2852 Graecorum
2735 2799 3091 2869 septimanam

845 2880 955 2933 dies
993 2880 1168 2954 festus!
1183 2879 1430 2949 martyris
1457 2894 1591 2932 anno
1609 2879 1716 2932 362
1755 2877 2098 2942 terminabat;
2136 2877 2371 2930 confecto
2390 2893 2607 2947 namque
2627 2876 3093 2944 calculoPaschali‚

845 2962 895 3014 in
933 2975 1118 3014 annum
1157 2961 1263 3014 362
1297 2960 1396 3013 hae
1431 2963 1587 3013 notae
1625 2958 2097 3028 chronographicae
2136 2963 2449 3026 congruunt:
2489 2958 2678 3029 Cyclus
2716 2959 2841 3013 solis
2868 2962 2918 3026 7,
2956 2959 3092 3013 ideo-

844 3056 941 3110 que
980 3040 1134 3094 litera
1171 3039 1487 3094 dominicalis
1525 3039 1565 3093 F
1606 3040 1716 3106 (De
1756 3044 2046 3109 computo
2085 3039 2540 3108 ecelesiast.-p.
2567 3040 2690 3106 84);
2729 3039 2922 3111 Cyclus
2941 3041 3091 3095 lunae

843 3122 952 3174 sive
989 3119 1246 3173 Numerus
1282 3136 1469 3173 aureus
1505 3120 1540 3173 2
1579 3120 1763 3185 (ibid.
1803 3135 1853 3189 p.
1892 3121 2012 3187 73);
2052 3123 2207 3189 atque
2246 3119 2361 3173 inde
2387 3118 2588 3178 Pascha
2611 3120 2699 3174 31.
2727 3119 2881 3174 Mart.
2922 3120 3092 3185 (ibid.

849 3218 931 3272 pp.
975 3201 1280 3268 109—110)
1321 3205 1375 3253 et
1411 3200 1681 3254 Dominica
1719 3200 1757 3254 Ι.
1787 3199 2224 3270 Quadragesimae
2263 3202 2348 3255 17.
2368 3199 2616 3254 Februar.
2672 3198 2748 3255 Eo
2773 3216 2908 3255 anno
2934 3200 3097 3271 igitur

844 3284 964 3344 σαβ.
1005 3278 1070 3329 α’.
1112 3282 1219 3331 τῶν
1256 3293 1403 3344 νηστ
1444 3284 1558 3333 erat
1597 3278 1921 3349 προεόρτιον
1959 3280 2118 3349 ipsius
2154 3279 2539 3333 anniversariae
2576 3280 2922 3335 solemnitatis
2960 3296 3095 3335 mar-

849 3360 995 3431 tyrii,
1035 3360 1169 3431 quod
1207 3359 1428 3414 Sanctus
1465 3360 1623 3414 subiit
1662 3363 1744 3415 17.
1784 3360 1936 3414 Febr.
1974 3376 2057 3414 an.
2095 3361 2218 3426 306,
2256 3357 2523 3413 Dominica
2558 3363 2651 3424 τῆς
2683 3356 2948 3430 ἅπόκρεω.

1028 3438 1072 3508 ⁹)
1113 3437 1270 3494 Addit
1305 3439 1878 3510 haecNicephorus,
1914 3457 1979 3494 ne
2017 3457 2130 3508 cum
2168 3439 2359 3494 Sancto
2389 3444 2568 3494 nostro
2593 3440 2730 3494 alter
2759 3440 3080 3495 marlotus

844 3520 1305 3590 ὁΣτρατηλιὲτης
1345 3521 1619 3576 Eucharta
1657 3526 1711 3574 et
1750 3522 1876 3589 ipse,
1915 3521 2281 3586 confundatur;
2321 3520 2404 3575 bic
2441 3521 2575 3575 enim
2614 3520 2727 3575 ideo
2752 3521 2976 3575 maxime
3002 3535 3098 3591 per

848 3620 910 3657 ea
949 3607 1181 3669 tempora
1219 3607 1334 3654 erat
1373 3606 1483 3655 toto
1522 3601 1732 3655 Oriente
1772 3601 2233 3667 celebratissimus,
2289 3600 2454 3670 quod,
2505 3617 2656 3671 quum
2694 3600 3094 3657 christianomm

848 3683 1004 3737 armis
1043 3698 1247 3752 semper
1285 3682 1501 3736 favisset
1537 3699 1565 3734 e
1605 3682 1763 3748 coe10,
1802 3683 2109 3751 praesertim
2132 3681 2346 3736 Joannis
2364 3679 2630 3735 Tzimiscis
2655 3685 2887 3750 tempore
2913 3687 3097 3737 tantae

848 3763 1155 3834 Scytharum
1193 3763 1245 3816 in
1283 3761 1512 3816 Graecos
1568 3762 1929 3832 praeliantium
1966 3762 2161 3831 stragis
2210 3766 2391 3815 auctor
2428 3760 2634 3825 fuisset,
2684 3765 2744 3814 ut
2780 3762 2826 3815 ei
2864 3762 3095 3831 gratiam

848 3861 940 3914 pro
979 3860 1073 3914 ope
1101 3844 1210 3897 lata
1235 3844 1493 3897 relaturus
1519 3842 1815 3910 TzimisceS‚
1855 3844 2060 3913 templo,
2100 3844 2152 3897 in
2177 3858 2277 3913 quo
2314 3843 2359 3895 is
2383 3842 2623 3896 humatus
2655 3845 2785 3907 erat,
2823 3842 3094 3898 destmcto

848 3924 984 3979 aliud
1021 3924 1432 3992 magnificentius
1470 3928 1793 3977 exstructum
1830 3923 2158 3992 amplissimis
2197 3921 2444 3976 reditibus
2482 3921 2749 3986 ditaverit,
2804 3927 2859 3976 et
2895 3923 3092 3986 urbem,

846 4003 1170 4058 Euchaneiae
1191 4004 1300 4056 sive
1314 4003 1603 4057 Encha’itae
1618 4004 1821 4058 nomine
1837 4019 2129 4072 suppresso,
2152 4001 2589 4071 Theodoropolim
2602 4003 2803 4057 vocarit
2817 4018 2954 4058 anno
2967 4004 3091 4059 971.

851 4085 1005 4139 Plura
1043 4085 1104 4138 de
1143 4101 1203 4138 eo
1242 4101 1269 4137 c
1309 4085 1452 4139 libris
1490 4086 1772 4155 Coptarum
1821 4102 1853 4138 a
1889 4085 2035 4139 nobis
2085 4089 2235 4138 eruta
2279 4084 2510 4137 invenies
2562 4083 2610 4135 in
2649 4083 2796 4136 Actis
2842 4083 3091 4138 litorariis

847 4165 1172 4234 Zee'tschrt'ft
1198 4167 1305 4234 fur
1341 4165 1490 4218 rath.
1535 4165 1836 4234 Theoloyie,
1875 4167 2031 4220 1880.
2072 4180 2154 4234 pp.
2194 4163 2491 4218 120—123.

1029 4249 1072 4310 ⁸)
1111 4244 1189 4297 Ex
1228 4244 1353 4313 ipsis
1389 4243 1485 4310 his,
1537 4260 1668 4314 quae
1707 4245 1788 4298 die
1827 4245 2143 4314 collyborum
2179 4244 2355 4298 multis
2406 4245 2457 4298 in
2495 4244 2621 4298 locis
2656 4243 2865 4313 erogari
2903 4243 3091 4309 solent,

846 4324 1069 4379 mellitis
1105 4324 1356 4394 placentis
1395 4324 1586 4380 inducti
1625 4325 1675 4377 in
1701 4341 1929 4378 errorem
1966 4324 2207 4378 videntur
2224 4325 2442 4394 Juvenes
2475 4324 2648 4378 clerici
2671 4323 3091 4379 Munkacsienses

847 4405 931 4457 rit.
971 4420 1078 4473 gn,
1132 4410 1188 4457 ut
1225 4404 1275 4456 in
1312 4403 1525 4473 egregio
1564 4420 1655 4457 suo
1693 4405 1935 4474 opusculo
1973 4405 2204 4475 populari
2243 4405 2291 4458 A
2323 4410 2445 4475 μῦν.
2484 4407 2654 4459 seer-t.
2690 4404 2840 4459 katte.
2877 4403 3089 4474 eyyledz

849 4484 1150 4553 tmepeineh·
1187 4484 1557 4540 firtelmeedse,
1595 4501 1643 4554 p.
1684 4486 1752 4538 59
1792 4484 1971 4552 (Eger,
2012 4487 2175 4554 1878)
2225 4484 2483 4548 κόλλυβα,
2535 4500 2664 4555 quae
2713 4501 2753 4539 S.
2792 4483 3088 4539 Theodorus
