3514 5391
1156 521 1371 583 Festum
1407 520 1486 583 Se.
1525 522 1706 583 Cordis
1744 521 1887 583 Jesu.
2538 524 2647 583 481

416 633 501 644 a—-u

740 637 849 645 ἦ-
882 640 893 645 -
918 636 1928 646 —---———-.---—-—-——-——---—------——--.
1945 637 2134 645 u-——m
2149 638 2202 644 ψ

412 724 600 791 tiones
647 725 878 791 Beatae
924 721 1308 809 Margaritae
1354 720 1594 791 Mariae
1641 720 1839 789 factas
1887 720 1998 790 ΒΕ.
2039 721 2258 791 Oordis
2305 723 2401 791 sui
2449 723 2647 791 culto·

410 820 573 886 ribus
617 820 1054 888 liberalissime
1103 824 1198 884 est
1245 817 1575 903 pollicitus,
1639 819 1943 904 angustiis
1989 819 2309 903 temporiS,
2372 820 2492 886 loci
2542 828 2647 887 aut

408 919 583 983 etiam
633 918 892 1001 alicujus
940 916 1240 982 ecclesiae
1288 917 1444 981 ritus
1492 936 1616 984 non
1664 915 1917 992 includi,
1968 918 2078 981 sed
2125 937 2271 983 vero
2320 918 2397 982 ad
2430 938 2646 983 omnes

407 1013 631 1082 Christi
690 1015 907 1082 fideles
954 1013 1248 1091 diffundi,
1313 1015 1417 1098 qui
1465 1015 1605 1078 haic
1653 1013 2071 1079 Sacrosancto
2129 1012 2326 1080 Cordi
2371 1015 2648 1080 debitam

402 1115 817 1178 reverentiam
875 1122 936 1175 et
985 1133 1259 1176 amorem
1304 1112 1600 1177 adhibere
1646 1110 1979 1179 voluerint.
2075 1112 2244 1194 Quae
2300 1115 2644 1199 gratiarum

404 1213 677 1293 praemia
735 1212 1029 1276 divinitus
1092 1214 1409 1295 proposita
1480 1212 1684 1277 verbis
1747 1232 1822 1276 ex
1883 1211 2255 1277 authenticis
2317 1213 2496 1277 Actis
2548 1233 2646 1279 as-

400 1310 663 1393 sumptis
711 1309 813 1374 hic
860 1310 1086 1374 iterum
1135 1308 1484 1375 declarasse
1531 1330 1655 1374 non
1703 1310 1816 1375 abs
1863 1330 1928 1374 re
1978 1310 2183 1375 fuerit.

570 1450 865 1525 Divinam
906 1452 1353 1526 promissionem
1393 1469 1533 1527 ergo
1582 1470 1656 1511 ex
1692 1453 2020 1527 archetypo
2058 1453 2277 1523 gallico
2314 1453 2506 1511 latine
2560 1453 2646 1510 sic

396 1529 707 1684 ffss‘fflgss
720 1533 1075 1682 Recepimus
1103 1534 1164 1592 in
1188 1550 1469 1607 processu
1495 1533 1979 1592 Beatificationis
2007 1533 2379 1605 Margaritae
2408 1534 2642 1592 Mariae

576 1718 829 1788 Spondeo
867 1735 961 1774 eos
996 1735 1183 1775 omnes
1196 1761 1214 1787 ,
1264 1722 1360 1789 qui
1393 1720 1492 1776 leoc
1526 1721 1734 1775 bonore
1775 1722 1882 1775 Cor
1931 1737 2107 1775 meum
2145 1723 2391 1792 afficient
2405 1763 2420 1786 ,
2466 1722 2642 1791 ipsias

393 1798 566 1853 dirius·
606 1799 807 1855 Gordia
841 1800 1055 1870 influxu
1093 1802 1401 1857 coelestium
1440 1802 1703 1857 donorum
1740 1803 1892 1872 copia
1921 1804 2057 1873 fore
2093 1804 2460 1858 cumulandos.

593 1905 672 1964 Ut
722 1923 864 1966 vero
916 1909 1185 1966 exactius
1239 1909 1419 1967 datae
1481 1910 1810 1983 sponsionis
1871 1910 2299 1984 plenitudinem
2357 1919 2645 1985 caperent

393 1984 639 2058 fideles,
692 2003 823 2046 eam
864 1987 1098 2047 divinus
1136 1987 1421 2048 Salvator
1457 1990 1586 2063 ipse
1624 1990 1965 2049 distinctius
2003 1989 2267 2050 famulae
2306 2009 2450 2051 suae
2489 1991 2645 2049 Mar-

394 2067 639 2138 garitae
678 2066 911 2127 Mariae
953 2071 1225 2142 exposuit
1260 2071 1352 2129 his
1389 2071 1622 2129 verbis:

581 2167 751 2234 Cura,
801 2171 863 2221 ut
895 2167 1031 2223 haec
1067 2168 1274 2224 devotio
1310 2170 1506 2239 ubique
1542 2170 1780 2224 locorum
1818 2170 2148 2236 innotescat,
2200 2188 2426 2240 eamque
2475 2171 2641 2226 homi-

391 2247 551 2301 nibus
589 2264 799 2302 summe
836 2249 1147 2304 commenda
1183 2253 1458 2321 tamquam
1496 2266 1601 2305 non
1639 2250 1796 2304 modo
1832 2253 2025 2317 tutum,
2061 2251 2161 2306 sed
2197 2253 2359 2306 etiam
2385 2269 2554 2307 suave
2591 2256 2647 2306 et

390 2327 681 2382 admodum
710 2329 888 2400 facile
923 2330 1158 2385 medium
1197 2347 1381 2385 cerum
1421 2332 1533 2386 Dei
1567 2347 1807 2385 amorem
1846 2333 2220 2401 consequendi.

574 2410 899 2465 Commendo
935 2413 1313 2468 sacerdotibus
1349 2415 1404 2467 et
1432 2412 1729 2483 reliqiosis‚
1765 2415 1826 2466 ut
1849 2412 1988 2466 ciam
2014 2414 2397 2479 certissimam,
2434 2430 2540 2484 qua
2570 2415 2645 2468 ad

389 2493 576 2545 status
612 2490 707 2545 sui
730 2494 1126 2563 petrectionem
1152 2494 1497 2563 perveniant.

570 2571 899 2627 Animarum
923 2574 1250 2644 pastoribus
1263 2614 1279 2640 ,
1327 2577 1389 2628 ut
1424 2575 1842 2629 instrumentum
1892 2574 2229 2644 aptissimum
2244 2615 2260 2640 ,
2317 2591 2419 2643 quo
2472 2575 2638 2630 corda

389 2651 552 2707 ειη-ἵε
591 2651 824 2709 duriora
862 2654 938 2710 ad
957 2655 1331 2725 poenitentiae
1366 2655 1630 2710 lacrimas
1667 2655 1962 2710 emolliant.

573 2732 858 2790 Fidelibus
893 2736 1158 2802 omnibus,
1193 2740 1255 2790 ut
1287 2736 1500 2791 modum
1526 2737 2093 2807 praestantissimum,
2130 2751 2233 2805 quo
2270 2736 2337 2790 de
2363 2736 2642 2791 indomitis

391 2813 572 2867 animi
605 2815 986 2884 affectionibus
1016 2817 1235 2885 plenum
1273 2816 1566 2870 dominium
1604 2820 1901 2886 reportent.

576 2893 826 2960 Quinimo
858 2911 1035 2966 penus
1070 2897 1357 2966 reli'qionis
1394 2898 1834 2968 efficacissimum
1874 2913 1996 2951 esse
2033 2896 2179 2960 doce,
2217 2912 2320 2966 quo
2352 2913 2468 2967 pax
2493 2897 2640 2950 inter

389 2973 725 3030 dissidentes
750 2976 1011 3047 familias
1044 2977 1285 3042 restitui,
1334 2994 1492 3032 amor
1528 2994 1662 3048 erqa
1703 2979 1795 3032 Me
1833 2994 1940 3047 qua
1979 2976 2368 3044 calidissimus,
2421 2994 2527 3047 qua
2565 2982 2638 3031 tc·-

388 3055 675 3110 nerrimus
712 3058 966 3123 accendi,
1012 3057 1244 3127 denique
1281 3062 1335 3113 et
1355 3060 1623 3128 perbreri
1654 3061 1895 3129 tempore
1942 3061 1996 3112 et
2031 3059 2248 3112 ratione
2285 3075 2444 3128 qaam
2474 3059 2640 3129 facil·

390 3134 520 3188 lime
558 3135 778 3190 virtutis
815 3154 958 3208 apex
995 3138 1233 3193 obtineri
1254 3140 1452 3209 possit.

571 3241 777 3302 Aliam
815 3245 1249 3304 revelationem
1301 3247 1415 3305 sibi
1464 3245 1689 3305 factam
1744 3246 1908 3305 hisce
1961 3247 2160 3305 verbis
2209 3247 2492 3320 scriptam
2547 3264 2638 3304 re-

391 3320 569 3394 liquit
605 3321 807 3381 Beata
844 3323 1181 3397 Margarita
1217 3326 1443 3385 Maria:

573 3423 1000 3480 Amantia-simus
1036 3426 1306 3480 Dominus
1353 3426 1492 3481 milei
1538 3428 1774 3496 aperuit,
1830 3443 2027 3497 cupere
2077 3445 2137 3480 se
2175 3426 2519 3481 vehementer
2569 3427 2638 3478 ab

393 3502 700 3557 hominibus
734 3503 1041 3572 redamari,
1078 3523 1243 3575 seque
1280 3508 1378 3562 hoc
1414 3507 1690 3561 desiderio
1728 3508 2021 3562 excitatum
2058 3507 2321 3560 statuisse
2350 3507 2456 3560 Gor
2479 3522 2636 3560 saum

394 3582 507 3637 illis
534 3585 902 3655 manifestare
924 3587 1169 3657 huncque
1194 3588 1515 3642 thesaurum
1542 3588 1751 3641 amoris
1788 3591 1841 3641 et
1864 3586 2279 3641 misericordiae
2298 3587 2636 3656 qratiarum·

395 3679 495 3732 que
532 3664 768 3719 omnium
806 3666 882 3720 ad
914 3668 1145 3722 salutem
1184 3671 1239 3722 et
1259 3668 1655 3740 perfectionem
1694 3668 2097 3722 conducentium
2136 3684 2399 3722 reserare
2424 3683 2486 3721 eo
2500 3670 2638 3738 fine,

396 3746 455 3795 ut
488 3747 743 3813 quotquot
775 3746 902 3802 huic
932 3749 1292 3804 Sacrosancto
1322 3750 1490 3804 Cordi
1523 3749 1757 3803 debitam
1795 3750 2160 3803 reverentiam
2197 3753 2251 3803 et
2274 3765 2514 3816 amorem
2542 3750 2635 3803 ad-

397 3824 584 3878 hibere
620 3827 834 3894 renent,
870 3827 1232 3900 infinitarum,
1267 3847 1407 3900 quas
1430 3830 1816 3901 complectitur,
1852 3831 2165 3885 divitiarum
2178 3829 2484 3900 participes
2519 3830 2637 3899 effi-

397 3909 650 3960 cerentur
664 3923 689 3974 ;
741 3910 1040 3979 affirmans
1063 3914 1365 3981 praeterea
1404 3913 1601 3968 cultum
1640 3912 1793 3966 illam
1819 3912 2158 3981 peculiarem
2202 3909 2370 3965 Cordi
2401 3926 2501 3964 suo
2547 3910 2635 3963 de-

397 3985 564 4040 latum
600 3988 709 4042 sibi
744 4004 867 4043 esse
915 3992 1342 4060 acceptissimam
1357 4009 1381 4060 ,·
1438 3996 1492 4047 et
1526 3993 1651 4047 hinc
1688 3992 1822 4046 aelle
1858 4008 1920 4046 se
1935 4033 1951 4058 ,
2001 3995 2062 4046 at
2096 3991 2275 4060 imaqo
2317 3991 2512 4045 Cordis
2547 3990 2640 4044 sai

398 4067 662 4123 coloribus
685 4085 953 4139 expressa
969 4071 1217 4141 fidelium
1244 4073 1413 4127 oculis
1424 4073 1616 4142 palam
1647 4075 2034 4141 exponeretur,
2059 4086 2160 4139 quo
2187 4071 2426 4124 emolliri
2448 4085 2633 4123 eorum

399 4146 629 4204 durities
675 4150 855 4218 specie
902 4153 1013 4205 tam
1051 4152 1278 4207 amabili
1299 4156 1524 4222 posset:
1568 4152 1837 4222 pollicens
1874 4152 2100 4221 insuper
2150 4168 2242 4206 eos
2279 4167 2492 4214 omnes,
2542 4150 2638 4218 qui

581 4327 619 4388 ¹)
659 4321 718 4376 In
755 4337 909 4392 opere
956 4320 1024 4374 de
1068 4322 1375 4376 rationibus
1414 4324 1690 4393 festorum
1742 4322 2030 4391 utriusque
2079 4321 2180 4374 SS.
2224 4320 2419 4373 Cordis
2469 4320 2634 4388 ipsum

401 4401 953 4537 ffimglardganssiwm
1005 4419 1118 4456 cum
1167 4404 1331 4457 latina
1369 4403 1797 4471 interpretatione
1847 4403 2183 4464 exhibuimu8‚
2237 4407 2274 4453 t.
2317 4404 2365 4466 1,
2407 4416 2488 4469 pp.
2528 4401 2637 4454 470

502 4484 534 4537 7
587 4498 599 4548 ς
640 4498 669 4536 e
706 4481 767 4535 it.
805 4516 819 4532 .
843 4522 857 4536 .

502 4572 746 4640 Nilus,
784 4567 1188 4639 Ἐορτολόγιον,
1227 4577 1300 4623 ΙΙ.
1350 4575 1491 4623 Edit.
1533 4590 1636 4624 sec.
2352 4571 2416 4623 31
