3514 5391
927 527 1035 589 516
1570 526 1731 589 Festa
1767 526 1978 589 mobilia
2012 538 2134 604 post
2168 525 2528 590 Pentecosten.

933 752 1159 815 nymus
1208 736 1695 818 congregaverat
1741 751 1903 796 anno
1950 731 2099 809 754,
2150 733 2441 816 quodque
2489 731 2823 816 septimam
2871 731 3136 817 synodum

930 831 1393 894 oecumenicam
1458 831 1665 894 vocari
1723 828 2026 911 jusserat,
2098 828 2206 894 ubi
2272 829 2593 894 decretum
2661 829 2894 894 factum
2958 832 3136 892 contra

930 948 1138 992 sacras
1185 927 1490 1012 imagines
1515 926 1588 1011 ¹),
1639 927 2038 1010 postmodum
2088 927 2450 992 damnatum
2500 932 2562 991 et
2607 927 2850 991 irritum
2899 924 3136 990 declara·

932 1030 1062 1091 tum
1116 1047 1151 1091 a
1199 1031 1410 1091 nostra
1456 1024 1575 1090 hac
1624 1045 1770 1090 vera
1819 1024 1956 1091 VII.
2008 1026 2243 1109 synodo
2292 1026 2714 1105 oecumenica,
2762 1026 3029 1091 Nicaena
3053 1023 3137 1099 11„

934 1126 996 1189 in
1046 1145 1171 1209 qua
1217 1129 1279 1188 et
1324 1123 1503 1189 multi
1551 1143 1626 1188 ex
1674 1123 1866 1208 lapsis
1915 1124 2226 1209 episcopis
2275 1124 2501 1190 erroris
2550 1126 2643 1190 sui
2670 1125 3041 1209 poenitentes
3061 1142 3139 1187 re-

933 1224 1128 1287 stituti
1178 1227 1241 1286 et
1288 1222 1541 1286 admissi
1589 1222 1899 1307 leguntur.

1109 1346 1456 1404 Hodiernae
1491 1345 1890 1404 solemnitatis
1919 1342 2195 1403 Officium
2236 1345 2561 1417 synaxario
2589 1351 2793 1416 caret„
2819 1350 3142 1418 quapropter

932 1444 1005 1485 ex
1043 1444 1086 1482 s,
1127 1424 1620 1499 Theophane,
1658 1424 1999 1483 Baronio
2039 1424 2291 1497 aliisque
2331 1426 2724 1498 scriptoribus
2761 1425 3003 1484 historia
3037 1421 3140 1495 peti

933 1508 1142 1577 debet;
1183 1506 1334 1579 quod
1373 1512 1577 1563 tamen
1616 1523 1729 1563 non
1772 1513 1867 1563 est
1903 1505 2499 1578 praesentis'operiS.
2575 1505 2728 1578 Ejus
2766 1507 2896 1565 loco
2929 1504 3142 1559 non‘tiane

928 1588 1269 1653 historicam,
1305 1587 1617 1657 liturffl'cam
1665 1591 1719 1641 et
1754 1587 2117 1656 doqmaticam
2165 1588 2397 1657 (γνῶσιν
2437 1586 2734 1657 ἱστορικὴν,
2788 1580 3144 1654 θρησκευτικὴτ

931 1671 1019 1718 καὶ
1051 1667 1420 1737 δογματικήν)
1459 1684 1533 1725 ex
1570 1666 2121 1739 Hemerologio
2162 1667 2722 1725 ecclesiastico
2758 1660 3143 1737 Ephemeridis

932 1745 1304 1806 CPolitanae
1341 1746 1595 1812 Ἀλήθεια
1649 1746 1827 1820 (quae
1880 1764 1917 1804 a
1952 1745 2320 1805 Patriarcha
2361 1745 2481 1805 GP.
2541 1753 2605 1806 et
2640 1745 2863 1819 synodo
2913 1743 3030 1816 eius
3064 1742 3145 1799 de·

933 1827 1171 1886 clarata
1208 1833 1301 1886 est
1344 1827 1785 1893 ἐκκλησιαστικὸν
1834 1830 1922 1879 καὶ
1961 1827 2481 1898 δημοσιογριιῳικὸν
2519 1825 2790 1897 ὄργανον)
2840 1824 3144 1883 exhibemus

935 1924 1008 1965 ex
1047 1924 1200 1965 anno
1241 1907 1398 1973 1880,
1438 1924 1493 1980 p.
1530 1908 1629 1964 26:
1683 1924 1834 1980 quae
1872 1923 1972 1965 res
2012 1907 2372 1965 academicis
2412 1906 2661 1977 nostris,
2711 1912 2780 1963 ut
2815 1921 2964 1964 nova
2997 1902 3145 1976 plane

935 1994 998 2044 et
1036 1987 1331 2058 hucusque
1362 1987 1558 2045 invisa
1586 1987 1839 2058 accidet,
1879 1987 1967 2045 ita
1997 1992 2163 2045 certe
2191 1994 2253 2045 et
2277 1988 2445 2045 utilis
2472 1993 2538 2045 et
2563 1991 2743 2059 grata
2770 1985 2901 2043 erit.
2955 1980 3147 2057 Quodsi

933 2083 1191 2138 graecae
1217 2067 1355 2124 huic
1386 2068 1795 2139 explanationi
1834 2084 1907 2125 ea
1935 2065 2339 2139 conferantur,
2379 2083 2530 2141 quae
2555 2084 2666 2141 per
2691 2066 3042 2124 occasionem
3075 2078 3147 2118 so-

932 2148 1309 2205 lemnitatum
1336 2164 1537 2205 eornm
1559 2147 1910 2206 Sanctorum
1932 2147 2062 2220 jam
2090 2148 2453 2221 scripsimnS,
2482 2149 2578 2220 qui
2607 2148 2713 2205 sub
2740 2146 2941 2204 Leone
2963 2144 3144 2203 Isaur'o

935 2233 997 2284 et
1035 2228 1317 2300 deinceps
1367 2244 1474 2300 pro
1528 2228 1691 2287 cultu
1742 2228 2062 2299 imaginum
2112 2245 2422 2286 sacrarum
2477 2227 2791 2285 retinendo
2829 2223 3145 2298 martyrium

934 2305 1210 2366 fecerunt
1224 2307 1288 2379 ²),
1329 2316 1641 2382 susceptae
1682 2309 2024 2381 scriptionis
2063 2309 2221 2367 ratio
2260 2309 2407 2367 nihil
2446 2309 2609 2367 ultra
2638 2307 2920 2381 requiret.
2959 2336 3016 2344 -
3052 2301 3149 2361 Est

938 2394 1134 2446 autem
1174 2388 1391 2445 notitia
1428 2388 1851 2461 Ephemeridis
1891 2388 2006 2447 GP.
2046 2389 2411 2462 hujusmodi:

1116 2476 1270 2529 Κατὰ
1309 2478 1408 2542 τήν
1448 2479 1730 2547 Κυριακῆν
1770 2477 1988 2544 ταύτην,
2028 2478 2143 2544 ἥτις
2180 2477 2286 2532 εῗνε
2325 2477 2357 2544 ἢ
2395 2477 2580 2550 πρώτη
2618 2478 2758 2547 ,ueni
2789 2476 2887 2544 τὴν
2913 2477 2980 2531 11
2993 2475 3149 2527 Ὀκτω-

872 2550 883 2559 '
932 2561 1092 2627 βρίου
1133 2559 1359 2611 τελεῖται
1400 2557 1428 2624 ἠ
1467 2558 1661 2629 μνήμη
1698 2564 1807 2612 τῶν
1844 2558 2021 2628 ἁγίων
2058 2560 2177 2614 350
2201 2562 2448 2630 πατέρων
2484 2562 2594 2611 τῶν
2633 2558 2731 2624 τήν
2754 2557 2837 2610 Z‘.
2876 2560 3148 2624 οἰκουμενι·

935 2637 1035 2705 κῆν
1073 2636 1317 2691 σύνοδον
1353 2639 1411 2691 ἐν
1452 2644 1649 2707 Νικαίᾳ
1689 2638 2196 2710 συγκροτησοίντων.

1113 2727 1179 2779 ‘H
1212 2728 1347 2796 ἁγία
1382 2732 1471 2781 καὶ
1509 2729 1858 2799 οἶκουμε-νικὴ
1897 2728 1979 2783 2¹.
2033 2728 2167 2795 αὕτη
2204 2728 2439 2788 σύνοδος
2476 2728 2851 2800 συνεκροτήθη
2885 2727 2942 2781 ἐν
2981 2725 3148 2787 Nezala

938 2812 1026 2873 τῆς
1068 2813 1338 2867 Βιθυνίας
1375 2809 1436 2861 τό
1480 2809 1562 2865 13'.
1601 2810 1733 2861 κατά
1773 2810 1877 2879 μὲν
1916 2813 2021 2868 Σπ.
2062 2811 2279 2863 Μίλιαν
2316 2809 2403 2880 (ἐν
2440 2810 2505 2882 τῇ
2531 2810 2769 2882 συλλογῇ
2793 2812 2901 2861 τῶν
2927 2802 3148 2860 συνόδων

937 2890 1062 2958 τόμ.
1103 2888 1198 2960 B')
1250 2891 1308 2943 ἐν
1344 2891 1447 2943 ἔτει
1492 2892 1634 2956 783,
1685 2891 1799 2941 κατ’
1837 2892 2034 2949 ἄλλους
2070 2890 2130 2943 δὲ
2167 2890 2227 2943 ἓν
2265 2891 2378 2945 788
2393 2931 2409 2956 ,
2465 2889 2601 2961 ὅπερ
2649 2893 2740 2942 καὶ
2787 2886 3148 2953 πιθανώτερον·

952 2970 1100 3021 Κιιτιὲ
1141 2970 1240 3023 τόν
1277 2970 1541 3024 διάκονον
1580 2971 1834 3036 Κατάνης
1872 2975 1980 3024 τῶν
2017 2973 2258 3025 Σικελῶν
2297 2969 2643 3042 Ἐπιφάνιον,
2697 2975 2917 3040 πατέρες
2949 2969 3005 3021 tr
3038 2963 3149 3034 αὐτῇ

1125 3207 1163 3270 ¹)
1205 3203 1377 3257 Verba
1414 3203 1678 3275 Horologii
1717 3205 1914 3259 rumeni
1952 3210 2074 3259 sunt
2111 3205 2241 3259 ista:
2281 3204 2700 3260 Insemnare.
2742 3202 2969 3258 Caele-se
3002 3217 3034 3253 a
3068 3195 3151 3260 sci,

939 3286 1000 3339 σὰ
1040 3284 1184 3354 dapa
1226 3284 1297 3337 11
1334 3284 1445 3338 due
1482 3285 1570 3339 ale
1607 3286 1813 3340 ace-etei
1845 3286 2000 3348 Ieme,
2050 3286 2106 3339 in
2146 3285 2461 3339 Dominec'a
2501 3301 2561 3338 ce
2596 3300 2748 3352 vene,
2794 3300 2857 3339 se
2891 3284 3043 3338 canta
3075 3293 3150 3331 m·-

937 3381 1130 3418 marea
1167 3365 1416 3418 santului
1449 3364 1643 3419 sinodu
1681 3366 1775 3419 alu
1812 3367 2071 3435 sieptelea
2111 3365 2416 3420 ecamenicu
2454 3364 2579 3418 dein
2619 3363 2831 3430 Nice’a,
2877 3361 3050 3418 cat-ele
3080 3356 3150 3411 s'o

940 3446 1183 3499 adunata
1210 3463 1244 3498 α
1271 3444 1430 3499 dou'a
1456 3461 1557 3499 ora
1586 3463 1716 3516 spne
1741 3446 2063 3517 Iapedarea,
2087 3449 2142 3500 st
2151 3462 2491 3516 persecarea
2518 3444 2964 3500 inretiatureloru
2994 3440 3150 3496 celon

938 3526 1406 3580 nedomnedieesci
1440 3527 1529 3581 ale
1567 3527 1748 3582 celorn
1789 3527 1995 3582 uritori
2029 3527 2096 3582 de
2138 3528 2422 3581 Chr-istosne
2460 3529 2515 3581 st
2549 3525 2848 3580 clecetitori
2881 3524 2960 3579 ali
2989 3519 3151 3578 cresti-

940 3606 1120 3660 m'loru
1159 3605 1424 3675 luptatori
1457 3606 1525 3660 de
1561 3607 1744 3660 icone:
1784 3609 1871 3661 ale
1908 3607 1990 3662 lui
2016 3607 2359 3677 Copronimu,
2395 3608 2452 3660 st
2471 3596 2566 3660 ale‘
2585 3606 2939 3676 episcopiloru
2967 3596 3156 3657 ticaloss’

940 3687 1063 3740 cari
1097 3703 1167 3740 αιι
1196 3689 1352 3757 fosta
1391 3686 1633 3741 intr-'unu
1672 3692 1861 3757 cuqetu
1900 3705 1963 3743 cu
1991 3688 2096 3753 ela,
2133 3691 2187 3742 st
2212 3688 2300 3741 ale
2324 3687 2710 3741 nesanttttloru
2749 3683 3023 3742 archierei
3033 3681 3150 3753 ford

939 3766 1008 3822 de
1045 3767 1182 3836 leqe,
1218 3769 1273 3820 st
1306 3768 1586 3836 spurcatei
1619 3769 1741 3822 loru
1781 3768 2039 3822 adunari.

1124 3846 1168 3914 ⁹)
1220 3848 1505 3902 Historiam
1557 3854 1732 3903 sectae
1782 3849 2213 3912 iconoclastarum
2263 3849 2432 3904 obiter
2482 3849 2753 3918 attigimus
2805 3853 2941 3903 tomo
2979 3850 3034 3914 1,
3081 3841 3150 3897 ubi

943 3945 1203 3982 sacrarum
1224 3929 1503 3998 imaginum
1523 3929 1715 3983 cultum
1741 3935 2028 4000 martyrum
2055 3931 2332 3984 multorum
2357 3929 2607 3999 sanguine
2633 3930 2982 3984 confirmatum
3006 3931 3150 3980 osten·

943 4009 1124 4075 dimuS,
1165 4014 1221 4062 ut
1259 4009 1309 4062 in
1346 4027 1425 4072 ss.
1462 4009 1735 4079 Stephano
1760 4011 1993 4079 juniore
2031 4014 2084 4064 et
2119 4010 2283 4065 sociis
2320 4011 2443 4080 ejus
2477 4009 2598 4063 342
2635 4011 2743 4079 (pp.
2768 4002 3150 4071 336—337)‚'in

942 4107 1016 4143 sa.
1044 4089 1319 4143 Theodoro
1344 4094 1397 4143 et
1421 4089 1740 4159 Theophane
1756 4092 2043 4161 fratribus
2070 4093 2175 4161 (pp.
2197 4093 2524 4160 368-369),
2550 4091 2603 4144 in
2627 4108 2674 4162 s.
2697 4090 2920 4145 Andrea
2946 4083 3148 4157 (p.303).

944 4169 995 4222 in
1020 4187 1064 4222 s.
1091 4168 1378 4238 Theophila
1410 4170 1476 4238 (p.
1505 4172 1651 4236 300).
1693 4170 1900 4241 ‚Eodem
1927 4173 2239 4238 referuntur,
2280 4187 2411 4242 quae
2437 4170 2797 4226 annotavimus
2823 4170 2883 4225 de
2905 4185 2978 4225 ss.
2996 4161 3148 4220 archi·

944 4249 1206 4319 episcopis
1247 4250 1354 4303 CP.
1398 4253 1671 4304 Germano
1712 4253 1817 4320 (pp.
1859 4253 2192 4318 mii—159),
2241 4251 2551 4322 Mcephoro
2590 4253 2661 4322 (p.
2704 4251 2859 4318 121),
2908 4241 3150 4304 ΜεΙΙιοᾶῖθ

946 4333 1051 4399 (pp.
1094 4331 1398 4396 182-183)
1440 4331 1602 4401 deque
1640 4333 1872 4401 pluribus
1911 4334 2026 4387 aliis
2065 4349 2135 4386 sS.
2175 4333 2570 4400 confessoribus,
2608 4333 2693 4403 qui
2730 4349 2823 4403 pro
2860 4330 3014 4385 sacris
3046 4327 3148 4379 imn-

948 4411 1149 4476 ginibus
1189 4415 1397 4464 strenue
1436 4412 1786 4468 decertarunt.
1859 4412 1970 4467 Nec
2010 4413 2111 4466 alio
2151 4418 2354 4482 spectat
2393 4413 2687 4482 explanatio
2724 4413 2846 4467 festi
2882 4414 2969 4476 τῆς
3002 4407 3146 4474 693⁰·

945 4491 1145 4552 δοξίιις.
1184 4508 1335 4559 quam
1373 4491 1602 4546 dedimus
1640 4498 1779 4546 tomo
1820 4495 1867 4560 1,
1907 4509 1956 4563 p.
1994 4496 2064 4548 98
2102 4499 2156 4548 et
2192 4494 2304 4548 heic
2341 4510 2426 4564 pp.
2467 4494 2570 4549 104
2608 4509 2747 4564 seqq.
