3514 5391
785 505 885 557 10⁸
1419 504 1578 558 Festa
1617 505 1823 559 mobilia
1862 505 1909 558 in
1949 504 2370 571 Quadi-agesima.

779 696 1030 788 ποίημα
1059 705 1175 765 τοῦ
1195 698 1377 785 ἁγίου
1401 701 1649 786 πατρὸς
1671 701 1847 784 ἐμῶν
1956 713 2176 767 auctor
2222 713 2313 767 est
2342 701 2407 767 S.
2440 703 2509 765 P.
2542 702 2627 769 N.
2663 701 3027 765 Theodorus

1249 804 1279 819 n

784 797 1120 887 Θεοδώρου
1165 823 1280 864 του
1332 794 1698 865 Στουδίτοι·.
1958 799 2217 866 Sindica
2245 802 2309 885 ¹).

959 943 1274 1010 Praesenti
1339 945 1438 1010 die
1504 947 1662 1011 festo
1710 946 1902 1031 igitur
1949 945 2125 1010 elatis
2188 947 2250 1010 in
2298 945 2565 1012 sublime
2612 946 2902 1011 crucibus
2962 950 3029 1011 et

780 1043 1144 1107 venerandis
1191 1044 1567 1129 imaginibus
1609 1045 1684 1108 ad
1721 1048 2019 1109 statutum
2053 1044 2256 1108 locum
2296 1046 2759 1128 processionem
2791 1044 3028 1109 habent

779 1136 1022 1208 Graeci.
1116 1142 1358 1207 Ibidem
1419 1142 1645 1228 legitur
1704 1140 1781 1205 τι)
1845 1139 2186 1206 συνοδικὸν
2244 1146 2355 1229 τῆς
2416 1136 2601 1221 ἁγίας
2658 1140 2767 1204 καὶ
2813 1135 3025 1205 οἰκου-

774 1244 1029 1326 neve-‘1539
1074 1235 1352 1326 ἑβδόμης
1398 1238 1670 1304 συνόδου
1726 1239 1889 1323 ὑπὲρ
1943 1244 2055 1326 τῆς
2114 1232 2544 1326 ὀρθοδοξιάς.·
2606 1261 2726 1324 quo
2776 1241 3026 1306 nominc

777 1358 918 1403 cum
967 1338 1233 1404 Decreto
1304 1340 1546 1404 concilii
1607 1340 1869 1405 Nicaeni
1917 1340 1997 1405 II.
2068 1341 2144 1405 de
2200 1360 2283 1404 ss.
2334 1340 2711 1425 imaginibus
2773 1339 3027 1422 plurimi

776 1436 1147 1524 Sanctorum
1193 1431 1589 1520 μακαρισμοί
1621 1437 2326 1522 haeresiarcharumque
2357 1430 2883 1519 α’ναθεματισμοί
2926 1459 3029 1503 ve·
3126 1486 3135 1493 -

778 1536 983 1599 niunt:
1036 1536 1261 1601 etenim
1314 1540 1560 1619 patrum
1613 1538 2028 1620 antiquorum,
2080 1537 2184 1620 qui
2232 1537 2528 1602 haereses
2576 1536 2719 1601 olim
2756 1536 3023 1620 scriptis,

774 1635 1075 1710 doctrina,
1146 1655 1313 1711 voce.
1383 1635 1697 1699 laboribus
1756 1640 1902 1700 sunt
1961 1636 2266 1713 insectati,
2335 1634 2603 1701 habetur
2665 1634 3027 1700 solemniter

775 1733 1104 1809 memoria,
1174 1734 1541 1799 macarismo
1589 1727 1821 1796 αἶωνιά
1876 1730 1914 1820 ἡ
1956 1731 2168 1820 μνήμη
2225 1739 2323 1799 ter
2385 1734 2626 1810 oblato;
2700 1733 3025 1798 recensitis

774 1832 997 1896 deinde
1045 1831 1409 1897 haeresibus
1457 1832 1610 1918 ipsis
1669 1852 1738 1896 ac
1789 1852 2081 1915 perverso
2129 1833 2429 1917 cujusque
2479 1834 2771 1917 dogmate
2821 1830 3026 1915 publi·

774 1936 930 2007 cato,
983 1930 1220 1996 cunctis
1266 1935 1362 1995 ter
1408 1928 1708 2013 ἀνάθεμα
1755 1930 2092 1996 inclamant
2140 1937 2202 1996 et
2250 1931 2700 1997 haereticorum
2744 1929 3025 1993 omnium

772 2048 999 2094 nomen
1048 2035 1462 2095 exsecrantur.
1520 2067 1595 2076 -
1651 2031 1859 2114 Atque
1906 2029 2061 2095 haec
2110 2036 2205 2095 est
2253 2031 2598 2095 clarissima
2636 2027 2739 2093 illa
2771 2027 3026 2092 victoria

771 2136 977 2192 rectae
1005 2126 1171 2212 fidei
1200 2128 1277 2193 de
1308 2129 1596 2193 omnibus
1628 2129 1997 2193 adversariis
2030 2128 2298 2215 gloriose
2328 2132 2659 2212 reportata,
2710 2126 2789 2191 ob
2833 2146 3027 2209 quam

773 2225 1067 2293 solemnis
1113 2225 1216 2291 hic
1264 2227 1396 2292 dies
1425 2224 1568 2289 κατ’
1593 2220 1817 2314 ἐξοχὴν
1840 2227 2067 2293 festum
2093 2231 2206 2313 τῆς
2229 2219 2623 2310 ὄρθοδοξίας
2654 2223 3022 2309 appellatur.

949 2334 1020 2398 ln
1082 2333 1202 2399 hoc
1261 2331 1578 2417 συνοδικῷ
1641 2334 1911 2418 plurima
1976 2354 2113 2399 esse
2179 2333 2377 2400 ferula
2448 2338 2511 2397 et
2573 2329 3029 2415 vituperatione

772 2432 979 2517 digna,
1031 2432 1240 2497 multis
1288 2434 1509 2517 probat
1540 2433 1609 2500 L.
1640 2432 2043 2509 AllatiuS,
2094 2434 2386 2497 Examen
2435 2430 2713 2507 Triodt'i,
2756 2450 2861 2493 nn.
2899 2428 3028 2492 144

775 2530 1026 2609 -193‚
1091 2532 1436 2615 repetitque
1491 2531 1589 2594 De
1647 2532 2002 2595 Dominicis
2065 2542 2124 2594 et
2168 2530 2447 2598 hebdom.
2506 2528 2730 2594 Graec.
2798 2548 2858 2592 n.
2911 2527 3015 2592 15.

775 2629 1030 2698 Praeter
1077 2631 1238 2695 enim
1288 2650 1474 2715 quarn
1508 2632 1671 2715 quod
1702 2630 2049 2716 generatim
2080 2629 2374 2697 haereses
2408 2628 2695 2715 Gregorii
2724 2627 3017 2692 Palamae

775 2729 1063 2806 continet,
1115 2730 1176 2794 id
1201 2730 1560 2794 nominatim
1592 2730 1653 2793 in
1690 2750 1763 2793 eo
1797 2734 1893 2795 est
1922 2728 2524 2813 reprehendendum,
2573 2728 2740 2812 quod
2766 2725 3014 2800 Photio,

775 2826 1066 2892 Michaeli
1114 2826 1427 2892 Gerulario
1475 2828 1862 2910 caeterisque
1909 2826 2277 2910 patriarchis
2326 2826 2470 2905 GP„
2538 2826 2643 2910 qui
2691 2824 3013 2890 ecclesiam

773 2926 1141 2992 catholicam
1190 2932 1254 2991 ct
1300 2926 1531 3009 scripto
1580 2929 1642 2990 et
1671 2924 1861 2990 verbo
1893 2925 2117 2991 invecti
2149 2930 2311 3004 sunt,
2363 2926 2530 2990 vario
2579 2929 2763 3008 atque
2795 2923 3016 2988 iterato

771 3024 1019 3090 laudum
1070 3044 1298 3109 genere
1344 3022 1523 3088 elatis
1580 3022 1940 3088 solemniter
1987 3022 2395 3088 acclametur:
2448 3015 2680 3086 αἰωνία
2726 3017 2763 3107 ἡ
2787 3017 3015 3106 μνήμη,

772 3123 1084 3207 iidemque
1146 3142 1286 3187 cum
1347 3121 1861 3204 impe1·atoribuS‚
1930 3128 1992 3187 et
2054 3123 2178 3186 vita
2238 3126 2301 3186 et
2347 3121 2643 3205 religione
2706 3119 3015 3205 pessimis.

773 3220 1118 3297 orthodoxi,
1169 3221 1366 3285 sancti
1418 3225 1479 3284 et
1526 3220 1816 3285 omnibus
1863 3221 2145 3286 imitandi
2195 3220 2684 3304 pronuntientur.
2784 3217 3015 3282 Verum

774 3318 928 3384 haec
975 3319 1181 3383 omnia
1227 3320 1391 3402 apud
1438 3318 1644 3402 ipsum
1691 3318 1763 3383 L.
1816 3318 2213 3383 Allatium
2268 3317 2404 3382 fuse
2453 3318 2765 3402 disputata
2810 3317 3015 3402 leges:

773 3437 845 3480 ca
891 3421 1096 3482 tamen
1155 3416 1398 3481 cautela
1444 3416 1741 3492 adhibita,
1810 3422 1896 3493 ut,
1960 3436 2147 3499 quem
2196 3417 2248 3481 is
2294 3416 2577 3481 Pontano
2638 3415 2796 3481 salso
2844 3416 3017 3480 attri-

773 3516 939 3591 buit,
1001 3515 1516 3580 commentarium
1581 3516 1640 3579 in
1692 3515 2063 3579 Catacuzeni
2111 3513 2257 3581 hist.
2309 3515 2344 3578 l.
2397 3514 2458 3591 2,
2522 3534 2612 3579 cc.
2663 3513 2770 3579 39.
2823 3519 2881 3578 et
2928 3514 3019 3576 40

771 3614 848 3678 de
896 3612 1338 3678 Palamitarum
1395 3612 1641 3692 haeresi
1663 3612 1715 3696 2)
1782 3613 2142 3678 doctissimo
2192 3614 2486 3679 Gretsero
2532 3612 2743 3678 deberi
2802 3612 3020 3677 memi-

773 3712 937 3777 neris
975 3712 1154 3794 juxta
1201 3716 1492 3776 annotata
1539 3731 1573 3775 a
1623 3711 1803 3776 nobis
1851 3715 2020 3775 tomo
2075 3714 2129 3784 1,
2183 3733 2239 3795 p.
2293 3711 2418 3776 237
2444 3709 2517 3794 3).

957 3960 994 4026 ¹)
1034 3960 1318 4014 Videautur
1354 3978 1483 4030 quae
1522 3962 1583 4015 de
1622 3966 1834 4014 auctore
1874 3961 2024 4030 huJus
2065 3960 2272 4014 canonis
2312 3960 2441 4013 idem
2480 3959 2717 4014 Barou.
2757 3961 2887 4014 scite
2912 3961 3015 4016 ani-

770 4039 1049 4093 madvertit
1085 4040 1119 4093 l.
1159 4059 1202 4093 c.

951 4120 993 4186 ¹¹)
1036 4120 1184 4189 Apud
1223 4120 1414 4189 Migne,
1455 4121 1598 4174 Patr.
1640 4138 1718 4188 gr.
1761 4127 1886 4174 torn.
1928 4122 2047 4186 153,
2086 4135 2170 4190 pp.
2209 4122 2507 4176 677—690.

952 4199 994 4266 ⁴²)
1034 4201 1065 4255 J
1080 4217 1166 4254 oa.
1194 4200 1343 4254 Sim.
1369 4204 1415 4254 A
1433 4218 1537 4254 sse
1557 4218 1604 4255 111
1621 4202 1728 4260 nni
1768 4201 1992 4256 Leonem
2019 4201 2261 4255 Allatium
2286 4201 2661 4255 inconsiderate
2686 4201 3017 4254 exscribendo

770 4284 880 4348 ejus
919 4298 1142 4336 errorem
1183 4298 1327 4335 suum
1367 4282 1492 4336 fecit
1535 4283 1585 4335 in
1625 4282 1752 4337 Kal.
1795 4282 2000 4337 Eccles.
2051 4283 2221 4336 Unir..
2256 4291 2378 4335 tom.
2417 4284 2466 4346 6,
2506 4297 2554 4350 p.
2592 4282 2714 4335 586.
