3514 5391
812 524 1055 597 Κυριακῆ
1093 527 1197 580 τοῦ·
1234 523 1458 595 Πάσχα.
1516 524 1791 581 Dominica‘
1822 524 2252 581 Resurrectionis.

409 721 818 805 συνεχόμενοι
862 721 1258 810 δεδορκότες,
1308 720 1479 809 πρὸς

403 819 480 885 τὸ
547 825 689 908 φῶς
758 815 1097 909 ἠπείγοντο
1116 874 1131 900 ,
1207 819 1474 908 Χριστέ,

407 917 818 1006 ἀγαλλομένῳ
841 914 1023 1001 ποδί,
1060 919 1297 1002 Πάσχα
1326 943 1478 1006 κρο-

404 1023 663 1096 τοῦντες
710 1012 993 1085 αἰώνιον.

513 1115 996 1212 Προσέλθωμεν
1040 1116 1477 1207 λαμπαδηφό-

407 1238 506 1301 ροι
551 1219 647 1301 τῷ
659 1266 676 1299 ,
733 1214 1034 1303 προιόντι
1083 1220 1349 1304 Χριστῶ
1409 1214 1480 1291 ἐκ

406 1317 522 1379 τοῦ
549 1316 899 1399 μνήματος,
948 1311 1038 1391 ὥς
1068 1308 1341 1404 νυμφίῳ,
1371 1313 1480 1380 καὶ

407 1411 924 1498 συνεορτάσωμεν
954 1415 1101 1490 ταῖς
1115 1412 1482 1502 φιλεόρτοις

403 1511 647 1593 τάξεσι,
697 1510 936 1593 Πάσχα
972 1515 1349 1597 κροτοῦντες
1377 1506 1480 1576 αἶ-

406 1633 614 1676 ωνιον.

513 1787 739 1878 Ὠιδὴ
783 1785 866 1869 ς’.

513 1914 784 2003 ,,Κατῆλ
795 1918 910 1992 &eg
969 1912 1039 1980 ἐν
1081 1916 1224 1992 τοῖς
1267 1937 1475 1979 κατω-

412 2012 675 2093 ,,τάτοις
718 2017 832 2101 τῆς
875 2018 1002 2101 γῆς,
1049 2012 1159 2078 καὶ
1189 2010 1475 2097 συνέτρι-

331 2166 336 2170 .
411 2122 589 2200 ,,ψας
613 2111 893 2196 μοχλοὺς
922 2106 1238 2192 αἰωνίους,
1283 2108 1478 2175 κατό-

411 2233 602 2291 ,,χους
658 2208 1142 2300 πεπεδημένων,
1217 2207 1477 2293 Χριστέ,

408 2307 559 2390 „nal
604 2308 959 2397 τριήμερος,
1008 2305 1095 2385 ὡς
1139 2305 1210 2373 ἐκ
1256 2306 1482 2396 κήτους

408 2406 688 2488 ,,Ἰωνᾶς,
738 2406 1076 2495 ἓξανέστης
1105 2410 1222 2472 τοῦ
1247 2404 1476 2494 τάφου.

958 1787 1035 1855 Ὁ
1077 1783 1369 1872 εἱρμός.

767 2585 1126 2673 Τροπάρια.

524 2712 825 2795 Φυλάξας
849 2710 930 2778 τα
960 2711 1288 2801 σήμαντρα
1322 2715 1479 2791 σῶα,

405 2810 674 2899 Χριστέ,
723 2805 1070 2899 ἒξηγέρθης
1105 2814 1222 2875 τοῦ
1249 2808 1479 2897 τάφου.

403 2910 476 2977 Ὁ
537 2933 657 2988 τας
717 2910 888 2987 κλεῖς
959 2913 1072 2997 τῆς
1131 2906 1482 2996 Παρθένου

404 3008 487 3099 μὴ
535 3006 973 3098 λυμηνάμενος
1032 3004 1100 3072 ἐν
1158 3011 1252 3093 τῷ
1310 3003 1480 3091 τόκῳ

407 3128 549 3190 σου,
597 3105 709 3172 καὶ
757 3104 1036 3195 ἠνέῳξας
1080 3104 1228 3194 ἡμῖν
1266 3126 1480 3192 παρα-

412 3199 505 3271 del
509 3226 632 3271 σου
677 3203 796 3283 τὰς
837 3204 1070 3281 πύλας.

519 3302 738 3390 >Jeme
781 3298 927 3388 μου,
974 3302 1052 3368 τὸ
1082 3301 1210 3384 ζῶν
1234 3327 1324 3384 τε,
1372 3301 1481 3368 καὶ

413 3401 663 3469 ἄθυτον
705 3398 957 3488 ἱερεῖον,
1006 3400 1093 3479 ιῦς
1126 3400 1288 3479 Θεὸς
1334 3396 1482 3466 ἑαυ-

412 3501 523 3566 τὸν
568 3496 876 3579 ἑκουσίως
918 3498 1348 3589 προσαγαγών
1390 3504 1483 3585 τῷ

417 3599 646 3687 Πατρί,
694 3598 1166 3688 συνανέστησας
1203 3601 1482 3686 παγγενῆ

414 3698 523 3763 τὸν
582 3697 824 3783 Ἀδάμ,
895 3696 1176 3775 ἀναστάς
1234 3692 1306 3762 ἐκ
1366 3701 1482 3761 τοῦ

418 3795 627 3885 τάφου
651 3799 722 3884 ¹).

513 3974 740 4065 Ὠιὸὴ
786 3974 865 4056 ζ’.
957 3972 1031 4040 Ὁ
1074 3969 1380 4060 εἱρμός.

504 4099 620 4181 ,,“Ο
661 4097 911 4176 παῖδας
956 4097 1026 4164 ἐκ
1063 4094 1331 4183 καμίνου
1374 4103 1504 4186 ῥυ-,

422 4198 733 4282 ,ρόμενος
747 4249 766 4279 ,
837 4196 1170 4281 γενόμενος
1224 4197 1478 4284 ἅνθρω-

420 4342 506 4351 *—

2552 525 2660 581 319

1586 723 1905 789 constricti
1939 727 2132 800 erant,
2165 721 2657 807 conspexissent,

1583 821 1647 887 in
1693 821 1897 888 lucem
1939 820 2339 898 festinabant,
2390 820 2655 896 Christe,

1586 919 1921 986 exsultanti
1968 920 2146 1005 pede,
2196 918 2445 985 Pascha
2483 920 2658 1005 plau-

1586 1020 1807 1086 dentes
1854 1023 2195 1085 aeternum.

1694 1118 2092 1184 Accedamus
2154 1117 2324 1183 faces
2385 1117 2659 1184 ferentes

1590 1214 1941 1283 advenienti
2005 1213 2255 1280 Christo
2316 1235 2390 1281 ex
2438 1235 2658 1282 monu-

1588 1319 1820 1393 mento,
1867 1318 1938 1379 ut
1984 1332 2243 1398 sponso:
2294 1318 2356 1379 et
2393 1334 2520 1381 una
2566 1316 2658 1381 fe-

1589 1417 1756 1478 stum
1803 1432 2062 1499 agamus
2110 1432 2253 1477 cum
2287 1412 2528 1480 festivis
2558 1435 2657 1479 or-

1587 1511 1871 1590 dinibus,
1966 1510 2214 1576 Pascha
2294 1510 2659 1595 plaudentes

1587 1613 1933 1676 aeternum.

1762 1771 1926 1855 Ode
1973 1791 2037 1856 6.
2130 1788 2475 1855 Hirmus.

1690 1914 2094 1978 Descendisti
2105 1915 2174 1977 in
2193 1913 2409 1999 infima
2429 1926 2656 1994 terrae,

1586 2023 1647 2076 et
1687 2013 2045 2078 contrivisti
2100 2024 2300 2077 vectes
2346 2022 2655 2090 aetemos,

1588 2111 1797 2196 eisque
1815 2110 2097 2176 detentos
2120 2111 2456 2198 expedisti,
2487 2108 2657 2176 Clui-

1586 2219 1695 2287 εἰο,
1732 2219 1792 2273 et
1820 2209 2178 2290 triduanus,
2207 2218 2277 2273 ut
2295 2232 2375 2278 ex
2397 2220 2523 2274 cete
2542 2209 2655 2274 Jo-

1587 2328 1726 2384 nas,
1777 2307 2198 2372 emmam-emisti
2242 2329 2272 2370 e
2309 2306 2653 2394 sepulchre.

1963 2584 2276 2669 Troparia.

1697 2708 1970 2776 Servatis
2039 2711 2236 2798 signis
2297 2710 2654 2795 sospitibuS,

1591 2809 1873 2889 Christe,
1938 2811 2272 2876 suscitatus
2336 2830 2402 2876 es
2464 2830 2497 2875 e
2558 2830 2655 2875 se-

1589 2907 1870 2994 pulchro,
1966 2908 2081 2990 Qui
2132 2909 2335 2975 claves
2356 2908 2656 2993 'Virginis

1588 3027 1711 3073 non
1761 3006 2073 3073 offendisti
2120 3009 2267 3073 dum
2303 3011 2363 3072 te
2396 3006 2653 3092 peperit,

1590 3110 1652 3171 et
1732 3107 2025 3172 reserasti
2116 3106 2296 3173 nobis
2387 3105 2655 3189 paradisi

1587 3208 1817 3290 portas..

1696 3303 1979 3369 Salvator
2027 3323 2236 3381 meuS‚
2302 3302 2653 3387 vivensque,

1593 3401 2654 3481 necmactatavictima,utDeuS,se-

1587 3501 1793 3585 ipsum
1812 3504 2031 3586 sponte
2048 3498 2312 3566 offerens
2329 3499 2520 3578 Patri,
2534 3522 2657 3566 una

1590 3599 1903 3665 suscitasti
1964 3599 2363 3685 omnigenum
2428 3600 2652 3667 Adam,

1588 3717 1852 3783 surgens
1899 3718 1934 3763 e
1981 3696 2331 3782 sepulchre.

1771 3975 1931 4041 Ode
1979 3976 2041 4041 7.
2132 3922 2472 4041 Hirmus.

1701 4097 1831 4174 Qui
1863 4121 2104 4187 pueros
2151 4123 2181 4164 e
2195 4099 2475 4186 fornace
2505 4095 2653 4164 libe·

1587 4198 1781 4279 ravit,
1809 4198 2034 4286 factus
2065 4198 2262 4281 hom,
2302 4200 2559 4285 patitur
2585 4207 2656 4262 ut

597 4412 641 4481 ¹)
680 4411 827 4468 Inter
863 4411 945 4466 od.
983 4413 1033 4467 6.
1071 4416 1124 4466 et
1149 4414 1200 4468 7.
1238 4418 1298 4467 ut
1336 4418 1390 4468 et
1415 4413 1511 4468 hoc
1537 4413 1695 4468 semel
1722 4412 2092 4467 dicaturmedia
2130 4411 2438 4480 interjacent
2464 4407 2653 4462 κοντά·

421 4509 555 4557 κιον,
591 4491 749 4560 οἶκος,
789 4496 980 4561 στίχοι
1019 4498 1072 4547 et
1108 4492 1439 4565 συναξάριον
1475 4511 1590 4550 cum
1627 4493 1945 4548 brevioribus
1982 4491 2281 4563 quibusdam
2318 4490 2549 4545 cantici&
