3514 5391
1093 548 1123 602 J
1127 550 1173 617 ej
1179 549 1297 602 unia
1334 549 1581 603 ecclesiae
1620 548 1882 618 Syrorum.
2504 551 2610 604 645

545 747 884 832 Reliquum
933 753 1027 812 est
1059 749 1377 836 jejunium
1427 749 1886 824 Ninivitarum,
1937 749 2099 832 quod
2153 770 2186 813 a
2215 749 2336 813 ritu
2383 769 2608 833 graeco

362 847 517 910 adeo
568 846 843 911 alienum
894 852 1007 923 est,
1075 851 1143 910 ut
1205 846 1354 911 illud
1403 845 1712 912 cpolitani
1779 852 2074 930 tanquam
2131 847 2606 911 abominandam

359 944 682 1009 haeresim
743 945 1129 1010 detestentur
1194 950 1377 1028 atque
1442 951 1833 1023 execrentur,
1911 946 2432 1029 quemadmodum
2499 966 2570 1008 su

357 1043 496 1107 loco
545 1042 672 1107 suit
720 1064 754 1106 a
801 1044 980 1108 nobis
1029 1049 1347 1109 ostensum
1396 1063 1498 1128 pp.
1550 1044 1789 1109 8—10.
1883 1043 2105 1124 Quum·
2143 1050 2349 1109 tamen
2398 1045 2572 1108 strict

357 1142 494 1225 ejus
546 1141 903 1207 observatio
951 1143 1025 1205 ad
1075 1143 1362 1227 religiosa
1409 1142 1617 1208 officia
1663 1147 2046 1207 caeterarum
2094 1143 2409 1208 nationum
2447 1143 2572 1207 chri

357 1232 711 1295 stianarum
760 1231 1167 1305 orientalium,
1219 1238 1378 1296 stato
1409 1238 1687 1316 tempore
1721 1233 2050 1316 quotannis
2081 1233 2417 1308 redeuntia,
2469 1252 2572 1316 per

357 1331 574 1407 tinent,
633 1330 881 1414 putidas
930 1331 1421 1395 adversariorum
1470 1329 1811 1396 calumnias
1858 1331 2164 1396 refutasse
2204 1331 2452 1413 juverit,
2501 1350 2572 1415 ge

357 1428 569 1492 nuinis
639 1427 773 1511 ejus
820 1429 1163 1494 rationibus
1213 1428 1492 1512 prolatis,
1563 1449 1715 1512 quas
1776 1451 1812 1493 a
1856 1429 2035 1493 bonis
2084 1430 2438 1495 auctoribus
2487 1434 2572 1493 tra

355 1528 523 1591 ditas
576 1527 956 1610 accepimus,

544 1636 882 1711 Amrus,
933 1633 1278 1699 luculentus
1328 1637 1593 1718 scriptor
1617 1636 1831 1718 SyruS,
1882 1635 1944 1698 in
1994 1634 2170 1697 Sei-ie
2204 1636 2572 1698 Patriarcha

352 1755 499 1794 rum
534 1729 1006 1797 Chaldaeorum
1036 1752 1284 1797 causam
1302 1733 1520 1816 jejunii
1546 1733 1866 1798 Ninivitici
1892 1739 2125 1816 pestem
2156 1734 2346 1798 fuisse
2376 1734 2572 1799 scribi⁴

357 1850 524 1913 quae
577 1831 788 1895 medio
837 1831 1082 1896 saeculo
1131 1836 1303 1896 sexto
1350 1833 1410 1895 iu
1462 1837 1589 1896 toto
1640 1832 1890 1896 Oriente
1934 1837 2218 1917 grassata
2263 1837 2392 1903 est:
2443 1853 2572 1897 eam

358 1949 484 2011 que
550 1929 790 1993 indicto
856 1949 928 1994 eo
983 1930 1218 2013 jeJunio
1283 1951 1559 1996 cessasse
1621 1932 1829 1996 refert.
1925 1933 2199 1997 Auctore
2260 1932 2572 2014 Sabarjesl·

359 2026 774 2110 Metropolita
821 2028 1313 2095 Beth—Garmae
1361 2034 1422 2093 et
1468 2030 1721 2094 Nisibes
1771 2030 2091 2114 episcopO,
2160 2028 2447 2094 Ezechiel
2492 2031 2572 2093 Pc

361 2127 657 2190 triarcha
706 2126 1115 2211 (567—581)
1164 2128 1253 2191 acl
1297 2129 1624 2192 universas
1656 2129 1998 2192 orientales
2026 2130 2310 2213 reqiones
2339 2130 2568 2214 scripsi

360 2235 431 2287 ut
501 2245 718 2287 omnes
783 2225 1079 2289 concordi
1142 2226 1350 2289 animo
1418 2237 1620 2290 essent
1695 2237 1753 2290 et
1804 2230 2176 2315 jejuna-rent
2242 2238 2572 2312 orarentqu

361 2323 586 2406 spatio
637 2322 827 2385 trium
873 2322 1136 2403 dierum,
1187 2347 1227 2386 a
1257 2324 1448 2410 feria
1493 2322 1729 2387 scilicet
1776 2324 2068 2402 secunda,
2118 2349 2275 2410 quae
2321 2327 2572 2389 vicesim

363 2430 458 2483 est
507 2432 662 2484 ante
696 2423 1014 2508 jejunium
1060 2446 1384 2508 maqnum:
1432 2447 1508 2486 ac
1555 2422 1757 2486 Deum
1794 2434 2234 2507 precarentur,
2291 2435 2362 2487 ut
2408 2446 2572 2486 eorum

362 2521 687 2595 misertus,
726 2542 947 2605 preces
992 2523 1275 2607 iptiorum
1318 2523 1696 2606 susciperet,
1761 2521 1949 2583 sicuti
1999 2521 2435 2584 Ninivitarum
2484 2544 2572 2584 sus

363 2619 557 2705 cepit,
612 2629 1037 2705 averteretque
1084 2630 1340 2683 mortem
1386 2643 1427 2683 a
1476 2642 1585 2682 suo
1629 2617 1886 2705 popule.
1985 2619 2218 2683 Ediaeit
2251 2630 2572 2706 praeterec

363 2729 434 2781 ut
481 2719 600 2780 hoc
648 2719 1013 2782 triduanum
1045 2720 1362 2808 jejunium
1399 2730 1709 2805 perpetuo
1759 2718 2215 2784 observaretur.
2308 2717 2386 2782 Id
2433 2743 2572 2808 qum

364 2816 420 2878 ii
459 2819 887 2901 pereqissent,
954 2818 1282 2883 exaudivit
1327 2840 1428 2881 eos
1478 2818 1651 2882 Deus
1704 2827 2065 2903 pestemque
2112 2816 2385 2883 sustulit.
2482 2818 2572 2880 Ea

366 2913 521 2977 inde
587 2938 731 2979 vero
792 2914 1188 3002 appellatum
1231 2916 1376 3002 fuit
1418 2917 1736 3005 jejunium
1800 2916 2256 2994 Niniviticum,
2324 2917 2572 3001 quoniaa

369 3012 634 3078 diaeere:
698 3016 1011 3079 imitemur
1074 3016 1442 3093 Ninivitas,
1511 3026 1570 3078 ct
1629 3016 1927 3099 quoniam
1984 3015 2147 3077 sicut
2197 3015 2529 3079 Ninivitae

351 3110 626 3197 flaqello
676 3112 935 3178 liberati
979 3124 1124 3177 sunt
1152 3113 1217 3197 ¹).
1907 3177 1911 3181 ,
2553 3109 2557 3115 ’

557 3218 758 3298 Quum
808 3225 967 3286 teste
1014 3220 1218 3297 Elia,
1270 3221 1561 3304 episcopo
1611 3220 1923 3294 Damaso„
1976 3224 2190 3285 contra
2237 3222 2572 3286 observatis.

374 3335 518 3380 nem
576 3316 797 3400 jejunii
842 3320 1161 3384 Ninivitici
1224 3319 1445 3383 fuisset
1506 3319 2038 3397 animadversum,
2115 3317 2409 3383 ecclesiae
2439 3320 2572 3403 filie

380 3439 774 3502 nequaquam
831 3420 1061 3504 attinqi
1099 3440 1286 3504 posse
1336 3419 1522 3504 facto
1575 3418 1847 3480 Ninives
1908 3428 1966 3480 et
2009 3418 2221 3482 ‚Ionae
2269 3420 2572 3504 propheto

379 3511 466 3576 ad
513 3523 778 3578 veterem
809 3514 1001 3601 leyem
1030 3527 1367 3602 spectante,
1418 3516 1692 3580 Joannes
1724 3515 2000 3592 Bar—Isa‚
2050 3516 2413 3580 Patriarcha
2443 3516 2572 3580 Cha

380 3613 676 3678 dacorum
726 3614 1159 3699 (900-905),
1214 3615 1566 3698 respondit:
1619 3612 1858 3692 „Quod
1889 3614 1965 3677 de
1977 3613 2147 3697 filiis
2171 3615 2465 3678 ecclesiae
2501 3617 2572 3678 ai.

382 3733 484 3773 eos
535 3712 623 3774 ad
668 3711 824 3797 le9is
870 3716 1097 3777 veteris
1144 3714 1636 3777 observationem
1681 3736 2074 3798 nequaquam
2123 3715 2339 3788 teneri,
2388 3714 2460 3775 iel
2492 3736 2572 3798 qu

384 3808 521 3873 dem
565 3833 778 3875 verum
826 3821 934 3877 est.
1034 3812 1176 3875 Nos
1223 3821 1430 3876 tamen
1475 3812 1558 3873 iis
1606 3810 1825 3873 diebus
1886 3833 2015 3874 non
2061 3834 2196 3873 eam
2243 3811 2318 3873 ob
2367 3835 2572 3875 causa*⁴

371 3911 756 3996 jejunamus,
808 3913 930 3975 etsi
955 3911 1029 3974 id
1056 3933 1278 3974 nomen
1310 3912 1560 4000 jejunio
1600 3932 1724 3995 per
1757 3909 2241 3972 translationem
2266 3911 2572 3995 impositu:

385 4006 488 4084 sit,
536 4008 646 4069 sed
694 4008 767 4071 ob
814 4010 972 4073 hanc
1020 4009 1238 4090 aliam,
1288 4031 1472 4093 quam
1521 4009 1638 4071 tibi
1680 4032 1845 4072 nunc
1876 4008 2263 4093 eaeponimus.
2349 4006 2572 4091 Contiq

390 4104 758 4189 aliquando,
823 4109 893 4170 in
945 4108 1182 4193 priscis
1243 4107 1479 4171 scilicet
1540 4107 1935 4193 temporibus,
1996 4105 2304 4191 pestilens
2350 4105 2572 4168 morbu⁴

390 4226 506 4287 quo
552 4204 841 4290 pleriqM
887 4207 1163 4291 reqionis
1206 4204 1679 4270 Beth-Garmae
1727 4205 2116 4269 habitatores
2157 4204 2376 4266 statim
2437 4214 2572 4287 atqv

392 4301 848 4385 afficiebantur,
899 4305 1176 4368 animam
1223 4301 1624 4367 exhalabant.
1722 4302 2086 4389 Sabarjesu,
2145 4303 2276 4387 ejus
2326 4300 2449 4364 loci
2494 4324 2568 4386 ep

580 4507 617 4568 ι)
657 4507 804 4577 Apud
841 4510 1187 4564 Asseman.
1226 4510 1298 4564 B.
1337 4523 1383 4562 0.
1422 4513 1460 4562 t.
1500 4509 1553 4578 3,
1592 4511 1727 4576 part.
1767 4507 1817 4576 2,
1856 4522 1905 4575 p.
1949 4505 2070 4560 413.
