3514 5391
644 540 779 605 Κυρ.
801 534 860 589 ε’.
881 538 992 588 τῶν
1012 537 1286 601 νηστειῶν.
1346 538 1574 605 Μαρίας
1592 538 1683 601 τῆς
1699 535 2029 603 Αῑγυπτίας.
2079 530 2228 588 Dom.
2250 528 2528 587 Passionis.
2607 531 2718 586 195

704 649 723 654 -
754 645 2712 656 .————-...——-—**——--—-—.„-——-—-—-———-—-—.—--—

512 735 606 787 Ἐκ
640 737 762 785 τοῦ
796 732 1107 792 κανόνος
1142 736 1257 798 τῆς
1292 750 1498 803 παρα·
1568 737 1572 741 Α
1643 732 1751 790 Ex
1793 749 2081 790 canone
2119 731 2368 790 leriae
2395 731 2512 798 VI„
2543 731 2712 798 heb-

654 817 906 879 σκευῆς
943 818 1078 866 τῶν
1113 812 1345 879 βαΐων.
1772 812 2117 871 domadis
2156 812 2588 876 Passionis.

572 926 686 992 Παρ
694 925 819 975 θένε
839 920 1172 994 πανᾶμωμε,
1188 940 1239 991 1μ
1248 924 1369 992 ῆῐερ
1394 927 1536 991 Χρι-
1735 918 1788 978 Ο
1803 920 1973 993 Virgo
1988 921 2325 995 purissima,
2343 926 2538 981 mater
2548 920 2715 980 Chri·

476 1005 603 1053 στοῦ
656 1005 753 1054 τοῦ
808 1004 982 1064 Θεοῦ,
1044 1001 1298 1074 ῥομφαία
1346 1001 1543 1068 διῆλθέ
1644 999 1878 1063 stiDei.
1907 1001 2145 1071 gladius
2164 1002 2565 1075 pertransivit
2584 1019 2717 1060 san-

477 1096 572 1134 σου
623 1083 719 1146 τήν
769 1086 1054 1152 παναγίαν
1102 1082 1321 1151 ψυχῆνς
1371 1079 1535 1149 ’ἡνίκα
1645 1080 1973 1139 ctissimam
2015 1082 2269 1140 animam
2311 1088 2493 1153 tuam,
2541 1083 2712 1155 quun]

478 1160 879 1231 σιαυρούμενον
903 1164 1135 1231 ἕβλεψας
1158 1162 1414 1221 ἑκουσίως
1438 1162 1539 1216 τὸν
1646 1162 1989 1220 crucifixum
2043 1162 2380 1221 voluntarie
2430 1161 2616 1220 filium
2656 1168 2718 1219 et

476 1242 596 1295 υἱόν
617 1246 702 1294 καὶ
732 1230 1024 1306 Θεότΐσου,
1063 1241 1146 1315 ὅν,
1181 1243 1536 1313 εὐλογημένη,
1645 1241 1840 1300 Deum
1875 1247 2036 1300 tuum
2070 1242 2403 1315 aspiceres;
2443 1259 2612 1315 quem
2641 1260 2715 1301 ne

476 1322 801 1376 δυσωποῦσιτ
830 1323 914 1398 μὴ
942 1321 1142 1396 παύσῃ,
1181 1323 1539 1395 συγχώρησιν
1647 1338 1864 1392 cesses,
1915 1338 1949 1380 0
1986 1322 2340 1387 benedicta.·
2377 1339 2614 1396 rogare,
2650 1329 2719 1381 ut

479 1404 829 1474 πταισμάτων
864 1410 1037 1476 καιρῷ
1077 1409 1325 1472 νηστείας
1362 1403 1537 1475 δωρή-
1646 1403 1815 1461 nobis
1832 1401 2324 1477 temporejejunii
2337 1410 2716 1476 peccatorum

476 1488 690 1542 σασθαι.
874 1509 881 1516 ·
1647 1482 2079 1560 indulgentiam
2120 1483 2438 1556 largiatur.

652 1651 758 1730 Τῷ
818 1647 1135 1732 σαββάτῳ
1202 1646 1333 1733 πρὸ
1391 1651 1521 1712 τῶν
1579 1641 1821 1728 βαΐων,
1888 1649 2008 1709 τοῦ
2069 1637 2251 1727 ἁγίου
2306 1643 2417 1710 καὶ
2463 1641 2719 1711 δικαίου

478 1743 801 1829 Λαζάρου,

645 1878 844 1946 Slav.
909 1879 968 1945 V
1008 1879 1271 1944 subbotu
1317 1881 1378 1945 6.
1425 1876 1645 1943 ncdcli
1677 1887 1896 1965 posta,
1945 1900 2030 1945 ευ.
2080 1879 2109 1941 2⁰
2143 1849 2714 1966 pracednaqoza-

477 1980 694 2066 zanio,-
755 1997 1053 2045 rumen.
1120 1978 1194 2041 In
1242 1977 1551 2042 sambat’a
1584 1978 1660 2072 6.
1724 1986 2092 2063 septemana
2152 2001 2195 2041 α
2231 1980 2716 2064 Ρανεοοηιίἰονυ,

481 2098 525 2140 s.
571 2076 629 2138 εἰ
672 2075 1035 2162 dereptului
1080 2077 1351 2145 Lazaru.

644 2200 827 2265 Hunc
892 2200 1058 2266 diem
1126 2200 1462 2265 memoriae
1529 2199 1780 2265 excitati
1850 2171 2066 2266 Lazari
2136 2201 2408 2266 dicatum
2481 2201 2718 2269 habent

478 2296 709 2374 Graeci,
768 2297 1125 2382 festumque
1172 2298 1332 2363 inter
1378 2295 1773 2375 δεσποτικὰς
1817 2293 2044 2383 ἑορτὰς
2088 2312 2436 2378 recensent,
2500 2322 2715 2385 quem-

476 2396 805 2460 admodum
853 2396 1320 2462 observavimus
1382 2403 1532 2463 tom.
1587 2399 1644 2476 1,
1706 2419 1769 2482 p,
1819 2397 1926 2463 32.
2022 2397 2235 2464 Status
2282 2401 2534 2484 quidem
2581 2402 2716 2468 dies

482 2493 573 2560 17.
624 2493 837 2559 Martii
898 2493 1302 2561 honorandae
1363 2496 1818 2561 resurrectioni
1880 2496 2150 2576 Lazari,
2213 2500 2405 2563 amici
2457 2497 2715 2581 Christi,

474 2595 564 2656 est
607 2593 962 2678 assignatus
1010 2593 1073 2657 in
1122 2593 1400 2659 Menaeis
1463 2600 1524 2660 et
1571 2596 1633 2660 iu
1683 2594 1819 2660 aliis
1867 2595 2259 2663 Kalendariis
2322 2619 2358 2663 a
2403 2598 2713 2665 Mart-inor

408 2716 413 2721 ·
469 2690 695 2759 ibidem
744 2691 1064 2771 adductis;
1114 2713 1327 2759 verum
1377 2693 1532 2761 alter
1577 2693 1682 2760 hic
1729 2695 1862 2760 dies
1911 2697 2316 2781 conceptivus
2346 2699 2545 2764 eidem
2597 2700 2745 2764 mi·.

470 2788 673 2854 raculo
722 2790 1087 2870 solemniter
1134 2790 1504 2857 celebrando
1553 2813 1589 2857 a
1636 2793 1894 2859 Graecis
1956 2793 2074 2859 fuit
2120 2796 2484 2874 attributus,
2548 2799 2711 2881 quod

471 2886 613 2952 iliud
661 2888 868 2972 ipsum
916 2909 1100 2955 ansas
1147 2888 1374 2956 suroris
1422 2890 1806 2956 Judaeorum
1867 2892 1931 2956 in
1980 2892 2198 2957 Jesum
2265 2896 2542 2977 proxime
2602 2896 2712 2962 de—

472 2985 678 3052 disset.
775 2987 941 3052 Audi
971 2987 1403 3072 Nicephorum
1435 2988 1808 3054 Callistum
1793 3010 1852 3053 in
1889 2992 2216 3074 synaxario
2248 2992 2421 3057 festi:
2470 2990 2713 3078 Ἑορτα-

470 3081 699 3162 ζεσθαι
732 3081 801 3148 δὲ
833 3083 1001 3149 κατὰ
1022 3084 1137 3173 τὴν
1159 3090 1497 3172 παροῦσαν
1518 3083 1754 3172 ἡμέραν
1782 3085 2090 3177 ἐτάχθη(
2056 3113 2093 3176 η
2116 3086 2313 3153 αὐτοῦ
2337 3083 2620 3175 {br-epam.

473 3176 694 3269 ἐπειδὴ
737 3186 933 3247 τοῦτο
978 3182 1056 3248 τὸ
1104 3187 1331 3268 θαῦμα
1377 3182 1570 3272 ἀρχὴν
1627 3183 1737 3250 καὶ
1786 3180 2002 3251 αἰτίαν
2044 3185 2328 3270 μάλιστα
2368 3178 2553 3275 εὗρον
2603 3196 2715 3280 τῆς

472 3276 628 3342 κατὰ
671 3283 789 3343 τοῦ
833 3284 1127 3366 Χριστοῦ
1170 3276 1406 3366 μανίας
1448 3285 1577 3346 τῶν
1614 3278 1963 3379 Ἰουδαίων,
2011 3284 2176 3351 κατὰ
2202 3309 2394 3352 τουτο
2424 3285 2715 3354 ἐνταῦθα

470 3374 543 3439 τὸ
586 3373 910 3464 ὑπερφυὲς
952 3377 1290 3466 τεράστιον
1334 3374 1586 3446 ἐ’.θεντο
1660 3370 1757 3447 Et
1789 3383 1945 3449 haec
1994 3385 2244 3467 quidem
2294 3407 2367 3452 ex
2398 3390 2711 3454 communi

474 3474 853 3542 Graecorum
920 3480 1226 3545 sententia
1297 3481 1374 3544 de
1440 3480 1626 3563 hujus
1692 3480 2104 3548 solemnitatis
2169 3486 2425 3570 origine.
2538 3489 2710 3570 Quod

474 3578 669 3638 autem
719 3573 798 3638 de
848 3573 1099 3640 Simone
1149 3578 1514 3657 PharisacO,
1578 3579 1820 3643 Lazari
1857 3590 2067 3667 patre,
2130 3583 2358 3648 ibidem
2424 3586 2709 3663 refertur,

474 3670 529 3733 id
576 3668 866 3737 Callistus
912 3672 1207 3740 historiae
1256 3676 1648 3762 evangelicae
1696 3679 1775 3742 de
1823 3699 1935 3743 suo
1967 3680 2311 3758 admiscuit,
2361 3683 2538 3747 nobis
2571 3704 2713 3767 pro-

474 3768 609 3835 inde
656 3792 779 3835 non
830 3772 964 3836 sine
1012 3773 1249 3838 cautela
1299 3774 1748 3858 accipiendum

643 3878 967 3958 Quomodo
1017 3900 1310 3964 praeseus
1355 3880 1460 3946 hic
1509 3882 1643 3947 dies
1691 3882 1841 3948 olim
1888 3883 2075 3949 suerit
2121 3891 2296 3951 actus
2352 3887 2413 3952 in
2464 3887 2713 3954 Oriente

474 3994 542 4039 ac
586 3977 953 4042 nominatim
1002 3977 1472 4091 HierosolymiS‚
1540 3981 1603 4046 in
1666 3983 1918 4067 egregio
1966 4002 2077 4048 suo
2144 3987 2619 4057 commentario.
2651 3988 2710 4052 in

474 4072 906 4159 „Per-effluat.
957 4072 1244 4140 Silviae“
1306 4077 1397 4142 vir
1457 4077 1762 4162 plurimae
1826 4084 1887 4144 et
1946 4081 2287 4165 exquisitae
2350 4085 2712 4151 eruditionis

476 4170 548 4235 D.
591 4171 988 4237 Fernand.
1038 4173 1329 4241 Gabrol
1401 4177 1845 4263 perdiligenter
1907 4180 2202 4245 describit
2262 4201 2363 4264 pp.
2424 4181 2709 4248 83—87.

480 4265 715 4334 Locum'
751 4268 878 4334 non
926 4271 1193 4353 profem,
1242 4294 1433 4357 quum
1480 4276 1683 4360 ipsum
1733 4296 1891 4360 opus
1939 4277 2092 4343 adiri
2141 4278 2343 4345 velim.

643 4376 856 4441 Latini
903 4395 1148 4462 quoque
1196 4380 1293 4445 bis
1341 4381 1589 4471 Lazari
1638 4383 2002 4448 memoriam
2064 4389 2275 4470 agunt,
2337 4405 2564 4469 nempe
2611 4388 2712 4452 die

480 4471 574 4540 17.
623 4474 1032 4551 Decembris,
1105 4496 1226 4560 quo
1288 4498 1429 4543 eum
1480 4481 2160 4566 Martyrologium
2211 4482 2413 4547 Rom.
2483 4483 2710 4563 laudat,

2396 4590 2496 4644 13*
