3514 5391
1004 537 1177 593 Mense
1215 538 1475 607 Septemb.
1539 537 1682 591 Fest.
1719 536 1801 591 Ss.
1839 536 2024 606 Angel.
2063 537 2207 590 Cust.

448 647 565 655 -ο-

576 730 811 791 Adesto
850 734 1308 808 supplicantium

409 850 415 857 -
510 810 642 870 Tibi
680 829 917 872 reorum
958 815 1179 873 coetui:

508 891 803 966 Lucisque
842 896 951 952 sub
991 895 1397 968 crepusculum

506 972 730 1031 Lucem
768 990 977 1033 novam
1015 973 1092 1032 da
1116 975 1431 1035 mentibus,

574 1098 855 1172 Tuusque
894 1100 1063 1158 uobis
1100 1098 1375 1173 Angelus
1468 1144 1475 1159 .

508 1178 798 1252 Signatus
837 1181 915 1239 ad
956 1180 1301 1252 custodiam,

504 1260 626 1318 Hic
668 1261 847 1333 adsit,
892 1278 929 1320 a
967 1261 1243 1335 contagio

506 1341 625 1414 Qui
667 1341 980 1401 criminum
1014 1358 1119 1401 nos
1157 1348 1452 1416 protegat.

577 1466 896 1540 Serpentis
935 1467 1102 1527 nobis
1143 1466 1362 1526 aemuli

503 1545 858 1606 Calumnias
899 1548 1276 1620 exterminet,

503 1626 596 1685 Ne
636 1635 772 1688 rete
808 1626 1256 1688 fraudulentiae

502 1707 767 1767 Incauta
805 1716 1013 1768 nectat
1048 1715 1312 1785 pectora.

574 1833 801 1892 Metum
840 1835 1144 1908 propellat
1178 1835 1430 1894 hostium

503 1913 753 1973 Nostris
790 1916 995 1987 procul
1037 1914 1111 1974 de
1148 1916 1380 1987 finibus,

506 1993 737 2053 Pacem
778 2002 1060 2068 procuret
1098 1996 1331 2064 civium,

506 2073 826 2148 Fugetque
865 2077 1290 2148 pestilentiam.

580 2198 721 2258 Deo
758 2197 938 2257 Patri
975 2200 1056 2259 sit
1092 2202 1302 2274 gloria,

509 2279 633 2354 Qui
675 2296 816 2354 quos
852 2279 1359 2359 redemit-Filius

505 2360 598 2418 Et
636 2367 880 2419 sanctus
917 2360 1089 2421 unxit
1125 2360 1401 2436 Spiritus,

506 2440 637 2500 Per
649 2440 923 2514 Angelos
940 2442 1253 2501 custodiat.
1294 2443 1507 2502 Amen.

798 2655 1071 2716 Oratio
1107 2656 1159 2716 Ι.

541 2780 734 2852 Deae,
763 2781 862 2854 qui
882 2782 1176 2841 ineffabili
1195 2784 1507 2855 providen-

434 2862 527 2919 tia
567 2868 812 2921 sanctos
839 2863 1107 2936 Angelos
1134 2869 1265 2922 tuos
1305 2864 1382 2923 ad
1411 2883 1507 2923 no-

433 2949 629 3002 stram
668 2943 998 3002 custodiam
1035 2944 1275 3003 mittere
1304 2944 1508 3017 digna-

432 3023 540 3089 ris,
578 3023 812 3096 largire
850 3024 1212 3099 supplicibus
1251 3025 1396 3098 tuis,
1447 3032 1510 3084 et

434 3120 641 3162 eorum
707 3120 942 3178 semper
990 3105 1359 3177 protectione
1410 3106 1508 3164 de-

433 3183 627 3249 fendi,
668 3190 733 3242 et
770 3190 1021 3244 aeterna
1049 3186 1338 3244 societate
1368 3203 1508 3258 gau-

435 3265 602 3324 dere.
692 3265 819 3325 Per
866 3265 1184 3326 Dominum
1246 3276 1507 3326 nostrum

433 3345 653 3405 Jesum
695 3345 1015 3414 Christum,
1057 3354 1170 3406 etc.

775 3560 1057 3621 Oratio
1093 3561 1179 3621 H.

548 3685 720 3745 Deus
758 3686 858 3760 qni
896 3687 1044 3745 miro
1083 3687 1288 3745 ordine
1310 3687 1506 3761 Ange·

439 3767 635 3824 lorum
700 3768 1040 3826 ministeria
1099 3768 1507 3841 hominumque

439 3846 774 3920 dispensas,
815 3848 1070 3906 concede
1101 3848 1407 3922 propitius,
1443 3855 1512 3907 ut

440 3943 481 3985 a
519 3928 737 4001 quibus
783 3927 897 3986 tibi
935 3928 1410 3987 ministrantibus
1449 3930 1509 3986 in

442 4009 612 4066 coelo
650 4024 886 4081 semper
922 4008 1246 4081 assistitur,
1303 4011 1379 4067 ab
1417 4010 1509 4067 his

441 4088 506 4146 in
544 4093 717 4146 terra
753 4089 883 4147 vita
934 4094 1140 4148 nostra
1190 4090 1508 4148 muniatur.

440 4167 570 4227 Per
618 4167 940 4228 Dominum
988 4175 1252 4228 nostrum
1299 4169 1345 4227 J
1349 4186 1510 4227 esum

444 4246 751 4307 Christum
765 4248 987 4308 Filium
1003 4255 1183 4322 tuum,
1202 4251 1301 4322 qui
1316 4256 1509 4308 tecum

440 4329 603 4387 vivit
652 4335 714 4387 et
750 4337 971 4403 regnat
1007 4331 1067 4388 iu
1105 4329 1338 4389 unitate
1378 4329 1511 4402 Spi-

442 4409 602 4469 ritus
651 4411 848 4469 sancti
901 4409 1098 4482 Beue,
1154 4428 1265 4484 per
1316 4411 1511 4468 omnia

444 4490 692 4564 saecula
729 4491 1116 4552 saeculorum.
1191 4491 1404 4552 Amen.

1756 722 1941 803 ΪΙρᾷος
1977 732 2140 802 πάρει
2180 733 2404 799 δεητικῷ

1691 818 1815 868 Τῶν
1851 828 1937 866 σοι
1980 812 2251 867 ὑπαιτίων
2287 814 2455 883 χορῷ,

1683 894 1805 947 Σύν
1841 893 1886 945 τ’
1925 893 2127 966 άντολῇ
2163 897 2253 960 τῆς
2287 892 2501 963 ἡμέρας,

1688 975 1900 1028 Καινὸν
1937 974 2081 1045 φάος
2116 973 2213 1033 δός
2248 973 2509 1044 καρδίαις,

1689 1141 1692 1144 .
1755 1100 1925 1170 Ἡμῖν
1962 1099 2082 1160 τεός
2119 1098 2173 1151 θ’
2214 1097 2244 1152 ὁ
2283 1099 2514 1168 ἄγγελος

1690 1184 1936 1249 Ταχθεὶς
1973 1179 2151 1251 φύλαξ
2189 1183 2292 1233 νῦν
2329 1178 2529 1232 ἐνθάδε
2627 1230 2631 1235 .

1686 1264 1963 1330 Παρίστω,
2000 1258 2145 1330 ἡμᾶς
2182 1263 2370 1312 αἰτιῶν
2501 1267 2511 1273 ’

1688 1342 1822 1394 'And
1861 1345 2083 1411 φθορᾶς
2119 1339 2429 1412 φυλάξειεν.

1765 1467 1879 1521 Τὸν
1915 1465 2386 1538 συκοφαντήσαντ’
2425 1465 2562 1535 ὅφιν

1678 1550 1897 1603 ‘nascer
1931 1545 2069 1617 ἡμῖν
2103 1545 2396 1611 βάσκανον,

1690 1628 1790 1695 Μὴ
1830 1627 2033 1695 δικτύῳ
2070 1625 2394 1693 πολυπλόκῳ

1685 1709 1877 1776 Στήθη
1910 1706 2047 1781 λάβῃ
2084 1707 2370 1773 άνευλαβῆ.

1756 1835 2015 1904 Ἐχθρῶν
2051 1833 2278 1906 άναιρέῃ
2315 1832 2497 1904 φόβον

1687 1914 1873 1985 Ἠμῶν
1908 1913 2136 1969 ἄπωθεν
2173 1913 2462 1986 πειράτων,

1687 2000 1899 2055 Ἀστοῖς
1933 1995 2074 2064 διδῷ
2110 1996 2172 2048 τὸ
2210 1996 2442 2065 ἥσυχον,

1688 2075 1872 2149 Boiam
1911 2076 2082 2131 νόσον
2118 2081 2551 2149 φθισίμβροτον.

1761 2201 1908 2267 Δόξα
1944 2203 2093 2261 κλέος
2128 2221 2183 2256 τε
2223 2206 2298 2270 τῷ
2334 2206 2520 2271 πατρί,

1676 2282 1770 2341 Ὃς
1805 2278 1887 2342 οἷς
1921 2281 2028 2335 ἔδω
2064 2282 2265 2353 λύτρον
2301 2286 2461 2343 τέκος,

1690 2363 1847 2430 Πνοή
1885 2381 1940 2417 τε
1978 2367 2198 2433 χρίσμα
2233 2364 2449 2425 ἔνθεον,

1691 2443 1777 2496 Δι’
1817 2443 2065 2512 ἀγγέλων
2090 2442 2400 2513 φυλαξάτω.
2457 2442 2646 2513 Ἀμήν,

1975 2661 2206 2711 ΕΥΧΗ
2236 2656 2324 2709 A'.

1728 2786 1865 2843 Θεὸς
1911 2782 1941 2836 ό
1987 2787 2049 2856 τῇ
2103 2782 2390 2854 άποῤῥήτῳ
2446 2787 2681 2853 προνοίᾳ

1616 2865 1744 2925 τοῦς
1780 2863 1975 2934 άγίους
2010 2863 2274 2933 ἀγγέλους
2324 2879 2427 2917 σου
2474 2869 2549 2924 εἰς
2585 2864 2683 2930 τήν

1617 2945 1868 3018 φυλακὴν
1904 2944 2061 3016 ἡμῶν
2098 2948 2316 3014 πέμψαι
2352 2942 2537 3016 ἀξιῶν,
2575 2943 2683 2996 δώ-

1618 3042 1776 3096 ρησαι
1803 3032 1917 3086 τοῖς
1954 3028 2148 3084 ἱκέταις
2173 3039 2289 3088 σου,
2332 3029 2396 3097 τῇ
2419 3043 2475 3078 τε
2504 3023 2684 3077 αὐτῶν

1618 3112 1782 3180 σκέπῃ
1800 3106 2106 3179 ῦπερασπίζ
2109 3109 2288 3169 εσθαι,
2303 3109 2392 3157 καὶ
2407 3109 2471 3178 τῇ
2481 3108 2683 3171 αἰωνίῳ

1617 3187 1827 3259 ἑταιρίᾳ
1852 3187 2176 3258 ἐπιχαίρειν.
2219 3185 2326 3238 Διιὶ
2348 3191 2447 3239 τοῦ
2468 3190 2682 3255 Κυρίου

1617 3267 1775 3338 ἡμῶν
1799 3267 1975 3334 Ἰησοῦ
2017 3271 2283 3338 Χριστοῦ,
2320 3270 2407 3318 καὶ
2448 3266 2513 3319 τά
2552 3265 2682 3331 ἑξῆς.
2745 3283 2751 3289 ·

1975 3566 2210 3613 ΕΥΧΗ
2242 3559 2323 3612 Β’.

1730 3685 1886 3757 Θεός,
1909 3684 1940 3738 ὁ
1967 3688 2263 3756 θαυμαστῇ
2287 3683 2435 3750 τάξει
2462 3683 2556 3743 τάς
2581 3685 2682 3753 ἅγ-

1617 3769 1789 3835 γέλων
1825 3769 1912 3817 καὶ
1939 3764 2253 3835 ἀνθρώπων
2278 3765 2575 3837 ὑπηρεσίας
2600 3768 2681 3817 οἰ-

1617 3851 1887 3918 κονομῶν,
1927 3845 2293 3917 συγχώρησον
2321 3845 2576 3915 εὐμενῶς,
2616 3844 2685 3904 ὠς

1616 3927 1726 3982 ὑπὸ
1767 3932 1874 3980 τῶν
1911 3926 2004 3980 det
2039 3941 2126 3978 σοι
2159 3926 2217 3980 ἐν
2242 3925 2460 3998 οὐρανῷ
2483 3925 2685 3995 ὑπηρε-

1618 4007 1863 4061 τούντων
1910 4009 2000 4058 καὶ
2036 4009 2457 4079 παρισταμένων
2503 4005 2534 4073 ἡ
2566 4006 2683 4059 ἐπί-

1618 4107 1765 4158 γειος
1799 4086 1958 4157 ἡμῶν
1994 4087 2099 4152 ζωὴ
2137 4086 2518 4156 α’σφαλίζηται.
2577 4086 2681 4138 Au?

1618 4173 1719 4222 τοῦ
1757 4171 1971 4238 Κυρίου
2023 4165 2180 4236 ἡμῶν
2215 4165 2395 4232 Ἰησοῦ
2435 4171 2686 4237 Χριστοῦ

1618 4252 1746 4302 υἱοῦ
1783 4261 1904 4320 σου,
1942 4248 2003 4307 ὃς
2033 4249 2097 4318 ζῇ
2131 4250 2219 4300 καὶ
2242 4245 2517 4310 βασιλεύει
2541 4246 2682 4317 μετά

1620 4346 1721 4383 σου
1741 4330 1801 4382 ἐν
1819 4327 2034 4394 ἑνότητι
2053 4331 2151 4380 τοῦ
2171 4325 2483 4396 πνεύματος
2500 4326 2684 4395 άγίου,

1624 4409 1766 4476 θεός,
1818 4413 1893 4468 εἰς
1930 4408 2137 4468 πάντας
2173 4410 2371 4466 αἰῶνας
2419 4411 2527 4460 τῶν
2564 4405 2684 4460 αἰώ-

1621 4509 1748 4553 νων,
1787 4489 1952 4559 ἀμήν.
