3514 5391
798 498 869 554 62
1384 497 1543 553 Festa
1577 499 1789 554 mobilia
1823 503 1945 553 ante
1983 497 2458 569 Quadragesimam.

800 700 888 765 ad
933 698 1212 761 Atticum
1249 698 1383 781 jam
1413 697 1751 781 usurpavit,
1802 718 1917 781 pro
1949 698 2327 783 temporaria
2360 698 2597 763 scilicet
2624 698 3040 777 habitatione3

801 799 901 863 alii
949 796 1125 863 aliter
1173 796 1498 879 explicant,
1549 801 1733 880 prout
1765 795 2046 879 pluribus
2078 796 2400 880 exequitur
2429 792 2776 869 Moroni‚
2825 795 3040 859 Dizio-

798 898 985 960 naPio
1017 895 1088 959 di
1116 893 1473 958 erudizione
1502 895 2209 974 scotico-ecclesiastica,
2258 899 2301 960 t.
2338 894 2442 971 69,
2478 915 2579 978 pp.
2607 894 2740 959 280
2768 913 2942 980 seqq.
2974 894 3040 977 l).

982 1003 1292 1068 Statioues
1355 1021 1402 1066 s,
1456 1002 1798 1087 Gregorius
1852 1002 1941 1069 Μ.
2012 1007 2203 1067 certo
2242 1002 2357 1067 sub
2421 1022 2680 1066 numero
2742 1000 3045 1082 limitavit,

801 1104 1056 1168 totidem
1107 1121 1216 1184 per
1262 1104 1457 1165 totum
1509 1120 1738 1164 annum
1789 1105 2084 1167 statuens,
2183 1099 2526 1180 Stationes,
2567 1099 2771 1183 inquit-
2801 1098 3041 1162 Joan-

799 1222 940 1267 nes
989 1200 1202 1265 Diae.
1251 1199 1314 1262 in
1377 1198 1523 1262 Vita
1571 1220 1618 1262 s.
1659 1197 1846 1283 G'rey.
1898 1199 2021 1277 M.‚
2085 1198 2123 1265 l.
2176 1199 2237 1275 2,
2288 1220 2346 1263 n.
2398 1199 2500 1276 18,
2552 1219 2677 1285 per
2723 1196 3044 1263 Basilicas

799 1300 897 1365 vel
944 1301 1263 1363 beatorum
1308 1307 1655 1383 martyrum
1701 1299 2089 1375 coemeteria,
2151 1296 2493 1361 secandum
2539 1296 2705 1382 quod
2748 1298 3045 1360 hactenns

790 1399 972 1488 plebs
1022 1401 1315 1462 Romana
1373 1396 1560 1480 quasi
1604 1417 1673 1457 eo
1722 1397 1963 1459 vivente
2011 1397 2299 1460 certatim
2344 1396 2666 1473 discurrit,
2731 1394 3045 1459 sollicita-s

800 1497 1157 1561 ordinavit:
1212 1517 1335 1581 per
1394 1516 1554 1578 quas
1615 1504 1675 1557 et
1732 1493 1870 1579 ipse
1931 1492 2120 1558 simul
2179 1494 2543 1558 discurrens
2564 1545 2579 1573 ,
2645 1493 2795 1556 dam
2841 1491 3046 1556 adhuc

799 1597 1007 1682 eloqui
1046 1591 1469 1680 praevaleret,
1530 1593 1759 1677 viyinti
1803 1592 2096 1656 homilias
2144 1591 2482 1678 Evanqelii
2527 1614 2738 1657 coram
2783 1591 3047 1656 ecclesia

800 1696 1049 1759 diverso
1115 1702 1384 1778 tempore
1446 1690 1862 1773 declamavit;
1925 1691 2206 1777 reliquas
2266 1714 2410 1756 vero
2473 1690 2750 1780 ejusdem
2803 1691 3049 1754 numeri

802 1794 1068 1857 dictavit
1112 1789 1382 1877 quidem,
1433 1788 1563 1869 sed,
1613 1789 1984 1854 lassescente
2033 1791 2341 1854 stomacho
2393 1788 2693 1875 lanyuore
2730 1790 3044 1865 continuo,

802 1890 955 1955 aliis
990 1887 1516 1977 pronuntiandas
1561 1889 1868 1951 commisit
1913 1887 2178 1973 (Migne,
2227 1888 2296 1953 P.
2346 1882 2393 1953 l.
2437 1893 2481 1953 t.
2533 1888 2637 1966 75,
2688 1909 2745 1973 p.
2796 1887 2931 1967 94).

981 1996 1275 2081 Quamvis
1323 2014 1371 2061 S.
1423 1995 1766 2079 Gregorius
1814 1994 1947 2073 M.,·
1994 1996 2290 2061 stationes
2336 1994 2398 2060 in
2448 1996 2598 2061 orbe
2647 1994 3042 2069 instituendO,

804 2097 1085 2161 ordinem
1134 2093 1479 2165 variarum,
1544 2094 1602 2157 in
1654 2113 1809 2176 quas
1858 2093 2029 2158 Urbs
2091 2094 2289 2158 divisa
2349 2099 2512 2171 erat,
2576 2095 2897 2179 regionum
2948 2112 3044 2155 se-

986 2368 1028 2434 ι)
1069 2362 1337 2420 Stationis
1374 2362 1675 2416 vocabulum
1712 2362 1908 2431 passim
1957 2377 2110 2415 sensu
2157 2362 2339 2431 jejunii
2383 2362 2642 2431 accipiunt
2678 2368 2886 2415 veteres
2922 2359 3047 2413 scri·

803 2455 979 2520 ptores
1017 2443 1373 2510 ecclesiastici,
1411 2446 1469 2496 ut
1506 2442 1818 2513 Hermas,
1859 2442 2085 2507 Pastor,
2123 2442 2156 2496 l.
2183 2444 2234 2509 3,
2274 2443 2426 2500 simil.
2453 2443 2503 2509 5,
2540 2459 2591 2496 n.
2619 2444 2648 2496 1
2680 2441 2836 2510 (apud
2857 2441 3047 2509 Migne,

802 2530 946 2584 Patr.
983 2544 1064 2597 gr.
1102 2532 1142 2579 t..
1180 2525 1230 2589 2,
1271 2539 1318 2593 p.
1356 2522 1516 2589 957);
1555 2521 2067 2592 Tertullianu8‚
2107 2522 2176 2576 de
2216 2538 2435 2589 corona,
2473 2539 2517 2577 c.
2558 2524 2620 2577 11
2664 2522 2823 2592 (apud
2859 2520 3047 2590 Migne,

802 2610 947 2664 Patr.
986 2608 1077 2662 lat.
1116 2610 1156 2660 t.
1194 2606 1245 2671 2,
1285 2619 1334 2672 p.
1371 2603 1483 2671 92),
1521 2601 1589 2656 de
1625 2603 1832 2668 aalma,
1870 2619 1914 2657 c.
1952 2604 2024 2656 48
2064 2602 2204 2668 (ibid.
2243 2617 2293 2671 p.
2332 2604 2479 2671 733),
2519 2602 2591 2657 de
2608 2601 2871 2672 jejuniis,
2908 2618 2952 2655 c.
2982 2602 3050 2656 10

806 2689 947 2756 (ibid.
985 2706 1035 2761 p.
1073 2687 1230 2754 966):
1284 2682 1664 2740 Cassianus
1702 2682 1771 2737 de
1807 2683 2016 2738 coenob.
2055 2682 2247 2750 instit„
2284 2683 2319 2738 l.
2359 2683 2409 2750 5,
2448 2700 2523 2739 cc.
2561 2683 2647 2737 20.
2688 2687 2742 2737 et
2778 2682 2866 2737 24.
2904 2681 3050 2746 (ibid.

802 2777 842 2826 t.
879 2772 967 2838 49,
1005 2785 1089 2841 pp.
1126 2767 1249 2823 236.
1288 2769 1343 2819 et
1379 2765 1525 2834 243),
1565 2770 1620 2820 et
1656 2765 1832 2820 collat.
1871 2765 1965 2833 21,
2003 2783 2048 2823 c.
2074 2766 2144 2820 29
2184 2765 2327 2830 (ibid.
2354 2781 2405 2835 p.
2429 2767 2627 2835 1208),
2667 2782 2709 2819 s,
2752 2764 3051 2822 Isidorus

804 2848 1234 2920 HispalensiS,
1290 2846 1567 2914 etymology.
1606 2845 1640 2898 l.
1676 2848 1727 2912 6,
1787 2863 1830 2900 c.
1871 2847 1939 2900 19
1991 2845 2133 2910 (ibid.
2172 2851 2212 2900 t.
2252 2847 2340 2914 82,
2374 2862 2426 2916 p.
2469 2846 2616 2914 258).
2707 2844 2838 2900 Sunt
2875 2846 3051 2910 etiam,

803 2933 889 3003 qui
926 2947 1040 2985 cum
1076 2928 1345 2982 Rabano
1383 2925 1608 2979 Mauro
1658 2925 1725 2978 de
1763 2926 1933 2980 instIt.
1971 2927 2153 2981 cleric.
2193 2925 2225 2979 l.
2265 2927 2315 2993 2,
2369 2943 2396 2981 c
2454 2927 2539 2981 18.
2590 2926 2665 2979 ita
2704 2926 2982 2982 stationem
3020 2940 3051 2978 a

797 3012 992 3084 jejunio
1017 3009 1353 3076 distinguant,
1391 3006 1755 3075 utJvJuninm,
1779 3006 1940 3060 verba
1966 3012 2086 3060 sunt
2110 3005 2328 3072 Rabani,
2362 3006 2750 3075 iudifferenter
2772 3006 2850 3059 sit
2871 3005 3051 3072 cajus-

803 3091 933 3147 libet
969 3090 1082 3144 diei
1116 3085 1468 3150 abstinentia„
1500 3101 1604 3139 non
1642 3086 1935 3141 secundam
1973 3087 2163 3156 leym,
2199 3086 2301 3140 sed
2322 3086 2615 3140 secundam
2639 3087 2932 3157 propriam
2968 3100 3051 3139 ro-

804 3173 1086 3236 lantatem,
1134 3167 1298 3221 statio
1347 3169 1526 3219 autem
1579 3166 1884 3221 observatio
1932 3169 2260 3224 statutorum
2311 3167 2525 3224 dieram
2540 3207 2558 3234 ‚
2612 3169 2675 3220 ut
2720 3169 2954 3235 quartae
3000 3169 3055 3218 et

804 3256 997 3307 sextae
1025 3249 1218 3320 feriae
1239 3246 1519 3317 jejunium
1560 3246 1701 3308 (ibid.
1739 3251 1780 3301 t.
1823 3248 1923 3302 107
1942 3289 1954 3312 ,
2007 3264 2057 3317 p.
2092 3248 2241 3314 334).
2330 3248 2434 3302 Cur
2470 3252 2645 3302 autem
2682 3247 2842 3301 statio
2879 3245 3051 3316 appel-

805 3333 967 3386 latum
1005 3329 1074 3382 sit
1104 3327 1368 3397 jejunium,
1407 3327 1631 3395 explicat
1669 3333 1851 3381 auctor
1885 3329 2157 3382 sermonis
2195 3327 2296 3394 21,
2347 3327 2431 3398 qui
2469 3332 2646 3382 exstat
2682 3327 2734 3380 in
2771 3327 3052 3396 appendice

806 3427 1015 3482 operum
1053 3426 1094 3462 S.
1133 3408 1472 3462 Ambrosii
1513 3407 1654 3473 (ibid.
1694 3414 1733 3461 t.
1773 3410 1858 3474 17,
1896 3424 1947 3477 p.
1985 3409 2131 3476 644).
2210 3409 2430 3474 Castra,
2481 3408 2674 3478 inquit,
2725 3408 2882 3464 nobis
2926 3410 3057 3461 sunt

806 3496 997 3547 nostra
1021 3490 1268 3560 jejunia,
1305 3504 1443 3557 quae
1479 3503 1580 3542 nos
1615 3504 1650 3541 a
1688 3488 1954 3543 'diabolica
1994 3489 2384 3558 oppugnatione
2421 3487 2736 3559 defendunt.
2801 3486 3053 3557 Denique

805 3573 1070 3627 stationes
1107 3572 1383 3634 vocantur,
1423 3569 1574 3639 quod
1606 3572 1820 3624 stantes
1856 3573 1908 3623 et
1944 3573 2339 3624 commorantes
2382 3569 2438 3624 in
2478 3569 2561 3623 eis
2595 3568 2936 3622 inimicorum
2972 3568 3052 3622 in·

806 3653 983 3708 sicitas
1018 3651 1379 3719 repellamus·
1417 3654 1621 3720 sumpta
1657 3651 1895 3705 nimirum
1926 3651 2231 3720 metaphora
2266 3667 2299 3704 a
2330 3650 2577 3704 militibus
2602 3649 2938 3714 stationariis,
2978 3649 3051 3702 vi-

807 3734 961 3803 gilias
1000 3732 1051 3785 in
1089 3731 1195 3788 suis
1233 3731 1541 3784 stationibus
1579 3731 1954 3798 exercentibus,
1993 3732 2106 3800 ipsa
2144 3731 2339 3784 mansio
2378 3747 2468 3784 seu
2496 3746 2656 3798 mora,
2696 3745 2847 3799 quam
2874 3728 3052 3783 fideles

808 3815 858 3868 in
896 3811 1229 3868 conventibus
1267 3811 1373 3864 suis
1405 3812 1699 3880 jejunantes
1749 3828 1812 3866 ac
1848 3811 2129 3881 vigilantes
2167 3812 2409 3880 agebant,
2460 3810 2746 3880 promiscue
2769 3809 3054 3879 jejunium

811 3899 866 3948 et
902 3892 1067 3947 statio
1103 3891 1385 3945 dicebatur.
1461 3892 1539 3946 De
1585 3891 1898 3947 stationibus
1949 3907 2225 3961 earumque
2270 3887 2526 3945 varietate
2582 3897 2637 3945 et
2673 3890 2788 3944 aliis
2840 3907 2902 3945 eo
2940 3907 3052 3960 per·

808 3974 1090 4028 tinentibus
1126 3972 1234 4026 late
1271 3971 1472 4041 quidem
1511 3972 1721 4041 scripsit
1757 3971 2139 4042 onuphrius
2175 3971 2577 4038 Panvinius;
2631 3971 2722 4026 sed
2758 3971 3053 4025 accuratius

808 4071 917 4110 rem
954 4053 1279 4109 illustrarunt
1326 4053 1643 4106 recentiores
1692 4053 2004 4122 scriptores,
2061 4068 2093 4105 a
2130 4051 2381 4105 Moroni
2433 4050 2640 4105 adducti
2686 4050 2719 4104 l.
2758 4067 2802 4105 c.
2876 4050 3053 4104 Videri

809 4137 967 4189 etiam
1004 4139 1218 4203 possunt
1268 4149 1400 4203 quae
1446 4149 1539 4186 nos
1589 4133 1685 4201 ipsi
1737 4132 1800 4187 de
1838 4133 2018 4187 eodem
2054 4137 2359 4200 arg-umento
2397 4131 2693 4200 scripsimus
2731 4131 2781 4184 in
2819 4145 2946 4185 com.
2986 4130 3054 4184 de

809 4214 1114 4269 rationibus
1140 4215 1416 4284 festorum
1454 4213 1747 4280 mobilium,
1786 4230 1868 4283 pp.
1907 4215 1977 4268 65
2014 4229 2154 4283 seqq.
2197 4243 2259 4251 -—
2313 4212 2382 4266 Iis
2419 4213 2651 4270 omnibus
2697 4211 2763 4265 ad
2799 4211 3053 4266 cumulum

809 4297 1024 4351 accedat
1061 4294 1277 4362 insignis
1315 4292 1579 4358 articulus,
1632 4309 1783 4363 quem
1820 4294 1951 4363 prof.
1991 4292 2207 4360 Fuuk,
2258 4292 2340 4345 vir
2387 4292 2450 4345 de
2488 4291 2882 4361 antiquitatibus
2920 4290 3053 4344 chri·

809 4377 990 4429 stiauis
1025 4375 1215 4445 optime
1253 4374 1484 4438 meritus,
1535 4374 1744 4442 scripsit
1782 4374 1834 4426 in
1871 4373 2093 4427 doctoris
2132 4372 2302 4426 Kraus
2342 4365 2915 4441 Real-Encyklopadie
2951 4369 3055 4434 der

808 4455 1155 4509 christlichen
1197 4453 1589 4510 Allerthtlmer.
1626 4460 1664 4506 t.
1704 4454 1753 4519 2,
1794 4469 1876 4522 pp.
1916 4453 2214 4509 782—783.
