3514 5391
504 662 523 669 a-
534 659 881 671 *ο-ο-υι-ι-ι

944 541 1121 607 Mense
1156 544 1411 621 Augusto.
1467 539 1680 604 Festum
1717 564 1760 602 s.
1797 538 2047 603 Joaehim.
2513 536 2616 601 497

846 846 1070 906 Festa
1114 842 1426 904 mobilia
1472 855 1733 902 mense
1780 844 2143 917 Augusto.

558 979 937 1065 Conceptiva
995 980 1297 1045 solemnia
1358 980 1714 1044 communia
1774 976 2027 1043 exhibet
2089 977 2415 1062 Augustus
2493 997 2616 1044 nou

389 1077 641 1161 amplius
689 1080 847 1143 duo:
897 1098 945 1143 s.
997 1077 1312 1157 Joachim,
1368 1073 1785 1161 Confessoris,
1833 1074 2054 1138 Patris
2083 1074 2161 1139 B.
2194 1076 2450 1140 Mariae
2485 1075 2617 1139 Vir-

385 1177 561 1260 ginis,
611 1187 670 1239 et
720 1175 1059 1240 Pur-issimi
1113 1171 1340 1239 Cardia
1380 1174 1656 1238 Mariae.

549 1297 827 1370 Antiqua
861 1298 1246 1357 Kalendaria
1284 1297 1543 1370 syriaca,
1578 1314 1733 1370 quae
1775 1313 1850 1354 ex
1886 1295 2274 1354 Bibliotheca
2313 1296 2620 1357 Vaticana

385 1377 682 1452 descripta
730 1378 1129 1453 possidemuS‚
1185 1379 1296 1436 hoc
1347 1394 1547 1435 mense
1600 1374 1876 1435 referunt
1927 1375 2039 1434 duo
2091 1374 2215 1432 alia
2263 1374 2618 1436 Sanctorum

382 1456 537 1517 festa
575 1459 948 1532 conceptiva,
988 1475 1025 1516 a
1062 1458 1185 1517 ritu
1211 1474 1431 1531 graeco
1470 1473 1712 1531 prorsus
1754 1457 1972 1525 aliena,
2013 1456 2268 1514 alterum
2307 1454 2341 1514 f
2349 1474 2380 1515 e
2398 1458 2620 1517 riaII.

381 1538 874 1598 hebdomadis
931 1541 1252 1613 primae:
1308 1557 1354 1594 s.
1396 1538 1603 1603 Adaei,
1653 1537 1927 1608 apostoli,·
1983 1537 2240 1595 alterum
2288 1536 2488 1596 teria
2534 1537 2621 1596 II.

380 1618 515 1678 heb
532 1619 691 1679 dom
709 1637 748 1677 a
765 1620 881 1678 dis
920 1636 995 1678 se
1012 1635 1147 1692 que
1168 1620 1325 1678 ntis
1346 1617 1420 1688 ²):
1459 1635 1503 1674 s.
1527 1618 1862 1673 Aeaeaelis:
1900 1618 2170 1689 quamvis
2195 1618 2412 1691 prioris
2440 1618 2621 1677 etiam

380 1706 541 1758 stata
579 1701 869 1759 memoria
908 1700 988 1758 sit
1025 1700 1121 1758 die
1159 1701 1209 1759 5.
1251 1699 1602 1772 consignata
1618 1697 1677 1767 ²).
1724 1706 1732 1714 ·

557 1899 816 1964 Festum
863 1923 912 1964 ε.
961 1880 1273 1977 Joachim,
1330 1895 1743 1983 Confessoris,
1796 1897 2013 1960 Patris
2058 1897 2134 1963 B.
2184 1897 2276 1960 M.
2339 1896 2408 1962 V.

561 2022 815 2089 Cultum
864 2045 916 2088 s.
965 2023 1257 2088 Joachim
1304 2027 1617 2089 vetustum
1664 2024 1729 2087 in
1777 2022 2060 2088 Ecclesia
2106 2023 2375 2106 produnt
2403 2043 2622 2088 monu-

380 2127 605 2200 menta,
660 2142 823 2207 quae
871 2140 945 2187 ex
992 2122 1410 2187 Bollandianis
1454 2122 1864 2187 indicavimus
1911 2126 2077 2186 tomo
2128 2125 2185 2199 1,
2235 2142 2291 2205 p.
2345 2122 2496 2201 222,
2528 2142 2625 2188 re-

380 2222 721 2287 centiorem
768 2221 971 2286 fusius
1018 2225 1476 2304 persequuntur
1520 2220 1660 2285 libri
1706 2221 1769 2284 in
1801 2218 2324 2291 Kirchenleoeicovz
2356 2220 2624 2291 indicati.

381 2319 513 2385 loco
560 2319 803 2384 ibidem
846 2318 1130 2384 adducto.

554 2442 646 2502 Iis
687 2443 1044 2501 adnumeres
1081 2443 1235 2515 quod
1273 2443 1495 2501 editum
1537 2459 1574 2499 a
1605 2440 1681 2501 R.
1708 2441 1786 2503 D.
1814 2441 2106 2500 Rocchi
2145 2448 2238 2500 est
2275 2458 2417 2515 opus
2455 2459 2626 2513 prae·

380 2524 808 2591 clarissimum,
860 2522 1029 2594 cujus
1079 2523 1190 2581 hoc
1234 2523 1361 2581 loco
1411 2523 1634 2581 mentio
1671 2522 1972 2581 facienda.
2046 2522 2406 2581 Inscribitur
2442 2522 2626 2582 liber:

378 2603 459 2658 Le
488 2604 679 2673 glorie
715 2603 777 2657 di
810 2620 856 2657 s.
897 2604 1192 2659 Oioaclu'no
1212 2646 1225 2659 .
1265 2604 1450 2674 padre
1487 2604 1548 2658 di
1582 2604 1772 2658 Maria
1826 2604 2074 2673 Verqt‘ne,
2110 2604 2337 2659 secondo
2388 2606 2412 2658 i
2447 2605 2632 2659 Padri

377 2684 498 2740 dell'
519 2685 770 2750 Oriente,
807 2685 1123 2756 esposte.da
1160 2684 1238 2744 D.
1264 2684 1605 2744 Antonio
1643 2683 1966 2758 Bocchi,
2017 2701 2240 2740 monaco
2276 2685 2546 2739 basiliano
2564 2684 2626 2758 ⁸).

378 2763 645 2838 Spissum
691 2771 787 2824 est
822 2782 965 2839 opus
1004 2771 1180 2839 atque
1222 2782 1529 2840 operosum
1572 2772 1634 2824 et
1673 2766 1938 2824 omnibus
1976 2766 2236 2824 numeris
2277 2766 2627 2832 absolutum,

381 2845 437 2903 in
476 2852 737 2917 quatuor
772 2852 980 2918 partes
1007 2844 1278 2912 divisum,
1317 2863 1466 2919 quae
1498 2851 1635 2904 sunt
1662 2846 1847 2904 istae:
1888 2847 1937 2904 1.
1976 2847 2096 2901 Atti
2117 2846 2178 2900 di
2199 2863 2245 2899 3.
2270 2846 2629 2906 Gioacchino:

377 2925 426 2984 2.
482 2927 642 2982 Virta
682 2925 745 2980 dt·
764 2943 810 2980 8.
839 2927 903 2980 G.
918 2941 946 2995 ,·
980 2928 1031 2986 3.
1078 2926 1239 2981 Titoli
1259 2926 1320 2980 di
1344 2944 1389 2981 3.
1420 2929 1523 2994 (1'.,·
1559 2927 1611 2985 4.
1655 2927 1807 2981 Calto
1844 2927 1905 2981 di
1938 2944 1984 2981 s.
2025 2931 2087 2981 G.
2121 2976 2130 2986 .
2161 2926 2480 2985 Postrema
2516 2926 2631 2984 hac

378 3012 552 3080 part-e
591 3006 961 3081 praesertim
1000 3014 1235 3078 cuncta,
1274 3023 1426 3079 quae
1466 3007 1542 3065 ad
1583 3007 1804 3065 cultum
1845 3025 1890 3064 s,
1925 3006 1968 3065 J
1973 3007 2201 3065 oachim
2242 3007 2398 3081 apud
2437 3005 2627 3065 Grae-

382 3103 495 3155 cos»,
549 3087 631 3147 ad
672 3085 838 3146 festa
878 3087 1006 3159 ejus
1057 3093 1120 3146 et
1156 3089 1383 3161 templa
1422 3093 1716 3162 spectant,
1770 3088 2125 3159 luculenter,
2177 3088 2450 3162 graviter
2500 3105 2628 3146 eru·

382 3167 625 3241 diteque
670 3176 1043 3241 exponuntur
1058 3168 1122 3240 ⁴).
2141 3207 2150 3213 -

561 3267 799 3326 Allatis
841 3283 877 3323 a
917 3266 989 3324 cl.
1031 3272 1275 3325 auctore
1328 3266 1598 3324 addimus
1650 3272 1851 3324 tamen
1903 3267 1964 3324 in
2018 3267 2195 3325 dictis
2231 3266 2629 3325 Kalendariis

382 3348 605 3406 nostris
647 3347 933 3421 syriacis,
982 3346 1324 3405 memoriam
1365 3363 1439 3404 ss.
1478 3345 1755 3405 Joachim
1798 3352 1861 3404 et
1897 3346 2111 3406 Annae
2165 3347 2388 3420 pluries
2427 3363 2629 3406 occur·

566 3535 611 3606 ι)
651 3535 780 3590 Dies
805 3535 905 3590 iste
931 3535 1150 3604 plurium
1175 3536 1711 3590 commemorationum
1738 3535 2144 3605 conjunctionem
2163 3536 2347 3591 habet:
2375 3553 2419 3590 ε.
2436 3536 2633 3590 Adaei.

385 3617 621 3687 apostoli
630 3657 650 3684 ,
705 3619 761 3672 et
803 3615 1029 3670 Samiae
1078 3619 1132 3669 et
1166 3615 1444 3686 Saphirae
1498 3617 1695 3671 uxoris
1746 3617 1869 3685 ejas
1920 3619 1974 3670 et
1994 3619 2291 3686 parentum
2340 3635 2386 3671 s,
2430 3617 2632 3671 Paliae.

387 3696 665 3751 Caeterum
703 3697 753 3751 in
792 3696 935 3750 hisce
971 3695 1298 3751 Kalendariis
1334 3713 1381 3751 ε.
1409 3696 1651 3764 Adaeus,
1687 3697 1965 3751 honorifico
1985 3696 2267 3766 Principis
2289 3695 2633 3766 septuayinta

390 3777 799 3848 (discipulorum)
854 3777 1005 3831 titulo
1040 3776 1318 3845 insignitus
1369 3777 1434 3831 ad
1471 3778 1518 3830 d.
1557 3778 1644 3832 28.
1684 3777 1893 3847 Aprilis,
1950 3778 2248 3847 frequenter
2285 3777 2524 3840 occurrit,
2576 3783 2634 3831 ut

388 3858 470 3913 vel
508 3874 575 3912 ex
611 3875 712 3912 uuo
750 3873 926 3912 mense
963 3855 1312 3911 Pentecostali
1350 3873 1506 3927 supra
1543 3857 1773 3912 exhibito
1809 3873 1894 3927 pp.
1932 3858 2218 3911 415—416
2254 3856 2416 3911 videri
2444 3861 2632 3925 potest.

392 3965 453 3974 —
494 3936 549 3992 Si
586 3937 886 3992 Kalendarii
924 3941 1047 3991 tom.
1087 3940 1136 3991 1.
1177 3938 1309 3992 forte
1350 3938 1557 4007 legeris,
1596 3941 1833 3992 sanctum
1870 3943 2104 3992 nostrum
2131 3938 2395 4006 cognitum
2420 3937 2644 3998 habebis

395 4033 458 4070 ex
498 4019 763 4073 annotatis
799 4034 884 4087 pp.
921 4017 1028 4071 255
1066 4023 1122 4071 et
1157 4018 1281 4073 476.

570 4096 614 4166 ²)
656 4098 734 4153 De
759 4113 806 4152 3.
824 4098 1108 4152 Aeaeaele
1143 4101 1392 4169 martyre
1417 4099 1774 4154 Samosateno
1801 4099 1894 4152 sub
1917 4099 2228 4154 Maximiano
2258 4098 2497 4151 videatur
2517 4099 2560 4150 A
2578 4114 2634 4150 s-

394 4193 632 4233 scman.
671 4179 744 4233 B.
783 4194 831 4232 0.
868 4182 909 4232 t.
947 4179 998 4245 3,
1036 4184 1171 4249 part.
1212 4182 1262 4245 1,
1300 4195 1350 4249 p.
1389 4181 1512 4235 636.

573 4255 618 4326 ’)
657 4257 850 4313 Grotta
889 4258 1102 4326 ferrata,
1141 4260 1219 4313 coi
1257 4260 1351 4330 tipi
1391 4260 1526 4315 della
1562 4259 1742 4326 Radia,
1785 4260 1939 4315 1878.

575 4338 619 4406 ⁴)
659 4338 851 4406 Quodsi
890 4354 1017 4409 opus
1056 4340 1222 4409 ipsum
1257 4340 1352 4394 tibi
1389 4343 1600 4409 praesto
1636 4355 1737 4393 non
1776 4340 1860 4402 sit,
1914 4345 2211 4393 accuratam
2248 4340 2358 4409 ejus
2395 4338 2635 4392 notitiam

398 4417 545 4473 facile
582 4421 812 4490 reperies
851 4420 903 4473 in
945 4420 1084 4474 Actis
1121 4420 1366 4474 liter-ariis
1408 4420 1599 4475 Ciciltc}
1641 4419 1901 4473 Cattolica
1942 4421 2002 4482 (t.
2043 4422 2092 4473 3.
2132 4435 2214 4472 an.
2255 4419 2435 4482 1879),
2475 4422 2513 4471 t.
2551 4419 2635 4472 12.

399 4513 480 4567 pp.
519 4499 820 4555 593—598.
1061 4557 1067 4568 ,

506 4589 764 4649 Nilles,
803 4585 1200 4659 Ἑορτυλὸγιυν,
1238 4592 1311 4640 11.
1368 4591 1512 4642 Edit.
1550 4605 1655 4644 sec.
2353 4588 2423 4643 32
