3514 5391
812 491 918 554 212

816 609 922 619 *-

883 695 1138 786 πελύθη
1165 692 1476 779 τυραννίς,
1527 694 1562 760 ὑ
1595 692 1885 774 θάνατος

883 796 1124 883 ·βε’σθη,
1171 794 1206 858 ὁ
1237 791 1500 881 ἰ’σχυρος
1532 794 1753 884 ἐδέθη,
1801 795 1882 860 τὰ

883 894 1004 980 εεύη
1032 893 1228 958 αὐτοῦ
1252 887 1588 982 διηρπάγη,
1617 890 1652 982 ἡ
1678 893 1882 979 ἁμαρ-

883 1015 922 1055 α
970 991 1270 1079 ἀνῃρέθη,
1321 990 1358 1079 ἡ
1402 991 1650 1075 κατάρα
1694 1015 1883 1057 κατε-

883 1093 1002 1177 »θη,
1053 1089 1089 1154 ὀ
1121 1088 1522 1175 παράδεισος
1562 1088 1880 1178 ἀνεῴχθη,

920 1186 1188 1273 σι’-ρανός
1254 1187 1536 1271 βάσιμος
1609 1187 1882 1272 γέγονεν,

883 1290 1159 1368 νθρωποι
1219 1290 1360 1363 τοῖς
1403 1284 1690 1369 ἀγγέλοις
1737 1285 1882 1351 ἆνε-

883 1384 1119 1472 ’γησαν,
1189 1384 1267 1449 τι)
1326 1382 1709 1468 μεσότοιχον
1767 1390 1884 1448 τοῦ

883 1488 1107 1567 ραγμοῦ
1167 1481 1368 1570 ἤρθη,
1439 1481 1516 1547 τὸ
1583 1479 1883 1568 θριγκίον

883 1579 1187 1669 εριῃρέθη,
1237 1578 1272 1644 ὁ
1302 1585 1429 1667 ’τῆς
1454 1575 1698 1669 εἰρήνης
1719 1581 1884 1662 Θεὸς

883 1675 1261 1767 ρηνοποιήσε
1314 1678 1399 1744 τά
1445 1676 1575 1744 ι’ἰνω
1634 1678 1743 1744 καὶ
1800 1678 1884 1743 τά

883 1778 929 1841 Γ),
974 1783 1088 1865 τῆς
1132 1782 1261 1864 γῆς.
1357 1775 1487 1841 Διὰ
1530 1782 1724 1842 τοῦτο
1770 1802 1872 1860 με·

883 1874 972 1964 ἑλη
1033 1869 1326 1941 καλεῖται
1392 1871 1694 1960 ἑβδομάς·
1774 1874 1883 1939 καὶ

883 1996 1033 2058 ϊπερ
1110 1972 1268 2063 αῗτη
1328 1972 1684 2061 κεφάλαιον
1754 1980 1884 2038 τῶν

883 2078 1067 2138 ,ιπιῦν
1095 2068 1493 2156 ἑβδομάδων,
1539 2071 1705 2137 οἱῑτω
1732 2072 1884 2137 ταί·-

883 2196 926 2287 ἰς
988 2167 1230 2261 κεφαλὴ
1290 2169 1367 2235 τὸ
1415 2168 1750 2253 σάββατον
1808 2169 1884 2235 τι)

883 2290 988 2352 τγα·
1034 2269 1143 2334 καὶ
1187 2267 1495 2354 καθάπερ
1533 2267 1600 2334 ἐν
1631 2266 1884 2353 σώματι

884 2366 1077 2457 [pai-72²,
1129 2366 1331 2445 οἷ’τως
1361 2366 1432 2432 ἐν
1460 2372 1538 2456 τῇ
1565 2360 1883 2451 ἑβδομάδι

883 2474 890 2523 ἰ
938 2465 1292 2549 σάββατον.
1389 2464 1520 2531 Διὰ
1563 2470 1759 2530 τοῦτο
1815 2464 1883 2530 ἓν

1461 485 1621 552 Festa
1658 487 1866 552 mobilia
1904 490 1957 552 in
1993 483 2416 567 Quadragosima.

1993 699 2197 781 paries
2258 699 2566 764 maceriae
2614 697 2895 763 sublatus
2942 705 3056 767 est.

1993 797 2198 862 velum
2238 798 2634 873 subductum,
2686 796 2857 862 Deus
2889 796 3059 881 pacis

1991 897 2054 960 iu
2104 896 2344 961 coelum
2395 896 2548 961 etin
2580 900 2813 960 terram
2843 914 3056 988 pacem

1993 993 2214 1060 attulit.
2316 994 2467 1059 Ideo
2533 1014 2763 1080 magna
2826 993 3061 1058 hebdo-

1993 1093 2179 1156 mada
2251 1097 2538 1158 vocatur:
2614 1112 2684 1156 ac
2761 1092 3057 1175 quemad—

1993 1191 2248 1256 modum
2297 1189 2403 1255 illa
2434 1196 2622 1274 caput
2650 1197 2746 1255 est
2786 1194 3056 1255 caetera-

1992 1309 2132 1353 rum
2163 1288 2720 1366 hebdomadarum‚
2757 1290 2844 1353 ita
2874 1286 3057 1370 hujus

1992 1392 2180 1471 caput
2226 1394 2321 1451 est
2368 1387 2698 1452 sabbatum
2729 1406 3054 1472 magnum:

1993 1506 2063 1551 ac
2081 1486 2247 1570 quod
2267 1486 2328 1549 in
2348 1505 2606 1569 corpore
2622 1489 2827 1570 caput,
2862 1484 3054 1549 hocin

1990 1583 2386 1649 hebdomada
2410 1584 2759 1650 sabbatum.
2828 1582 3056 1664 Quam·

1992 1683 2208 1747 obrem
2256 1682 2317 1746 in
2366 1681 2471 1746 illa
2507 1678 2684 1746 multi
2732 1682 2938 1746 studia
2963 1681 3056 1745 in-

1990 1782 2287 1857 tendunt;
2339 1778 2439 1844 alii
2471 1778 2772 1862 jejunium
2807 1782 3055 1864 augent,

1994 1878 2094 1943 alii
2146 1878 2386 1963 vigilias
2433 1897 2661 1954 sacrm,
2712 1878 2811 1942 alii
2838 1877 3057 1963 largio-

1990 1997 2124 2042 rem
2151 1976 2614 2057 eleemosynam
2640 1980 2916 2063 erogant,
2953 1978 3057 2041 bo·

1995 2096 2216 2140 norum
2266 2094 2525 2159 operum
2581 2076 2785 2140 studio
2850 2081 2913 2139 et
2959 2074 3057 2159 pie

1994 2173 2235 2238 vivendi
2305 2172 2699 2239 accuratione
2771 2173 3053 2238 beneficii

1992 2272 2057 2336 in
2103 2291 2218 2337 nos
2264 2291 2302 2335 a
2348 2271 2481 2336 Deo
2547 2270 2749 2336 collati
2818 2270 3055 2357 magni·

1992 2370 2271 2434 tudinem
2318 2369 2746 2436 testificantes

883 2563 972 2651 ἲτῇ
1016 2563 1251 2629 πολλοὶ
1296 2564 1410 2649 τὴν
1456 2563 1746 2653 σπουδὴν
1778 2558 2193 2630 ἐπιτείνουσι·
2243 2555 2443 2631 nabo}
2476 2563 2594 2648 μὲν
2623 2563 2736 2650 τὴν
2765 2558 3058 2651 νηστείαν

883 2663 1133 2745 ξουσιν,
1198 2657 1255 2728 οἱ
1311 2661 1379 2728 δὲ
1424 2661 1543 2741 τὰς
1587 2657 1943 2749 ἀγρυπνίας
1987 2662 2103 2741 τὰς
2148 2657 2339 2747 ἱεράς,
2409 2655 2468 2728 oi.
2520 2661 2590 2727 δὲ
2638 2660 3056 2750 ἐλεημοσύνην

883 2761 1288 2850 τψιλεστι-’ραν
1318 2761 1712 2847 ἐργάζονται,
1757 2766 1837 2849 τῇ
1882 2761 2028 2846 περὶ
2077 2760 2195 2838 τάς
2224 2761 2481 2844 ἀγαθὰς
2508 2759 2775 2847 πράξεις
2805 2760 3057 2848 σπουδῇ

883 2859 920 2924 εἰ
965 2865 1043 2948 τῇ
1086 2859 1513 2948 συιτεταμένῃ
1554 2857 1705 2945 περὶ
1767 2859 1883 2924 τὸν
1925 2854 2075 2942 βιόν
2118 2854 2423 2946 εὐλαβείᾳ
2482 2858 2559 2923 τι)
2608 2859 2888 2943 μέγεθος
2947 2864 3057 2947 τῆς

883 2954 1168 3043 εργεσίας
1224 2963 1336 3045 τῆς
1393 2953 1486 3035 εἷς
1544 2956 1707 3046 ἡμᾶς
1747 2951 2152 3046 γεγενημένης
2213 2957 2394 3044 παρὰ
2437 2963 2553 3023 τοῦ
2604 2959 2773 3023 Θεοῦ
2816 2981 3055 3044 μαρτυ-

883 3078 1085 3132 ιυντες.

994 3199 1086 3266 Ex
1133 3200 1360 3285 quibus
1398 3221 1448 3266 s.
1483 3200 1913 3286 Chrysostomi
1961 3203 2283 3267 sententiis
2333 3203 2539 3286 plures
2568 3201 2630 3266 in
2661 3202 3052 3286 synaxarium

883 3297 1070 3363 1bbati
1118 3299 1316 3363 sancti
1363 3299 1756 3366 transierunt.

992 3421 1351 3506 Septimana
1398 3422 1555 3489 haec
1604 3425 1861 3491 Graecis
1915 3430 2238 3509 praeterea
2283 3431 2378 3491 est
2424 3419 2708 3508 ἑβδομὰς
2766 3429 2882 3488 τοῦ
2928 3445 3052 3488 σω-

883 3515 1031 3604 ῑρίου
1086 3518 1385 3600 πάθους,
1450 3521 1830 3610 saluttferac
1878 3525 2246 3610 passionis,
2314 3524 2569 3608 ejusque
2629 3524 2762 3589 dies
2824 3524 3051 3607 passim

883 3623 1037 3684 >caut
1083 3613 1568 3704 σταυρωσίμους
1611 3619 1861 3706 ἡμέρας,
1925 3626 2054 3685 τῶν
2098 3620 2519 3709 παθημάιων,
2556 3620 2807 3708 ἡμέρας,
2874 3628 3052 3707 prout

884 3718 1096 3781 nribus
1159 3719 1457 3802 exemplis
1518 3721 1803 3785 adductis
1865 3722 2133 3786 ostendit
2196 3721 2271 3785 L.
2323 3720 2714 3797 Allatius‚
2786 3721 2877 3784 De
2925 3720 3050 3783 Do·

883 3816 1003 3877 ine'c
1075 3825 1134 3877 et
1177 3815 1454 3881 hebdom.
1515 3815 1628 3882 Gr.
1678 3838 1739 3882 n.
1791 3819 1897 3883 21.

991 3963 1121 4022 Nec
1159 3967 1656 4037 praetereundum
1698 3967 1808 4026 hoc
1844 3968 1973 4025 loco
2001 3974 2109 4036 est,
2148 3969 2245 4026 vel
2270 3965 2427 4042 ipsos
2455 3965 2848 4043 imperatores
2875 3968 3051 4027 editis

883 4044 1047 4114 gibus
1085 4046 1369 4111 sanxisse,
1408 4052 1476 4103 ut
1501 4047 1913 4105 sacratissima
1941 4048 2056 4105 hac
2081 4048 2449 4107 hebdomade
2476 4051 2551 4107 ab
2579 4050 2845 4107 omnibus
2873 4049 3051 4106 absti-

883 4130 1080 4195 =retur‚
1131 4141 1282 4197 quae
1322 4143 1358 4183 a
1397 4128 1870 4201 contemplandis
1910 4128 2126 4186 divinis
2165 4130 2469 4202 mysteriis
2520 4131 2939 4188 abtraherent:
2988 4135 3050 4186 ut

883 4220 903 4259 ι
942 4204 1184 4275 fideles,
1235 4207 1408 4264 vacui
1457 4223 1492 4263 a
1530 4208 1777 4280 reliquis
1818 4209 1976 4266 curis
2033 4215 2210 4281 atque
2263 4211 2518 4281 negotiis
2568 4217 2723 4268 totos
2772 4210 2878 4269 bos
2927 4211 3047 4268 dies

883 4285 992 4340 bns
1031 4283 1338 4355 religionis
1378 4287 1719 4346 tribuerent
1756 4305 1830 4346 ac
1867 4287 2168 4348 Christum
2206 4290 2419 4362 Deum,
2461 4309 2497 4348 a
2534 4308 2645 4364 quo
2684 4309 2909 4349 summa
2945 4291 3046 4349 illa

920 4364 1382 4423 innumerabilia
1420 4369 1715 4426 beneficia
1754 4370 2146 4442 accepissent,
2187 4379 2456 4444 prompto
2494 4372 2822 4444 devotoque
2861 4371 3045 4429 animo

887 4445 1085 4501 lerent-
1123 4462 1193 4501 ac
1231 4455 1682 4505 venerarentur.
1762 4449 2093 4506 Praeclara
2134 4453 2313 4508 etiam
2356 4461 2521 4522 snm,
2578 4469 2727 4525 quae
2768 4453 2842 4511 de
2881 4452 3044 4523 thus
