3514 5391
785 504 888 558 160

782 612 887 621 —n—

782 701 1052 789 προσέτι
1133 699 1203 766 δὲ
1270 701 1380 767 καὶ
1442 700 1559 789 τὴν
1629 693 1853 782 τιμίαν

783 801 1035 890 ἐσθῆτα
1080 807 1191 889 τῆς
1243 800 1646 889 Θεομίῑτορος
1700 793 1850 874 ἐπι-

782 900 1162 990 φερόμενος,
1244 899 1353 964 διὰ
1420 904 1549 963 τῶν
1623 901 1851 977 τειχῶν

781 999 1176 1089 περιήρχετο.
1308 996 1601 1080 Χαγάνος
1673 995 1745 1059 δὲ
1813 993 1849 1059 ὁ

788 1098 1079 1187 Σκύθης,
1165 1094 1275 1160 διὰ
1342 1100 1469 1160 τῶν
1536 1088 1850 1180 χερσαίων

780 1201 1008 1282 τειχῶν
1071 1193 1472 1280 προσβάλλει
1534 1198 1612 1281 τῇ
1680 1198 1848 1257 Κων-

782 1290 1005 1361 σταντί
1013 1318 1120 1359 νου
1167 1293 1281 1358 σὺν
1323 1291 1567 1381 πλήθει
1603 1286 1850 1376 ἀπείρῳ

783 1394 987 1479 ἄκρως
1017 1392 1087 1474 ἐξ
1120 1391 1341 1457 ὅπλων
1375 1388 1847 1480 ἢσφαλισμένῳ,

782 1494 891 1559 καὶ
918 1490 1228 1576 τοσούτῳ,
1279 1489 1364 1567 ὡς
1401 1489 1512 1553 ἕνα
1542 1489 1850 1572 Ῥωμαῖον

783 1592 948 1678 πρὸς
979 1589 1134 1655 δέκα
1162 1587 1422 1665 Σκύθας
1453 1592 1678 1675 σαφῶς
1705 1587 1849 1652 δια-

782 1691 1135 1777 μάχεσθαι·
1185 1686 1324 1753 ἀλλ’
1355 1685 1660 1774 ἡόμαχος
1686 1684 1850 1771 πρό-

782 1812 987 1874 μαχος
1025 1786 1134 1852 διὰ
1169 1791 1298 1851 τῶν
1324 1783 1853 1874 παρευρεθέντων

782 1884 1010 1972 ὀλίγων
1074 1883 1247 1950 πάνυ
1311 1888 1720 1969 στρατιωτῶν
1784 1882 1891 1948 ἐν·

781 1992 874 2071 τῷ
921 1990 1053 2070 ναῷ
1098 1983 1331 2070 ταύτης
1376 1988 1467 2068 τῷ
1512 1988 1623 2070 τῆς
1649 1987 1852 2070 πηγῆς

785 2079 1129 2159 πλείστους
1188 2080 1396 2145 αὐτῶν
1457 2080 1850 2164 παραπώλε-

786 2206 912 2250 σεν.
997 2178 1373 2245 Κάντεῦθεν
1430 2174 1488 2243 οἱ
1552 2177 1845 2262 Ῥωμαῖοι

785 2276 1353 2368 ἀναθαρσήσαντες
1411 2301 1482 2342 τε
1540 2277 1648 2343 καὶ
1696 2276 1850 2342 ἀνα-

784 2378 1233 2467 σκιρτήσαντες
1312 2374 1442 2440 ὑπὸ
1520 2382 1853 2464 στρατηγῷ

784 2479 1009 2563 ἀμάχῳ
1067 2481 1145 2563 τῇ
1205 2473 1560 2563 Θεομὴτορι
1624 2473 1852 2552 aemi-<3

783 2576 878 2642 ἀεὶ
928 2575 1090 2640 κατὰ
1114 2573 1345 2662 κράτος
1376 2569 1615 2640 ἐνίκων.
1685 2573 1848 2639 Βλέ-

787 2687 1025 2764 ψαντες
1071 2671 1140 2739 δὲ
1195 2672 1300 2738 καὶ
1348 2672 1514 2758 πρὸς
1561 2672 1850 2751 σπονδὰς

781 2771 838 2841 οἳ
906 2780 1017 2861 τῆς
1080 2772 1332 2850 πόλεως
1396 2771 1846 2861 ἀπεκρούσθη-

781 2895 918 2942 σαν.
990 2872 1252 2938 Ἀνεῖπε
1297 2870 1413 2956 γὰρ
1459 2870 1495 2935 ὁ
1539 2871 1848 2953 Χαγάνος,

783 2971 943 3059 ,,Μὴ
972 2971 1328 3036 ἀπατᾶσθε
1360 2965 1472 3034 ἓπὶ
1498 2974 1590 3055 τῷ
1628 2972 1773 3055 Θεῷ
1798 2960 1849 3054 ᾦ

780 3069 1136 3137 πιστεύετε·
1182 3067 1444 3145 πόντιος
1484 3067 1599 3153 γὰρ
1630 3067 1850 3155 αἴρων

779 3170 892 3258 τὴν
959 3168 1156 3233 πόλιν
1232 3165 1405 3251 ὑμῶν
1471 3166 1848 3256 καταλήψο-

778 3275 961 3353 μαι“.
1046 3262 1121 3333 Οἳ
1173 3265 1245 3331 δὲ
1274 3270 1385 3353 τῆς
1418 3264 1672 3342 πόλεως
1703 3264 1847 3330 δια-

778 3366 1151 3445 κούσαντες,
1210 3369 1425 3448 χεῖρας
1470 3359 1593 3429 ἔτει
1605 3388 1712 3428 νον
1759 3358 1852 3441 εἷς

786 3464 971 3533 Θεόν.
1118 3463 1663 3551 Συμφωνήσαντες
1739 3455 1852 3527 οὖν

781 3563 1080 3648 Χαγάνος
1123 3587 1193 3628 τε
1248 3562 1355 3627 καὶ
1404 3560 1440 3626 ὁ
1493 3561 1849 3647 Σάρβαρος,

780 3661 889 3727 διὰ
933 3665 1125 3750 ξηρᾶς
1181 3660 1287 3726 καὶ
1347 3659 1454 3724 διὰ
1515 3658 1853 3748 θαλάσσης

778 3759 1287 3846 προσβάλλουσι,
1336 3757 1446 3822 διὰ
1479 3756 1851 3847 μηχανημά-

778 3862 907 3924 τὶον
964 3858 1077 3946 τὴν
1135 3855 1332 3922 πόλιν
1378 3851 1545 3920 ἑλεῖν
1590 3860 1850 3945 προθυ-

777 3957 1103 4041 μούμενοι·
1153 3954 1315 4021 ἀλλὰ
1359 3959 1670 4019 τοσοῖτον
1716 3953 1848 4020 ὑπὸ

782 4130 844 4137 ..-

1430 497 1590 554 Festa
1625 499 1834 554 mobilia
1870 500 1923 553 in
1960 497 2384 568 Quadragesima.

1960 699 2037 766 ad
2099 701 2257 768 haec
2312 700 2729 768 venerandam
2788 694 3025 765 vestem

1959 788 2264 884 De'iparae
2287 801 2336 885 ¹)
2397 798 2720 884 proferens
2785 797 3032 862 moenia

1960 896 2190 965 obibat.
2220 897 2554 985 Ghaganus
2571 901 2774 962 autem
2793 894 3030 979 Scytha

1959 1019 2034 1063 ex
2081 1018 2157 1063 ea
2201 1002 2394 1082 parte,
2443 1017 2568 1080 qua
2595 1001 2822 1061 terram
2858 1012 3027 1059 moe-

1959 1097 2066 1161 nia
2103 1100 2404 1180 spectant,
2454 1092 2756 1179 impetum
2781 1095 2841 1157 in
2864 1091 3026 1158 Gon-

1959 1195 2211 1261 stantini
2270 1195 2491 1260 urbem
2538 1194 2720 1269 facit,
2787 1191 2890 1255 tali
2954 1211 3026 1254 ac

1958 1298 2130 1359 tauta
2177 1292 2570 1358 multitudine
2615 1292 2887 1373 undique
2925 1309 3027 1353 ar-

1958 1394 2077 1458 mis
2125 1397 2289 1457 tecta
2355 1396 2418 1456 et
2463 1390 2731 1466 munita,
2797 1393 2867 1453 ut
2919 1388 3024 1451 uni

1958 1491 2240 1556 Romano
2289 1491 2585 1556 adversus
2623 1489 2840 1554 decem
2871 1486 3027 1569 Scy-

1960 1590 2102 1655 thas
2149 1590 2551 1675 pugnandum
2597 1587 2803 1653 fuerit.
2871 1584 3026 1650 Gae-

1959 1694 2161 1754 terum
2210 1686 2705 1773 inexpugnabilis
2752 1683 2853 1749 illa
2885 1704 3027 1768 pro-

1959 1788 2286 1873 pugnatrix
2335 1807 2524 1871 opera
2546 1804 2883 1869 paucorum
2916 1784 3029 1857 mi-

1961 1885 2156 1962 litum,
2206 1886 2312 1969 qui
2345 1889 2521 1951 erant
2545 1879 2609 1948 in
2636 1882 2868 1967 templo
2893 1882 3029 1965 ejus

1962 1984 2037 2048 ad
2079 1984 2315 2048 fontem
2346 1988 2679 2061 exstruct0‚
2728 1981 3029 2065 plurimos

1960 2102 2034 2147 ex
2082 2081 2200 2147 illis
2249 2082 2599 2147 trucidavit.
2691 2080 2854 2145 Hinc
2900 2078 3029 2143 Ro-

1960 2181 2126 2245 mani
2152 2182 2374 2246 animis
2398 2179 2751 2264 resumptis,
2785 2182 2848 2242 et
2879 2197 3028 2261 prae

1958 2280 2186 2363 gaudio
2260 2279 2648 2353 exsilientes,
2738 2277 2895 2342 duce
2968 2282 3032 2340 et

1961 2379 2209 2461 auspice
2245 2379 2472 2444 invicta
2493 2377 2784 2461 Deipara‚
2833 2375 3030 2440 w‘cto-

1959 2477 2113 2540 riam
2163 2476 2240 2541 de
2286 2476 2407 2542 illis
2453 2475 2721 2562 gloriose
2750 2478 3028 2557 reporta-

1959 2575 2140 2640 bant:
2170 2595 2487 2658 quumque
2508 2574 2674 2640 cives
2691 2573 2822 2656 jam
2847 2577 3025 2655 pact-a

1959 2679 2020 2738 et
2065 2674 2318 2739 foedera
2345 2673 2500 2739 inire
2525 2672 2886 2759 cogitarent,
2928 2689 3025 2735 re-

1957 2772 2201 2856 pulsam
2247 2773 2538 2840 tulerunt.
2603 2772 2832 2838 Aiebat
2861 2770 3022 2835 enim

1959 2870 2328 2956 Ohaganus:
2381 2870 2517 2949 „Ne
2536 2869 2857 2950 fallamini,
2883 2871 3024 2935 freti

1960 2969 2111 3048 Deo,
2163 2970 2259 3035 cui
2309 2971 2591 3035 creditis:
2643 2975 2811 3035 certo
2861 2971 3023 3035 enim

1959 3088 2095 3133 cras
2141 3069 2363 3133 urbem
2410 3069 2788 3153 occupabo.“
2893 3067 3025 3148 Quo

1957 3167 2185 3242 audito,
2235 3166 2471 3233 incolae
2509 3167 2773 3232 civitatis
2806 3187 3025 3232 manus

1960 3266 2035 3330 ad
2097 3266 2298 3330 Deum
2361 3265 2791 3332 extendebant.
2885 3265 3023 3332 Gol-

1958 3364 2098 3428 latis
2164 3364 2351 3449 igitur
2403 3365 2762 3449 junctisque
2823 3365 3027 3449 operis

1960 3462 2294 3548 Ohaganus
2355 3468 2418 3527 et
2463 3463 2798 3535 Sarbarus,
2863 3468 3028 3528 terra

1961 3562 2275 3645 marique,
2345 3558 2549 3627 variis
2595 3562 2899 3628 machinis
2965 3569 3026 3627 et

1960 3661 2285 3725 tormentis
2319 3660 2538 3726 urbem
2573 3666 3025 3746 oppugnantes

1961 3781 2099 3826 eam
2155 3779 2377 3843 capere
2439 3761 2851 3825 contendunt:
2916 3759 3025 3825 sed

1960 3862 2132 3923 tanta
2172 3859 2360 3923 caede
2410 3879 2446 3923 a
2474 3857 2770 3923 Romanis
2797 3857 3028 3943 repulsi

1959 3961 2122 4035 sunt,
2155 3961 2224 4021 ut
2253 3958 2369 4023 vivi
2404 3955 2738 4022 humandis
2769 3958 3027 4022 mortuis

780 4225 1075 4295 scripsimus
1113 4229 1251 4279 tomo
1291 4224 1340 4291 1,
1377 4239 1427 4294 p.
1464 4224 1599 4292 275;
1638 4240 1756 4279 nam
1796 4241 1998 4281 crucem
2038 4226 2202 4296 ipsam
2241 4225 2509 4281 Heraclius
2547 4225 2766 4280 nondum
2805 4242 2868 4280 ex
2908 4224 3027 4281 Per·

780 4306 888 4359 side
928 4310 1215 4375 receperat.

964 4386 1003 4453 ¹)
1044 4385 1229 4440 Recole
1279 4402 1409 4455 quae
1459 4385 1522 4439 de
1566 4388 1861 4442 veneranda
1918 4386 2013 4442 hac
2064 4394 2209 4441 veste
2262 4388 2553 4441 notavimus
2604 4403 2759 4457 supra
2812 4393 2934 4442 tom.
2978 4390 3024 4454 1,

780 4480 860 4535 pp.
901 4467 1201 4520 200—202.
