3514 5391
1175 527 1254 583 De
1293 529 1404 599 ipsa
1440 529 1865 599 Quadragesima.
2569 532 2639 586 93

391 728 697 812 integrum
732 746 880 795 esse
927 747 1002 792 ex
1030 727 1281 793 homilia
1317 729 1418 795 16.
1468 748 1519 794 s.
1553 729 1842 814 Gregorii
1870 729 1959 794 M.
1995 731 2395 816 desumptum
2428 733 2640 816 (prout

396 825 712 909 imperitus
763 825 964 895 lector
1021 838 1096 895 ex
1141 826 1416 910 praefixa
1470 827 1721 892 rubrica
1783 828 2096 912 conjicere
2145 829 2494 913 potuisset),
2562 830 2639 895 de

400 924 637 989 veritate
672 926 1384 1001 ‚eorum-dubitassent,
1454 947 1614 1011 quae
1661 927 1864 993 eidem
1915 947 1989 993 ex
2036 929 2172 1012 ipsa
2215 926 2337 992 hac
2384 926 2639 992 homilia

397 1027 547 1087 certo
597 1024 848 1090 inserta
893 1024 1205 1090 videbant.
1301 1023 1426 1091 Sed
1473 1025 1703 1112 relege,
1754 1045 1912 1109 quae
1961 1014 2390 1091 annotavimus
2439 1045 2498 1109 p.
2532 1024 2637 1091 81.

554 1130 894 1198 Socratem
941 1136 1150 1198 autern
1197 1152 1334 1198 esse
1380 1132 1849 1211 hallucinatum,
1898 1139 2146 1219 praeter
2193 1139 2560 1219 argumenta
2606 1153 2639 1197 a

391 1226 558 1296 Gard.
610 1228 961 1297 Thomasio
1010 1228 1209 1310 allata,
1263 1231 1593 1297 manifeste
1625 1233 1895 1317 probant
1928 1233 2235 1299 contraria
2266 1252 2350 1297 88.
2378 1232 2637 1297 Patrum

389 1328 764 1406 testimonia,
815 1348 976 1413 quae
1021 1350 1250 1416 magno
1280 1348 1541 1396 numero
1584 1335 1881 1417 congesta
1914 1337 2060 1397 sunt
2092 1352 2128 1397 a
2151 1331 2397 1397 Natal.
2429 1329 2635 1396 Alex,

387 1425 635 1490 Diem-t
684 1428 752 1492 4.
805 1427 894 1491 ad
939 1450 1102 1494 saec.
1151 1432 1214 1512 2,
1264 1432 1377 1495 art.
1428 1430 1489 1496 3.
1562 1429 1645 1494 Et
1676 1431 1971 1513 quoniam
2017 1431 2183 1495 idem
2230 1429 2335 1498 hic
2366 1428 2639 1495 Socratis
2684 1446 2688 1450 *

387 1518 583 1589 textus
635 1546 674 1590 a
724 1526 1055 1610 perpaucis
1104 1526 1475 1612 quibusdam
1525 1528 1795 1612 antiquis
1843 1529 2202 1594 auctoribus
2241 1549 2462 1613 parum
2492 1548 2638 1592 eon·-

389 1614 652 1689 siderate
718 1624 842 1689 fuit
904 1626 1281 1711 descriptus,
1348 1625 1577 1712 legisse
1629 1626 1862 1709 juverit
1921 1627 2356 1704 Binterim‚
2427 1626 2638 1690 De'nk-

387 1722 862 1809 wtlrdigfheiten,
912 1716 956 1789 tss
1005 1725 1068 1803 5,
1117 1730 1277 1809 part.
1328 1725 1390 1803 2,
1443 1720 1545 1808 pp.
1579 1725 1867 1807 48-51,
1919 1725 2025 1791 ubi
2073 1727 2260 1791 etiam
2309 1724 2640 1790 difficulta-

384 1826 502 1885 tem
540 1842 616 1887 ex
656 1823 867 1905 primo
901 1821 1004 1919 illo
1037 1821 1208 1888 fonte
1235 1828 1510 1888 exortam
1537 1822 1921 1889 sufficienter
1946 1824 2311 1909 explicatam
2340 1822 2635 1889 invenies.

557 1928 752 1994 Feria
799 1929 960 1993 haec
1007 1928 1115 1994 IV.
1166 1928 1727 2016 Quinquagesimae
1793 1930 1856 1995 in
1918 1930 2090 1995 libris
2150 1930 2454 2015 liturgic-is
2502 1930 2641 1993 dies

385 2027 666 2091 cinerum
713 2033 973 2093 vocatur
1020 2048 1058 2092 a
1102 2028 1293 2093 sacris
1341 2029 1671 2106 cineribuS,
1722 2029 1829 2112 qui
1875 2029 1937 2093 in
1978 2029 2179 2114 capite
2204 2028 2443 2115 jejunii,
2493 2028 2636 2093 olim

387 2126 838 2207 poenitentium
862 2177 876 2203 ,
940 2126 1126 2192 hodie
1185 2126 1464 2192 fidelium
1525 2127 1803 2192 omnium
1862 2127 2167 2211 capitibus
2213 2129 2636 2213 imponuntur,

387 2223 493 2288 hac
558 2223 851 2289 adhibita
909 2223 1208 2313 formula:
1268 2222 1580 2289 Memento
1643 2225 1856 2303 homo,
1926 2228 2094 2313 quia·
2132 2224 2351 2312 pulvis
2418 2248 2516 2305 ea,
2580 2236 2640 2290 et

387 2324 451 2386 in
482 2322 825 2409 pulverem
869 2324 1220 2388 reverteris.
1318 2323 1597 2388 Eandem
1650 2323 2127 2408 appellationem
2195 2329 2257 2389 et
2282 2324 2362 2399 ‚in
2412 2325 2640 2389 nostris

391 2419 780 2487 Kalendariis
845 2421 1130 2487 civilibus
1195 2422 1478 2500 retinuit,
1558 2426 1629 2487 ut
1697 2429 1910 2487 notum
1986 2428 2082 2488 est
2146 2442 2221 2489 ex
2284 2422 2638 2488 nominibus

392 2538 632 2604 germ.
687 2521 1268 2600 Aschermittwoeh5
1327 2521 1516 2586 slav.
1558 2508 1925 2607 ΡεΡὲῶτίοα,
1974 2521 2067 2587 vel
2120 2521 2484 2606 (bohem.)
2527 2543 2638 2607 po-

387 2617 638 2704 pelebni
682 2628 794 2698 st„
863 2618 961 2684 vel
1027 2618 1346 2708 (polon.)
1397 2619 1726 2707 popielec,
1796 2618 1890 2684 vel
1938 2619 2315 2704 (ruthen.)
2352 2619 2638 2707 popelec,

396 2717 474 2782 vel
514 2718 792 2803 (seth.)
813 2717 1136 2804 pepelava
1160 2717 1387 2796 ereda,·
1433 2718 1672 2803 hung.
1706 2718 2010 2782 hamvazd
2032 2718 2287 2791 ezer-dm
2339 2740 2636 2784 rumen.

399 2818 722 2898 mercuria,
750 2816 1033 2894 cenusii‚·
1095 2816 1280 2903 gall.
1330 2815 1639 2880 mercredi
1685 2816 1797 2880 dea
1844 2815 2120 2895 cendres,
2170 2820 2286 2883 etc.
2383 2816 2642 2881 Praeter

403 2911 551 2980 hanc
597 2914 917 3000 plerisque
964 2915 1253 2980 omnibus
1302 2935 1698 2980 communem
1745 2915 2276 2980 nomenclaturam
2319 2934 2639 2998 nuncupa-

405 3019 485 3078 tur
547 3014 614 3078 in
677 3013 1028 3089 Dalmatia,
1098 3012 1342 3078 Oroatia
1407 3018 1470 3078 et
1516 3012 1734 3079 Serbia
1796 3013 2197 3078 eistalsreda
2229 3012 2356 3077 'vel
2401 3012 2640 3090 meda,

399 3108 448 3177 h.
500 3132 554 3179 e.
587 3110 780 3198 feria
828 3110 946 3176 IV.
987 3133 1181 3198 pura,
1243 3112 1373 3177 sive
1420 3112 1585 3196 quod
1633 3132 1860 3177 nomen
1911 3132 1944 3175 e
1993 3112 2210 3177 vicinis
2258 3111 2516 3176 Graecis
2563 3111 2639 3174 ad

401 3207 650 3274 Latinos
695 3211 1029 3286 transierit,
1099 3210 1228 3276 sive
1277 3211 1442 3295 quod
1489 3211 1733 3276 initium
1798 3215 2061 3294 quatuor
2105 3210 2348 3274 illorum
2398 3209 2639 3274 dierum

397 3308 498 3385 sit,
538 3327 697 3392 quos
745 3308 952 3374 Latini
999 3309 1297 3393 temporis
1344 3310 1609 3373 decursu
1658 3308 1947 3391 antiquae
1996 3329 2067 3372 ac
2115 3308 2446 3372 canonicae
2477 3306 2642 3387 Qua-

396 3405 801 3493 dragesimae‚
861 3409 1169 3493 praeviae
1205 3407 1679 3492 punsscationis
1729 3429 1872 3493 erqo
1891 3455 1909 3487 ‚
1976 3406 2299 3471 voluerunt
2347 3406 2638 3489 adjectose

405 3513 577 3586 prout
625 3505 1000 3590 explicatum
1051 3504 1191 3570 heic
1241 3511 1336 3570 est
1382 3527 1441 3590 p.
1493 3505 1578 3570 87
1631 3509 1692 3569 et
1738 3504 1845 3570 91.
2438 3491 2445 3502 ”

573 3611 913 3678 Salutares
950 3634 1270 3678 sacrorum
1298 3613 1574 3675 cinerum
1602 3609 1913 3674 utilitates
1961 3634 2036 3674 ac
2066 3608 2388 3695 singulare
2416 3622 2640 3698 myste-

401 3711 558 3775 rium
616 3732 765 3796 prae
823 3711 961 3777 aliis
1025 3709 1178 3776 scite
1239 3710 1464 3795 pieque
1523 3708 1798 3774 declarat
1862 3731 1910 3773 8.
1963 3707 2009 3773 Ο
2025 3729 2105 3773 ar
2122 3729 2155 3772 ο
2174 3708 2191 3772 l
2210 3729 2248 3772 u
2266 3729 2296 3773 8
2344 3709 2396 3775 Β
2414 3730 2449 3773 o
2468 3731 2499 3774 r
2515 3731 2546 3774 r
2561 3731 2595 3774 o
2615 3746 2639 3757 -

403 3828 457 3872 m
472 3829 506 3873 a
520 3831 553 3875 e
569 3830 610 3875 u
626 3830 657 3875 8
704 3810 842 3876 loco
892 3829 1038 3874 mox
1082 3808 1430 3874 indicando.

569 3917 642 3984 In
692 3916 1008 3984 nonnullis
1069 3914 1349 3982 ecclesiis
1407 3914 1895 3982 occidentalibus
1955 3916 2089 3979 dies
2154 3914 2434 3980 cinerum
2494 3913 2637 3979 olim

385 4012 574 4098 festis
619 4015 944 4080 intercisis
991 4019 1431 4080 annumeratus
1478 4018 1628 4093 erat,
1677 4017 1748 4078 ut
1777 4014 1931 4078 adeo
1978 4034 2168 4098 usque
2203 4013 2292 4076 ad
2319 4012 2643 4076 meridiem

398 4111 761 4189 feriandum
808 4122 988 4191 esset,
1038 4133 1109 4179 ac
1156 4113 1392 4177 nemini
1434 4113 1568 4177 nisi
1612 4112 1834 4177 audito
1883 4133 2086 4190 sacre,
2135 4108 2499 4175 adlabores
2531 4120 2643 4173 aut

399 4216 640 4301 neqotia
686 4213 808 4278 &ua
855 4210 1071 4276 redire
1119 4211 1367 4275 licuerit
1391 4213 1460 4295 ¹).

567 4411 611 4479 ¹)
651 4411 736 4466 Ita
775 4407 1051 4464 concilium
1088 4405 1393 4461 'trevirense
1432 4423 1513 4460 an.
1554 4407 1711 4474 1549,
1751 4407 1784 4476 ξ
1823 4380 1931 4459 10ss
1976 4404 2121 4475 Apud
2147 4400 2424 4455 Hardouin.
2464 4399 2642 4452 concil.

371 4499 426 4550 -ι,
465 4493 515 4558 9,
552 4508 602 4562 p.
641 4492 805 4547 2146.
