3514 5391
1184 569 1215 623 J
1219 571 1265 638 ej
1272 570 1443 622 unium
1480 569 1859 638 Apostolorum.

416 756 686 841 δικαίως·
756 761 861 829 ὅτι
926 760 1252 829 πλείστων
1317 765 1471 849 ἀγα-
1580 767 1943 831 Justissime
1990 766 2269 852 quidem,
2339 791 2400 853 qt

414 865 548 927 θῶν
593 861 680 927 δι’
713 861 923 929 αὐτῶν
954 863 1320 953 ἠξιώμεθας
1362 861 1472 928 καὶ
1581 887 1684 928 eoa
1721 863 2013 951 plurima
2061 864 2228 930 bo‘na
2275 890 2400 930 accc

408 958 503 1026 ὅτι
546 958 846 1050 κηστείας
902 954 1082 1028 οὗτοι
1140 962 1250 1028 καὶ
1296 960 1470 1027 ὑπα-
1581 974 1641 1028 et
1687 964 1839 1049 quia
1887 962 2070 1029 nobie
2112 963 2390 1050 fuerunt

407 1063 549 1149 κοῆς
592 1059 740 1149 ὕχρι
772 1060 1068 1127 θανάτου
1114 1061 1222 1127 καὶ
1247 1060 1471 1147 ἐγκρα-
1577 1062 1854 1141 nentiae,
1906 1061 2299 1127 obedientiae
2335 1087 2400 1128 us

403 1153 573 1237 τείας
631 1155 896 1245 ἐργάται
944 1160 1268 1249 ὤφθησαν
1323 1158 1472 1246 ἡμῖν
1578 1170 1839 1225 mortem
1899 1171 1958 1225 et
2018 1164 2400 1248 temperanti⁴

402 1255 506 1322 καὶ
552 1257 960 1327 διδάσκαλοι.
1014 1311 1027 1324 .
1083 1314 1093 1326 .
1149 1314 1161 1325 .
1265 1263 1469 1323 Συναα
1579 1269 1781 1323 etorea
1813 1269 1874 1323 et
1903 1260 2212 1344 maqistri.
2267 1312 2280 1326 .
2333 1310 2349 1324 .

401 1360 578 1433 πτῶς
633 1362 718 1446 τῇ
775 1353 1036 1445 νηστείᾳ
1091 1349 1299 1445 ἐκείνῃ
1360 1354 1470 1422 καὶ
1562 1358 1817 1447 jejunio
1881 1357 1992 1421 Ιιοσ
2055 1357 2398 1443 Apostolos

394 1451 539 1531 τούς
596 1455 1149 1538 παραδεδωκότας
1209 1453 1468 1545 νηστεύ-
1575 1477 1812 1534 ramae,
1864 1479 1906 1519 a
1951 1455 2172 1541 quibus
2204 1459 2400 1546 jejun<

395 1575 505 1634 ειν,
548 1550 1002 1631 Ἅποστόλους
1031 1558 1343 1637 τιμῶντες
1370 1576 1464 1642 νη·
1576 1553 1861 1618 dicimus.

389 1650 720 1737 στεύομεν.
1787 1646 1793 1651 ’

565 1834 914 1900 Duratio
954 1832 1278 1916 jejunii.
1329 1870 1412 1877 —
1472 1828 1552 1894 ‘H
1598 1825 1855 1910 νηστεία
1901 1834 2029 1894 τῶν
2076 1825 2271 1913 ἁγίων
2317 1830 2400 1896 ’Λε

388 1930 515 1995 λων
562 1928 674 2019 (ἐν
718 1925 848 1995 ἔτει
900 1927 1169 2019 letand)
1218 1927 1445 2017 ἡμέραι
1491 1926 1614 1992 κα’.

573 2057 787 2123 Slav.
837 2056 1319 2142 Petrovapoata
1364 2055 1597 2142 (1881)
1645 2052 1847 2120 πεᾱὲἶ.
1889 2056 1968 2132 3,·
2017 2076 2308 2122 rumen.
2358 2059 2400 2119 A

390 2178 468 2221 σε.
520 2154 829 2243 Apostoli
875 2155 900 2231 (
907 2154 1107 2238 1881)
1155 2156 1198 2217 3
1243 2154 1606 2240 septemani.

564 2278 1017 2364 Apostolorum.
1070 2278 1374 2361 Jejunium
1439 2297 1476 2341 a
1522 2278 1704 2342 variis
1771 2280 1935 2343 varie
1999 2282 2313 2344 servatum
2373 2280 2400 2345 l«

390 2378 553 2462 apud
603 2377 1056 2443 Balsamon.
1120 2375 1183 2439 in
1232 2377 1560 2461 Responeo
1623 2376 1711 2439 ad
1756 2377 1865 2442 53.
1930 2378 2357 2461 quaestionem

376 2477 802 2563 patriarchae
850 2473 1292 2538 Alexandrini
1321 2473 1388 2558 ¹).
1484 2473 1826 2558 Symeon
1855 2475 2396 2541 Thessalonie

390 2576 466 2641 de
511 2597 645 2641 una
689 2573 1083 2640 hebdomade
1129 2572 1401 2656 loquitur
1458 2573 1645 2637 citata
1691 2574 2052 2656 quaestione
2100 2573 2205 2639 54.
2301 2574 2400 2640 Se(

387 2693 422 2739 a
465 2673 630 2740 seria
673 2672 755 2739 H.
806 2675 946 2758 post
992 2672 1382 2739 Dominieam
1433 2672 1713 2737 omnium
1761 2671 2132 2737 Sanctorum
2182 2673 2259 2738 ad
2309 2673 2394 2740 29

388 2773 729 2838 assumitur
777 2775 995 2856 estque
1043 2791 1154 2855 pro
1200 2770 1553 2836 festivitatis
1601 2771 1914 2855 paschalis
1961 2773 2255 2838 varietate
2287 2773 2400 2837 ine«

386 2870 642 2936 brevius
690 2870 743 2934 si
791 2869 1120 2934 Dominioa
1166 2871 1445 2934 omnium
1494 2868 1865 2935 Sanotorum
1915 2871 1976 2935 in
2024 2870 2284 2935 Junium
2329 2871 2400 2936 in«

385 2969 657 3056 longine,
706 2969 758 3034 si
804 2969 868 3033 in
915 2968 1154 3051 Majum
1179 2967 1252 3053 2).
1348 2967 1509 3049 Quot
1554 2968 1983 3035 hebdomades
2031 2989 2104 3034 ae
2150 2969 2283 3034 dies
2331 2991 2400 3054 pr

388 3069 522 3134 vice
569 3066 861 3145 involvat,
924 3066 1295 3156 Pasehalion
1345 3067 1634 3132 ostendit.
1728 3067 2011 3132 Totidem
2061 3066 2303 3132 dierum
2352 3087 2400 3132 ez

390 3166 526 3249 quit
570 3163 914 3230 Isaaeus
945 3163 1462 3249 monaehus³J
1511 3171 1660 3248 quot
1692 3186 1727 3229 a
1760 3156 2067 3231 Paschate
2101 3165 2400 3231 addiem.

577 3396 617 3465 ¹)
658 3397 806 3466 Apud
844 3397 1035 3466 Migne,
1075 3396 1217 3451 Patr.
1255 3413 1337 3467 gr.
1376 3401 1416 3451 t.
1459 3398 1577 3463 138,
1616 3413 1664 3466 p.
1706 3398 1863 3452 1002.

568 3476 614 3546 ¹)
652 3477 754 3531 Pro
792 3477 1051 3532 varietate
1088 3477 1313 3532 termini
1320 3477 1610 3548 paschalis
1646 3477 1782 3547 (τῶν
1806 3482 1906 3531 τοῦ
1934 3478 2140 3547 Πάσχα
2166 3476 2363 3549 ὁρίων)

390 3563 579 3628 potest,
633 3562 692 3612 ut
727 3556 757 3623 ἠ
796 3560 1019 3624 νηστεία
1055 3560 1164 3610 τῶν
1200 3556 1547 3610 Ἀποστόλων
1590 3558 1842 3629 Jejunium
1879 3559 2322 3630 quadragesimale
2362 3576 2400 3613 e:

389 3639 468 3692 Ad
516 3655 629 3693 rem
681 3638 755 3693 cl.
806 3638 871 3693 D.
909 3638 958 3693 J.
996 3637 1283 3692 Borosiu
1334 3639 1386 3691 in
1436 3639 1650 3708 egregio
1700 3655 1792 3693 suo
1844 3640 2104 3706 Bituala,
2158 3655 2206 3708 p.
2245 3640 2343 3694 67:

388 3723 593 3785 acesta,
632 3720 810 3790 inquit,
848 3728 910 3773 se
946 3718 1131 3789 incepe
1168 3718 1237 3773 de
1272 3719 1399 3774 lane
1436 3719 1579 3788 dupa
1618 3718 2002 3783 Dominee'a
2038 3724 2364 3774 toturoru

388 3798 534 3854 loru
571 3799 628 3854 si
660 3799 805 3853 tiene
826 3815 983 3869 pana
1021 3798 1078 3852 in
1116 3798 1265 3853 diu'a
1302 3799 1613 3854 serbatorei
1647 3799 1904 3867 acesteia,
1949 3800 2005 3854 si
2038 3800 2161 3853 asia
2185 3800 2400 3869 postula

353 3933 365 3944 ,
376 3878 506 3948 pote
541 3897 605 3934 se
630 3882 716 3951 fia
751 3880 868 3935 mai
901 3880 1063 3950 lunyo
1100 3881 1191 3934 ori
1223 3880 1339 3934 mai
1371 3883 1580 3947 scm-ta,
1617 3881 1881 3951 dupacam
1917 3898 1962 3936 s.
2001 3881 2174 3935 Pasci
2207 3881 2344 3935 cada
2381 3898 2400 3934 1

389 3959 484 4012 sea
521 3960 638 4014 mai
670 3959 879 4026 tat-diu,
914 3960 969 4013 si
992 3960 1198 4027 adeca,·
1220 3959 1353 4031 pote
1388 3978 1449 4015 se
1486 3960 1633 4015 tiena
1671 3962 1862 4016 namai
1897 3961 1930 4015 1
1953 3964 2265 4030 septemana
2303 3962 2358 4016 si
2393 4008 2400 4015 .

389 4040 485 4093 seu
519 4041 575 4094 si
595 4057 752 4110 pana
789 4041 845 4095 la
884 4040 919 4093 6
955 4041 1268 4109 septemani.
1342 4040 1655 4094 Rarissimus
1692 4041 1775 4095 hic
1801 4057 1951 4095 casus
1977 4041 2167 4108 evenit,
2203 4041 2400 4111 quando

392 4120 683 4175 celebratur
718 4120 777 4173 ἐν
811 4120 1099 4186 κατωτάτῳ
1136 4119 1260 4188 ὅρῳ,
1299 4124 1358 4174 ut
1396 4121 1583 4175 Graeci
1622 4122 1784 4191 ajunt,
1823 4122 1873 4175 h.
1915 4137 1977 4187 e.,
2017 4122 2098 4175 die
2135 4121 2221 4174 22.
2261 4121 2400 4175 Mart

393 4216 470 4254 an.
509 4201 652 4255 2285
702 4200 754 4254 in
791 4201 1103 4255 Kalendario
1142 4201 1479 4271 Gregoriano‚
1537 4206 1591 4256 et
1641 4218 1723 4255 an.
1764 4203 1904 4257 1915
1956 4202 2008 4257 in
2058 4201 2335 4256 Kalendar.
2381 4202 2400 4256 .]

395 4284 511 4335 tunc
548 4282 683 4336 enim
720 4297 752 4334 a
789 4282 1056 4336 Dominioa
1092 4281 1503 4336 Resurrectionis
1540 4282 1605 4336 ad
1643 4281 1690 4335 d.
1730 4284 1781 4336 3.
1810 4283 1932 4353 Maji
1972 4298 2064 4336 sex
2087 4281 2400 4335 hebdomade

394 4365 586 4415 rantur.
660 4360 854 4415 Verum
889 4361 1257 4415 hebdomadam
1282 4362 1312 4416 1
1353 4366 1408 4415 et
1434 4361 1568 4415 diem
1597 4362 1621 4416 1
1652 4362 1810 4417 habet
1828 4362 2095 4432 jejunium,
2135 4361 2177 4414 si
2203 4360 2400 4414 Pascha

396 4439 450 4492 ἐν
485 4439 745 4506 ἀνωτάτω
781 4439 892 4510 ὅρῳ
927 4442 977 4495 h.
1015 4458 1059 4495 e.
1099 4442 1179 4495 die
1217 4443 1302 4497 25.
1341 4443 1465 4512 Apr.
1507 4443 1587 4508 (ut
1624 4459 1705 4496 an.
1730 4443 1869 4497 1886
1895 4459 1946 4496 n.
1967 4444 2057 4508 st„
2094 4446 2148 4495 et
2173 4457 2254 4495 an.
2283 4442 2400 4496 198:-

571 4519 615 4593 ')
656 4520 807 4594 Apud
844 4520 1032 4590 Migne,
1070 4521 1211 4578 Patr.
1254 4539 1335 4597 gr.
1374 4528 1415 4578 t.
1454 4525 1540 4591 19,
1578 4539 1661 4597 pp.
1705 4524 2074 4583 1306—1307.
