3514 5391
855 522 960 576 728
1807 519 2149 589 Appendices.

1302 793 1685 906 Appendix
1732 818 1820 886 ad
1868 819 1926 886 t.
1977 819 2045 897 2,
2093 838 2212 905 pp.
2263 767 2658 886 467—468.

1471 990 1574 1045 De
1624 988 1800 1045 festo
1848 986 2155 1056 eorporis
2201 987 2476 1046 Christi.

1556 1089 1642 1153 (ex
1682 1087 1864 1142 eadem
1904 1103 2017 1158 syn.
2057 1087 2139 1141 tit.
2178 1087 2230 1152 4,
2269 1105 2312 1141 c.
2351 1085 2427 1154 4).

1042 1215 1215 1280 Licet
1246 1215 1546 1279 memoria
1587 1213 1989 1278 institutionis
2037 1211 2318 1297 ej'usdem
2366 1211 2697 1297 quotannis
2730 1212 2886 1277 seria
2917 1210 2994 1275 V.
3043 1210 3105 1274 in

759 1302 769 1310 ’
862 1317 1071 1379 erna
1123 1313 1403 1389 Domini,
1472 1312 1595 1377 imo
1660 1311 1939 1396 quolibet
1998 1312 2097 1377 die
2159 1312 2218 1377 in
2282 1312 2585 1377 sacrificio
2633 1309 2867 1375 Missae
2928 1329 3107 1373 reco-

859 1414 1040 1490 latur,
1108 1416 1315 1478 tamen
1378 1415 1630 1496 propter
1690 1409 1846 1475 tanti
1908 1409 2187 1495 mysterii
2251 1409 2740 1495 magnitudinem
2799 1407 2928 1491 jam
2983 1405 3107 1470 Ur-

862 1512 1061 1578 banus
1108 1510 1235 1575 PP.
1285 1509 1394 1588 IV,
1445 1528 1606 1574 saec.
1635 1507 1810 1574 XIII.
1840 1508 1887 1592 ¹)
1932 1508 2084 1574 illud
2133 1509 2209 1575 ab
2257 1509 2548 1574 universa
2593 1507 2874 1573 Ecclesia
2930 1506 3109 1571 anni-

862 1611 1133 1674 versaria
1179 1608 1570 1674 solemnitate
1618 1605 1732 1672 sub
1783 1606 2020 1673 ratione
2068 1606 2210 1673 sesti
2261 1606 2567 1672 Dominici
2624 1606 2809 1691 primi
2857 1604 3110 1671 Ordinis

864 1729 1001 1773 cum
1054 1713 1272 1773 octava
1318 1705 1712 1772 recolendum
1765 1704 2047 1783 instituit,
2110 1705 2348 1771 scilicet
2393 1704 2550 1771 feria
2575 1704 2652 1772 V.
2703 1710 2844 1790 post
2891 1702 3109 1769 Domi-

863 1806 1067 1872 nicam
1117 1805 1376 1889 primam
1427 1805 1864 1882 Pentecosten,
1914 1824 2073 1888 quae
2119 1810 2366 1871 nostrae
2415 1804 2778 1871 Dominicae
2826 1804 3112 1873 88οω-

866 1904 1034 1969 nium
1081 1904 1437 1986 respondet.
1514 1903 1693 1984 Quod
1741 1902 2038 1987 deinceps
2084 1903 2318 1989 pariter
2365 1906 2620 1970 Oecum.
2649 1903 2940 1988 Synodus
2971 1901 3110 1966 Tri-

864 2003 1119 2068 dentina
1181 2000 1392 2066 laudat
1454 2001 1701 2067 dicens:
1781 2000 1936 2079 „Pie
1998 2005 2061 2066 et
2122 2000 2408 2088 religiose
2468 2002 2802 2067 admodum
2866 2001 2930 2066 in
2991 2000 3108 2064 Dei

868 2099 1209 2166 Ecclesiam
1274 2099 1599 2165 inductum
1662 2099 1855 2164 fuisse
1921 2099 2088 2165 hunc
2149 2121 2420 2176 morem,
2486 2104 2556 2165 ut
2614 2099 2875 2184 siugulis
2932 2097 3109 2163 annis

868 2199 1160 2285 peculiari
1224 2199 1495 2283 quodam
1564 2202 1625 2263 et
1674 2198 1834 2264 festo
1882 2198 1982 2263 die
2029 2198 2414 2282 praecelsum
2465 2198 2583 2263 hoc
2645 2203 2709 2263 et
2759 2196 3108 2262 venerabile

867 2301 1338 2365 Sacramentum
1374 2297 1670 2384 singulari
1704 2297 2098 2362 veneratione
2145 2317 2216 2361 ac
2249 2296 2638 2363 solemnitate
2670 2295 3104 2370 celebraretur,

870 2405 1058 2481 utque
1106 2396 1165 2460 in
1217 2395 1714 2479 processionibus
1763 2398 2123 2461 reverenter
2168 2401 2231 2459 et
2267 2393 2609 2461 honorifice
2656 2393 2805 2459 illud
2841 2415 2954 2479 per
2983 2393 3108 2458 vias

869 2501 930 2561 et
976 2494 1112 2560 loca
1159 2493 1406 2578 publica
1453 2493 2005 2559 circumferretur“
2032 2494 2104 2578 ²).
2198 2495 2589 2578 Quapropter
2632 2491 2780 2558 huic
2827 2511 3106 2557 summae

869 2593 1213 2658 auctoritati
1279 2591 1733 2658 ecclesiasticae
1801 2592 2298 2658 obsecundantes
2365 2612 2488 2657 non
2535 2591 2736 2656 solum
2783 2590 3105 2657 universae

870 2691 1241 2769 Occidentis,
1291 2711 1503 2757 verum
1553 2691 1739 2757 etiam
1789 2712 2008 2757 omnes
2055 2691 2251 2757 ferme
2299 2688 2616 2758 Ecclesiae
2649 2689 2920 2757 Orientis
2968 2710 3104 2755 cuni

872 2791 1152 2857 Ecclesia
1197 2790 1503 2856 catholica
1548 2790 1757 2855 unitae
1808 2791 1997 2855 istum
2043 2790 2209 2856 diem
2259 2794 2488 2856 testum
2535 2790 2900 2857 solemniter
2948 2788 3104 2855 cele·

870 2891 1084 2965 brant;
1134 2887 1440 2972 imprimis
1487 2887 1768 2954 Ecclesia
1817 2897 2028 2954 nostra
2052 2888 2338 2956 Ruthena
2379 2889 2515 2972 jam
2553 2889 2698 2954 inde
2731 2888 2809 2953 ab
2845 2887 3103 2955 Unione.

871 2992 933 3053 et
979 2986 1230 3071 quidem
1281 2986 1488 3052 officio
1536 2986 1790 3071 speciali
1838 2987 2140 3072 disposito
2187 3007 2300 3072 per
2343 2992 2536 3053 totam
2567 2991 2890 3065 octavam3
2939 2986 3106 3052 simi·

872 3087 1011 3153 liter
1056 3086 1225 3151 hunc
1272 3085 1439 3150 diem
1485 3085 1713 3151 festum
1778 3084 2137 3152 solemniter
2184 3085 2480 3152 celebrari
2530 3085 2878 3170 reperimus
2924 3084 3104 3150 etiam

872 3185 1035 3271 apud
1099 3183 1583 3260 Graeco-Italos
1649 3184 2279 3263 Graeco-Melchitas,
2345 3187 2678 3275 Armenes,
2745 3183 3106 3251 Maronitas,

873 3286 1084 3369 Syros,
1119 3280 1466 3349 Chaldaeos
1498 3286 1560 3348 et
1593 3282 1823 3366 Coptos
1845 3282 1916 3363 ³).
1983 3282 2180 3348 Porro
2209 3284 2493 3368 quamvis
2523 3282 2771 3368 proprie
2805 3281 3109 3366 loquendo

873 3381 977 3448 hic
1021 3382 1156 3447 dies
1203 3381 1399 3446 festus
1447 3380 1854 3446 celebrandus
1902 3382 1982 3446 sit
2027 3380 2184 3446 feria
2208 3381 2306 3464 V„
2355 3402 2579 3466 nempe
2627 3400 2750 3464 quo
2781 3380 2884 3445 die
2913 3380 3112 3445 fuerat

876 3502 911 3545 a
959 3479 1203 3545 Christo
1260 3478 1528 3545 Domino
1594 3478 1874 3544 instituta
1933 3479 2043 3548 SS.
2095 3478 2522 3558 Eucharistia‚
2588 3484 2796 3545 tamen
2860 3486 3110 3565 propter

874 3577 1337 3644 translationem
1389 3578 1630 3643 dierum
1661 3577 1962 3643 festorum
2010 3578 2088 3644 de
2114 3578 2268 3644 feria
2314 3579 2392 3644 ad
2423 3579 2811 3645 Dominicam
2847 3598 3108 3663 sequen-

874 3683 1001 3742 tem
1050 3676 1213 3761 apud
1261 3696 1374 3742 nos
1420 3675 1557 3741 fieri
1602 3675 1868 3754 solitam,
1917 3676 2104 3741 etiam
2152 3676 2271 3743 hoc
2319 3677 2550 3743 festum
2597 3677 2671 3743 ad
2724 3676 3106 3743 Dominicam

877 3776 1281 3854 transfertur3
1329 3794 1452 3860 quo
1498 3778 1707 3840 tamen
1754 3775 1817 3840 in
1866 3795 2033 3853 casu,
2081 3775 2320 3841 seilicet
2364 3776 2485 3841 ista
2520 3776 2867 3854 Dominica,
2917 3780 3104 3841 totum

878 3874 1153 3940 officium
1222 3878 1285 3939 et
1342 3872 1594 3958 quidem
1656 3871 1859 3938 solum
1920 3872 2298 3952 celebretur,
2367 3874 2569 3958 prouti
2630 3873 2832 3959 primo
2892 3875 2994 3940 die
3051 3873 3106 3938 in

878 3972 1125 4038 Triodio
1171 3972 1495 4049 indicatur,
1546 3991 1686 4036 cum
1719 3970 1947 4057 Vigilia
1992 3978 2326 4050 nocturna;
2375 3971 2630 4058 reliquis
2654 3979 2862 4038 autem
2897 3973 3107 4038 diebus

879 4074 1121 4137 servato
1185 4074 1522 4153 systemate
1579 4068 1768 4134 officii
1839 4071 2202 4155 praescripti
2269 4070 2331 4135 in
2402 4071 2665 4137 rubricis
2720 4070 3107 4156 generalibus

878 4236 1209 4245 -—-—-—-—-—

1067 4321 1105 4389 Ι)
1144 4323 1229 4377 11.
1267 4321 1400 4389 Aug.
1440 4319 1610 4374 1264:
1656 4317 2032 4374 sternitur-uc.
2057 4351 2120 4358 —
2150 4319 2232 4385 (V.
2273 4335 2429 4390 supra
2465 4335 2549 4390 pp.
2577 4300 2905 4391 468⁹-474.)

1060 4400 1104 4467 ³)
1144 4400 1282 4455 Sese.
1321 4399 1461 4471 XIII,
1499 4417 1542 4455 c.
1581 4400 1643 4454 V.
1683 4400 1771 4454 De
1808 4399 1982 4455 Each.

1061 4480 1105 4549 ⁸)
1147 4481 1361 4537 collect.
1400 4480 1617 4536 Lacens.
1655 4481 1866 4559 passim.
1907 4512 1972 4520 —
2014 4481 2098 4547 (V.
2138 4497 2297 4562 supra
2334 4497 2383 4552 p.
2421 4481 2570 4553 468.)
