<?xml version="1.0" encoding="UTF-8"?>
<!DOCTYPE html PUBLIC "-//W3C//DTD XHTML 1.0 Transitional//EN"
    "http://www.w3.org/TR/xhtml1/DTD/xhtml1-transitional.dtd">
<html xmlns="http://www.w3.org/1999/xhtml" xml:lang="en" lang="en">
 <head>
  <title>
</title>
<meta http-equiv="Content-Type" content="text/html;charset=utf-8" />
  <meta name='ocr-system' content='tesseract 3.04.00' />
  <meta name='ocr-capabilities' content='ocr_page ocr_carea ocr_par ocr_line ocrx_word'/>
</head>
<body>
  <div class='ocr_page' id='page_1' title='image "./kalendariummanu00nillgoog_0266.png"; bbox 0 0 3514 5391; ppageno 0'>
   <div class='ocr_carea' id='block_1_1' title="bbox 855 510 2467 581">
    <p class='ocr_par' dir='ltr' id='par_1_1' title="bbox 855 510 2467 581">
     <span class='ocr_line' id='line_1_1' title="bbox 855 510 2467 581; baseline -0.001 -14"><span class='ocrx_word' id='word_1_1' title='bbox 855 513 962 570; x_wconf 80' lang='lat'><strong>230</strong></span> <span class='ocrx_word' id='word_1_2' title='bbox 1514 511 1675 567; x_wconf 83' lang='lat' dir='ltr'><strong>Festa</strong></span> <span class='ocrx_word' id='word_1_3' title='bbox 1710 511 1918 566; x_wconf 84' lang='lat' dir='ltr'><strong>mobilia</strong></span> <span class='ocrx_word' id='word_1_4' title='bbox 1955 511 2007 565; x_wconf 91' lang='lat' dir='ltr'><strong>in</strong></span> <span class='ocrx_word' id='word_1_5' title='bbox 2045 510 2467 581; x_wconf 80' lang='lat' dir='ltr'><strong>Quadragesima.</strong></span> 
     </span>
    </p>
   </div>
   <div class='ocr_carea' id='block_1_2' title="bbox 1084 627 1281 634">
    <p class='ocr_par' dir='ltr' id='par_1_2' title="bbox 1084 627 1281 634">
     <span class='ocr_line' id='line_1_2' title="bbox 1084 627 1281 634; baseline 0 4757"><span class='ocrx_word' id='word_1_6' title='bbox 1084 627 1281 634; x_wconf 95' lang='lat' dir='ltr'><strong> </strong></span> 
     </span>
    </p>
   </div>
   <div class='ocr_carea' id='block_1_3' title="bbox 1334 626 1501 632">
    <p class='ocr_par' dir='ltr' id='par_1_3' title="bbox 1334 626 1501 632">
     <span class='ocr_line' id='line_1_3' title="bbox 1334 626 1501 632; baseline 0 0"><span class='ocrx_word' id='word_1_7' title='bbox 1334 626 1501 632; x_wconf 95' lang='lat' dir='ltr'><strong> </strong></span> 
     </span>
    </p>
   </div>
   <div class='ocr_carea' id='block_1_4' title="bbox 2377 626 2680 632">
    <p class='ocr_par' dir='ltr' id='par_1_4' title="bbox 2377 626 2680 632">
     <span class='ocr_line' id='line_1_4' title="bbox 2377 626 2680 632; baseline 0 0"><span class='ocrx_word' id='word_1_8' title='bbox 2377 626 2680 632; x_wconf 95' lang='lat' dir='ltr'><strong> </strong></span> 
     </span>
    </p>
   </div>
   <div class='ocr_carea' id='block_1_5' title="bbox 2777 626 3106 633">
    <p class='ocr_par' dir='ltr' id='par_1_5' title="bbox 2777 626 3106 633">
     <span class='ocr_line' id='line_1_5' title="bbox 2777 626 3106 633; baseline 0 4758"><span class='ocrx_word' id='word_1_9' title='bbox 2777 626 3106 633; x_wconf 95' lang='lat' dir='ltr'><strong> </strong></span> 
     </span>
    </p>
   </div>
   <div class='ocr_carea' id='block_1_6' title="bbox 858 708 3118 1022">
    <p class='ocr_par' dir='ltr' id='par_1_6' title="bbox 858 708 3118 1022">
     <span class='ocr_line' id='line_1_6' title="bbox 859 708 3106 784; baseline -0.002 -13"><span class='ocrx_word' id='word_1_10' title='bbox 859 714 1133 784; x_wconf 82' lang='lat' dir='ltr'><strong>loniuS,</strong></span> <span class='ocrx_word' id='word_1_11' title='bbox 1172 714 1372 783; x_wconf 79' lang='lat' dir='ltr'><strong>Praef.</strong></span> <span class='ocrx_word' id='word_1_12' title='bbox 1412 711 1462 764; x_wconf 90' lang='lat'><strong>1.</strong></span> <span class='ocrx_word' id='word_1_13' title='bbox 1501 710 1578 764; x_wconf 82' lang='lat' dir='ltr'><strong>ad</strong></span> <span class='ocrx_word' id='word_1_14' title='bbox 1609 726 1753 765; x_wconf 76' lang='lat' dir='ltr'><strong>saec.</strong></span> <span class='ocrx_word' id='word_1_15' title='bbox 1793 709 1905 762; x_wconf 94' lang='lat' dir='ltr'><strong>III.</strong></span> <span class='ocrx_word' id='word_1_16' title='bbox 1946 708 2288 764; x_wconf 78' lang='lat' dir='ltr'><strong>Benedictin.</strong></span> <span class='ocrx_word' id='word_1_17' title='bbox 2327 727 2382 768; x_wconf 93' lang='lat' dir='ltr'><strong>n.</strong></span> <span class='ocrx_word' id='word_1_18' title='bbox 2407 710 2494 777; x_wconf 87' lang='lat'><strong>64,</strong></span> <span class='ocrx_word' id='word_1_19' title='bbox 2534 728 2590 784; x_wconf 91' lang='lat' dir='ltr'><strong>p.</strong></span> <span class='ocrx_word' id='word_1_20' title='bbox 2618 709 2979 770; x_wconf 89' lang='lat' dir='ltr'><strong>XXXVIII.</strong></span> <span class='ocrx_word' id='word_1_21' title='bbox 3018 711 3106 769; x_wconf 90' lang='lat' dir='ltr'><strong>ed.</strong></span> 
     </span>
     <span class='ocr_line' id='line_1_7' title="bbox 859 790 3107 864; baseline -0.004 -10"><span class='ocrx_word' id='word_1_22' title='bbox 859 795 1076 854; x_wconf 88' lang='lat' dir='ltr'><strong>Venet.</strong></span> <span class='ocrx_word' id='word_1_23' title='bbox 1119 794 1273 863; x_wconf 90' lang='grc'><strong>1734,</strong></span> <span class='ocrx_word' id='word_1_24' title='bbox 1313 799 1377 851; x_wconf 91' lang='lat' dir='ltr'><strong>et</strong></span> <span class='ocrx_word' id='word_1_25' title='bbox 1402 792 1706 846; x_wconf 79' lang='lat' dir='ltr'><strong>Dissertat.</strong></span> <span class='ocrx_word' id='word_1_26' title='bbox 1744 790 1815 844; x_wconf 81' lang='lat' dir='ltr'><strong>de</strong></span> <span class='ocrx_word' id='word_1_27' title='bbox 1826 806 1977 860; x_wconf 77' lang='lat' dir='ltr'><strong>pane</strong></span> <span class='ocrx_word' id='word_1_28' title='bbox 2005 790 2366 845; x_wconf 71' lang='lat' dir='ltr'><strong>eucharistico</strong></span> <span class='ocrx_word' id='word_1_29' title='bbox 2392 807 2604 861; x_wconf 65' lang='lat' dir='ltr'><strong>azymo,</strong></span> <span class='ocrx_word' id='word_1_30' title='bbox 2641 795 2696 846; x_wconf 82' lang='lat' dir='ltr'><strong>et</strong></span> <span class='ocrx_word' id='word_1_31' title='bbox 2709 794 3048 864; x_wconf 74' lang='lat' dir='ltr'><strong>fermentato</strong></span> <span class='ocrx_word' id='word_1_32' title='bbox 3069 791 3107 864; x_wconf 90' lang='lat'><strong>¹)</strong></span> 
     </span>
     <span class='ocr_line' id='line_1_8' title="bbox 858 871 3106 949; baseline -0.001 -16"><span class='ocrx_word' id='word_1_33' title='bbox 858 881 1210 949; x_wconf 87' lang='lat' dir='ltr'><strong>perpetuum</strong></span> <span class='ocrx_word' id='word_1_34' title='bbox 1251 875 1312 932; x_wconf 86' lang='lat' dir='ltr'><strong>in</strong></span> <span class='ocrx_word' id='word_1_35' title='bbox 1352 872 1612 930; x_wconf 85' lang='lat' dir='ltr'><strong>ecelesia</strong></span> <span class='ocrx_word' id='word_1_36' title='bbox 1649 871 1846 930; x_wconf 87' lang='lat' dir='ltr'><strong>latina</strong></span> <span class='ocrx_word' id='word_1_37' title='bbox 1884 887 2227 943; x_wconf 83' lang='lat' dir='ltr'><strong>azymorum</strong></span> <span class='ocrx_word' id='word_1_38' title='bbox 2255 888 2421 930; x_wconf 88' lang='lat' dir='ltr'><strong>usum</strong></span> <span class='ocrx_word' id='word_1_39' title='bbox 2449 874 2523 930; x_wconf 88' lang='lat' dir='ltr'><strong>ab</strong></span> <span class='ocrx_word' id='word_1_40' title='bbox 2553 874 2685 946; x_wconf 89' lang='lat' dir='ltr'><strong>ipsa</strong></span> <span class='ocrx_word' id='word_1_41' title='bbox 2712 873 3106 947; x_wconf 86' lang='lat' dir='ltr'><strong>apostolorum</strong></span> 
     </span>
     <span class='ocr_line' id='line_1_9' title="bbox 860 951 3118 1022; baseline -0.007 -8"><span class='ocrx_word' id='word_1_42' title='bbox 860 963 1067 1014; x_wconf 86' lang='lat' dir='ltr'><strong>aetate</strong></span> <span class='ocrx_word' id='word_1_43' title='bbox 1106 954 1294 1013; x_wconf 87' lang='lat' dir='ltr'><strong>fnisse</strong></span> <span class='ocrx_word' id='word_1_44' title='bbox 1334 953 1673 1013; x_wconf 82' lang='lat' dir='ltr'>arbitratur</span> <span class='ocrx_word' id='word_1_45' title='bbox 1689 951 1755 1022; x_wconf 80' lang='lat'><strong>²).</strong></span> <span class='ocrx_word' id='word_1_46' title='bbox 3113 977 3118 982; x_wconf 92' lang='lat'>-</span> 
     </span>
    </p>
   </div>
   <div class='ocr_carea' id='block_1_7' title="bbox 861 1043 3109 1844">
    <p class='ocr_par' dir='ltr' id='par_1_7' title="bbox 861 1043 3109 1844">
     <span class='ocr_line' id='line_1_10' title="bbox 1038 1043 3104 1116; baseline 0 -13"><span class='ocrx_word' id='word_1_47' title='bbox 1038 1043 1158 1104; x_wconf 84' lang='lat' dir='ltr'><strong>Sed</strong></span> <span class='ocrx_word' id='word_1_48' title='bbox 1208 1044 1387 1104; x_wconf 86' lang='lat' dir='ltr'><strong>Card.</strong></span> <span class='ocrx_word' id='word_1_49' title='bbox 1427 1044 1473 1103; x_wconf 85' lang='lat' dir='ltr'><strong>J</strong></span> <span class='ocrx_word' id='word_1_50' title='bbox 1488 1061 1644 1103; x_wconf 88' lang='lat' dir='ltr'><strong>oan.</strong></span> <span class='ocrx_word' id='word_1_51' title='bbox 1682 1043 1925 1114; x_wconf 89' lang='lat' dir='ltr'><strong>Bona,</strong></span> <span class='ocrx_word' id='word_1_52' title='bbox 1981 1043 2153 1101; x_wconf 85' lang='lat' dir='ltr'><strong>initio</strong></span> <span class='ocrx_word' id='word_1_53' title='bbox 2203 1043 2437 1116; x_wconf 88' lang='lat' dir='ltr'><strong>quidem</strong></span> <span class='ocrx_word' id='word_1_54' title='bbox 2491 1062 2555 1102; x_wconf 91' lang='lat' dir='ltr'><strong>se</strong></span> <span class='ocrx_word' id='word_1_55' title='bbox 2607 1044 2685 1103; x_wconf 92' lang='lat' dir='ltr'><strong>ad</strong></span> <span class='ocrx_word' id='word_1_56' title='bbox 2735 1043 3104 1104; x_wconf 84' lang='lat' dir='ltr'><strong>Sirmondum</strong></span> 
     </span>
     <span class='ocr_line' id='line_1_11' title="bbox 861 1124 3107 1200; baseline -0 -15"><span class='ocrx_word' id='word_1_57' title='bbox 861 1127 1197 1200; x_wconf 78' lang='lat' dir='ltr'><strong>applicasse</strong></span> <span class='ocrx_word' id='word_1_58' title='bbox 1234 1126 1493 1196; x_wconf 83' lang='lat' dir='ltr'><strong>videtur,</strong></span> <span class='ocrx_word' id='word_1_59' title='bbox 1546 1124 1654 1183; x_wconf 90' lang='lat' dir='ltr'><strong>sed</strong></span> <span class='ocrx_word' id='word_1_60' title='bbox 1689 1130 1903 1198; x_wconf 85' lang='lat' dir='ltr'><strong>postea</strong></span> <span class='ocrx_word' id='word_1_61' title='bbox 1941 1125 2076 1179; x_wconf 78' lang='lat' dir='ltr'><strong>Rer.</strong></span> <span class='ocrx_word' id='word_1_62' title='bbox 2114 1125 2352 1194; x_wconf 62' lang='lat' dir='ltr'><strong>liturgic.</strong></span> <span class='ocrx_word' id='word_1_63' title='bbox 2391 1125 2495 1183; x_wconf 92' lang='lat' dir='ltr'><strong>lib.</strong></span> <span class='ocrx_word' id='word_1_64' title='bbox 2535 1127 2562 1183; x_wconf 93' lang='lat' dir='ltr'><strong>l</strong></span> <span class='ocrx_word' id='word_1_65' title='bbox 2584 1166 2597 1189; x_wconf 89' lang='lat'>‚</span> <span class='ocrx_word' id='word_1_66' title='bbox 2649 1142 2778 1199; x_wconf 87' lang='lat' dir='ltr'><strong>cap.</strong></span> <span class='ocrx_word' id='word_1_67' title='bbox 2815 1126 2902 1191; x_wconf 86' lang='grc'><strong>23,</strong></span> <span class='ocrx_word' id='word_1_68' title='bbox 2960 1127 3107 1199; x_wconf 90' lang='lat' dir='ltr'><strong>quod</strong></span> 
     </span>
     <span class='ocr_line' id='line_1_12' title="bbox 862 1203 3104 1279; baseline -0 -13"><span class='ocrx_word' id='word_1_69' title='bbox 862 1215 956 1266; x_wconf 87' lang='lat' dir='ltr'><strong>est</strong></span> <span class='ocrx_word' id='word_1_70' title='bbox 1007 1207 1080 1265; x_wconf 93' lang='lat' dir='ltr'><strong>de</strong></span> <span class='ocrx_word' id='word_1_71' title='bbox 1119 1223 1329 1279; x_wconf 84' lang='lat' dir='ltr'><strong>azymo</strong></span> <span class='ocrx_word' id='word_1_72' title='bbox 1381 1212 1444 1263; x_wconf 91' lang='lat' dir='ltr'><strong>et</strong></span> <span class='ocrx_word' id='word_1_73' title='bbox 1478 1203 1938 1275; x_wconf 84' lang='lat' dir='ltr'><strong>fe1·mentato⁸),</strong></span> <span class='ocrx_word' id='word_1_74' title='bbox 1997 1204 2167 1276; x_wconf 87' lang='lat' dir='ltr'><strong>quasi</strong></span> <span class='ocrx_word' id='word_1_75' title='bbox 2216 1204 2470 1265; x_wconf 88' lang='lat' dir='ltr'><strong>mediam</strong></span> <span class='ocrx_word' id='word_1_76' title='bbox 2522 1212 2761 1264; x_wconf 82' lang='lat' dir='ltr'><strong>secutus</strong></span> <span class='ocrx_word' id='word_1_77' title='bbox 2809 1211 2904 1264; x_wconf 87' lang='lat' dir='ltr'><strong>est</strong></span> <span class='ocrx_word' id='word_1_78' title='bbox 2950 1207 3104 1266; x_wconf 80' lang='lat' dir='ltr'><strong>viam</strong></span> 
     </span>
     <span class='ocr_line' id='line_1_13' title="bbox 862 1285 3106 1360; baseline 0 -14"><span class='ocrx_word' id='word_1_79' title='bbox 862 1290 1023 1346; x_wconf 87' lang='lat' dir='ltr'><strong>inter</strong></span> <span class='ocrx_word' id='word_1_80' title='bbox 1070 1288 1181 1345; x_wconf 88' lang='lat' dir='ltr'><strong>has</strong></span> <span class='ocrx_word' id='word_1_81' title='bbox 1221 1288 1367 1345; x_wconf 81' lang='lat' dir='ltr'><strong>duas</strong></span> <span class='ocrx_word' id='word_1_82' title='bbox 1408 1285 1709 1344; x_wconf 85' lang='lat' dir='ltr'><strong>Sirmondi</strong></span> <span class='ocrx_word' id='word_1_83' title='bbox 1749 1292 1813 1343; x_wconf 90' lang='lat' dir='ltr'><strong>et</strong></span> <span class='ocrx_word' id='word_1_84' title='bbox 1848 1285 2186 1345; x_wconf 80' lang='lat' dir='ltr'><strong>Mabillonii</strong></span> <span class='ocrx_word' id='word_1_85' title='bbox 2238 1287 2560 1360; x_wconf 78' lang='lat' dir='ltr'><strong>opiniones,</strong></span> <span class='ocrx_word' id='word_1_86' title='bbox 2635 1285 2930 1346; x_wconf 83' lang='lat' dir='ltr'><strong>Nimirum</strong></span> <span class='ocrx_word' id='word_1_87' title='bbox 2983 1289 3106 1347; x_wconf 86' lang='lat' dir='ltr'><strong>late</strong></span> 
     </span>
     <span class='ocr_line' id='line_1_14' title="bbox 863 1367 3108 1440; baseline -0.001 -12"><span class='ocrx_word' id='word_1_88' title='bbox 863 1371 1250 1436; x_wconf 87' lang='lat' dir='ltr'><strong>demonstrat,</strong></span> <span class='ocrx_word' id='word_1_89' title='bbox 1288 1367 1540 1426; x_wconf 88' lang='lat' dir='ltr'><strong>Latinos</strong></span> <span class='ocrx_word' id='word_1_90' title='bbox 1578 1384 1689 1440; x_wconf 92' lang='lat' dir='ltr'><strong>per</strong></span> <span class='ocrx_word' id='word_1_91' title='bbox 1726 1383 1954 1437; x_wconf 87' lang='lat' dir='ltr'><strong>novem,</strong></span> <span class='ocrx_word' id='word_1_92' title='bbox 1994 1373 2099 1424; x_wconf 87' lang='lat' dir='ltr'><strong>ant</strong></span> <span class='ocrx_word' id='word_1_93' title='bbox 2137 1372 2269 1425; x_wconf 88' lang='lat' dir='ltr'><strong>octo</strong></span> <span class='ocrx_word' id='word_1_94' title='bbox 2298 1368 2512 1426; x_wconf 86' lang='lat' dir='ltr'><strong>saltem</strong></span> <span class='ocrx_word' id='word_1_95' title='bbox 2540 1368 2838 1426; x_wconf 85' lang='lat' dir='ltr'><strong>ecclesiae</strong></span> <span class='ocrx_word' id='word_1_96' title='bbox 2866 1369 3108 1426; x_wconf 85' lang='lat' dir='ltr'><strong>saecula</strong></span> 
     </span>
     <span class='ocr_line' id='line_1_15' title="bbox 862 1446 3108 1522; baseline 0 -15"><span class='ocrx_word' id='word_1_97' title='bbox 862 1450 1084 1507; x_wconf 88' lang='lat' dir='ltr'><strong>nullum</strong></span> <span class='ocrx_word' id='word_1_98' title='bbox 1137 1449 1404 1521; x_wconf 82' lang='lat' dir='ltr'><strong>posuisse</strong></span> <span class='ocrx_word' id='word_1_99' title='bbox 1456 1447 1780 1506; x_wconf 83' lang='lat' dir='ltr'><strong>discrimen</strong></span> <span class='ocrx_word' id='word_1_100' title='bbox 1829 1447 1990 1506; x_wconf 91' lang='lat' dir='ltr'><strong>inter</strong></span> <span class='ocrx_word' id='word_1_101' title='bbox 2028 1465 2300 1520; x_wconf 86' lang='lat' dir='ltr'><strong>azymum</strong></span> <span class='ocrx_word' id='word_1_102' title='bbox 2359 1453 2537 1521; x_wconf 90' lang='lat' dir='ltr'><strong>atque</strong></span> <span class='ocrx_word' id='word_1_103' title='bbox 2572 1446 2951 1522; x_wconf 86' lang='lat' dir='ltr'><strong>fermentum,</strong></span> <span class='ocrx_word' id='word_1_104' title='bbox 3003 1449 3108 1508; x_wconf 89' lang='lat' dir='ltr'><strong>sed</strong></span> 
     </span>
     <span class='ocr_line' id='line_1_16' title="bbox 862 1527 3109 1602; baseline 0 -13"><span class='ocrx_word' id='word_1_105' title='bbox 862 1530 1031 1589; x_wconf 89' lang='lat' dir='ltr'><strong>modo</strong></span> <span class='ocrx_word' id='word_1_106' title='bbox 1068 1546 1262 1599; x_wconf 90' lang='lat' dir='ltr'><strong>unum,</strong></span> <span class='ocrx_word' id='word_1_107' title='bbox 1302 1528 1470 1586; x_wconf 90' lang='lat' dir='ltr'><strong>modo</strong></span> <span class='ocrx_word' id='word_1_108' title='bbox 1511 1528 1766 1586; x_wconf 84' lang='lat' dir='ltr'><strong>alterum</strong></span> <span class='ocrx_word' id='word_1_109' title='bbox 1806 1545 2015 1602; x_wconf 86' lang='lat' dir='ltr'><strong>panem</strong></span> <span class='ocrx_word' id='word_1_110' title='bbox 2057 1529 2184 1586; x_wconf 88' lang='lat' dir='ltr'><strong>sine</strong></span> <span class='ocrx_word' id='word_1_111' title='bbox 2227 1529 2465 1587; x_wconf 88' lang='lat' dir='ltr'><strong>delectu</strong></span> <span class='ocrx_word' id='word_1_112' title='bbox 2503 1527 2858 1589; x_wconf 83' lang='lat' dir='ltr'><strong>consecrare</strong></span> <span class='ocrx_word' id='word_1_113' title='bbox 2905 1531 3109 1590; x_wconf 87' lang='lat' dir='ltr'><strong>solitos</strong></span> 
     </span>
     <span class='ocr_line' id='line_1_17' title="bbox 862 1609 3106 1686; baseline 0.001 -17"><span class='ocrx_word' id='word_1_114' title='bbox 862 1611 1065 1669; x_wconf 74' lang='lat' dir='ltr'><strong>tuisse.</strong></span> <span class='ocrx_word' id='word_1_115' title='bbox 1108 1640 1171 1648; x_wconf 95' lang='lat'>—</span> <span class='ocrx_word' id='word_1_116' title='bbox 1214 1610 1383 1684; x_wconf 77' lang='lat' dir='ltr'><strong>Quae</strong></span> <span class='ocrx_word' id='word_1_117' title='bbox 1423 1610 1728 1668; x_wconf 87' lang='lat' dir='ltr'><strong>sententia</strong></span> <span class='ocrx_word' id='word_1_118' title='bbox 1770 1609 2028 1667; x_wconf 83' lang='lat' dir='ltr'><strong>caeteris</strong></span> <span class='ocrx_word' id='word_1_119' title='bbox 2067 1610 2438 1683; x_wconf 84' lang='lat' dir='ltr'><strong>probabilior</strong></span> <span class='ocrx_word' id='word_1_120' title='bbox 2463 1627 2595 1669; x_wconf 86' lang='lat' dir='ltr'><strong>esse</strong></span> <span class='ocrx_word' id='word_1_121' title='bbox 2622 1611 2882 1684; x_wconf 82' lang='lat' dir='ltr'><strong>videtur,</strong></span> <span class='ocrx_word' id='word_1_122' title='bbox 2922 1629 3106 1686; x_wconf 89' lang='lat' dir='ltr'><strong>eaque</strong></span> 
     </span>
     <span class='ocr_line' id='line_1_18' title="bbox 862 1690 3107 1764; baseline 0.001 -15"><span class='ocrx_word' id='word_1_123' title='bbox 862 1690 1217 1749; x_wconf 87' lang='lat' dir='ltr'><strong>firmissimis</strong></span> <span class='ocrx_word' id='word_1_124' title='bbox 1255 1691 1470 1748; x_wconf 86' lang='lat' dir='ltr'><strong>nititur</strong></span> <span class='ocrx_word' id='word_1_125' title='bbox 1507 1690 1905 1762; x_wconf 79' lang='lat' dir='ltr'><strong>argumentis,</strong></span> <span class='ocrx_word' id='word_1_126' title='bbox 1965 1706 2115 1762; x_wconf 87' lang='lat' dir='ltr'><strong>quae</strong></span> <span class='ocrx_word' id='word_1_127' title='bbox 2168 1690 2293 1748; x_wconf 87' lang='lat' dir='ltr'><strong>late</strong></span> <span class='ocrx_word' id='word_1_128' title='bbox 2344 1691 2420 1747; x_wconf 83' lang='lat' dir='ltr'><strong>ab</strong></span> <span class='ocrx_word' id='word_1_129' title='bbox 2459 1690 2585 1764; x_wconf 85' lang='lat' dir='ltr'><strong>ipso</strong></span> <span class='ocrx_word' id='word_1_130' title='bbox 2621 1690 3107 1751; x_wconf 87' lang='lat' dir='ltr'><strong>Eminentissimo</strong></span> 
     </span>
     <span class='ocr_line' id='line_1_19' title="bbox 865 1769 3106 1844; baseline 0 -14"><span class='ocrx_word' id='word_1_131' title='bbox 865 1778 1108 1830; x_wconf 83' lang='lat' dir='ltr'><strong>auctore</strong></span> <span class='ocrx_word' id='word_1_132' title='bbox 1144 1770 1353 1829; x_wconf 89' lang='lat' dir='ltr'><strong>Boua</strong></span> <span class='ocrx_word' id='word_1_133' title='bbox 1409 1771 1628 1828; x_wconf 85' lang='lat' dir='ltr'><strong>ibidem</strong></span> <span class='ocrx_word' id='word_1_134' title='bbox 1679 1777 2053 1844; x_wconf 80' lang='lat' dir='ltr'><strong>exponuntur</strong></span> <span class='ocrx_word' id='word_1_135' title='bbox 2073 1772 2134 1841; x_wconf 76' lang='lat'><strong>⁸).</strong></span> <span class='ocrx_word' id='word_1_136' title='bbox 2219 1769 2318 1829; x_wconf 90' lang='lat' dir='ltr'><strong>De</strong></span> <span class='ocrx_word' id='word_1_137' title='bbox 2369 1770 2599 1843; x_wconf 87' lang='lat' dir='ltr'><strong>reliquo</strong></span> <span class='ocrx_word' id='word_1_138' title='bbox 2650 1773 2877 1832; x_wconf 74' lang='lat' dir='ltr'><strong>consuli</strong></span> <span class='ocrx_word' id='word_1_139' title='bbox 2927 1774 3106 1833; x_wconf 83' lang='lat' dir='ltr'><strong>velim</strong></span> 
     </span>
    </p>
   </div>
   <div class='ocr_carea' id='block_1_8' title="bbox 864 1851 3105 2000">
    <p class='ocr_par' dir='ltr' id='par_1_8' title="bbox 864 1851 3105 2000">
     <span class='ocr_line' id='line_1_20' title="bbox 864 1851 3105 1991; baseline 0.001 -82"><span class='ocrx_word' id='word_1_140' title='bbox 864 1852 1185 1991; x_wconf 51' lang='lat' dir='ltr'><strong>{wa-egam</strong></span> <span class='ocrx_word' id='word_1_141' title='bbox 1230 1852 1357 1990; x_wconf 75' lang='lat' dir='ltr'><strong>j5am</strong></span> <span class='ocrx_word' id='word_1_142' title='bbox 1403 1857 1705 1910; x_wconf 80' lang='lat' dir='ltr'><strong>recentem</strong></span> <span class='ocrx_word' id='word_1_143' title='bbox 1754 1851 2251 1925; x_wconf 85' lang='lat' dir='ltr'><strong>praeclaramque</strong></span> <span class='ocrx_word' id='word_1_144' title='bbox 2302 1851 2776 1912; x_wconf 86' lang='lat' dir='ltr'><strong>lucubrationem</strong></span> <span class='ocrx_word' id='word_1_145' title='bbox 2813 1854 2875 1912; x_wconf 77' lang='lat' dir='ltr'><strong>.J.</strong></span> <span class='ocrx_word' id='word_1_146' title='bbox 2915 1854 3105 1914; x_wconf 79' lang='lat' dir='ltr'><strong>Mar·</strong></span> 
     </span>
     <span class='ocr_line' id='line_1_21' title="bbox 918 1949 1290 2000; baseline -0.011 -8"><span class='ocrx_word' id='word_1_147' title='bbox 918 1951 1037 1992; x_wconf 76' lang='lat' dir='ltr'><strong>ovi</strong></span> <span class='ocrx_word' id='word_1_148' title='bbox 1096 1975 1111 2000; x_wconf 90' lang='lat'>,</span> <span class='ocrx_word' id='word_1_149' title='bbox 1154 1949 1201 1991; x_wconf 89' lang='lat' dir='ltr'><strong>c.</strong></span> <span class='ocrx_word' id='word_1_150' title='bbox 1280 1976 1290 1988; x_wconf 93' lang='lat'><strong>.</strong></span> 
     </span>
    </p>
   </div>
   <div class='ocr_carea' id='block_1_9' title="bbox 1041 2111 2784 2202">
    <p class='ocr_par' dir='ltr' id='par_1_9' title="bbox 1041 2111 2784 2202">
     <span class='ocr_line' id='line_1_22' title="bbox 1041 2111 2784 2202; baseline 0.003 -24"><span class='ocrx_word' id='word_1_151' title='bbox 1041 2111 1138 2178; x_wconf 88' lang='lat' dir='ltr'><strong>‘H</strong></span> <span class='ocrx_word' id='word_1_152' title='bbox 1174 2111 1499 2202; x_wconf 73' lang='grc' dir='ltr'><strong><em>ὑπερφυὴς</em></strong></span> <span class='ocrx_word' id='word_1_153' title='bbox 1543 2112 1878 2200; x_wconf 71' lang='grc' dir='ltr'><strong>προςευχή.</strong></span> <span class='ocrx_word' id='word_1_154' title='bbox 1976 2114 2509 2202; x_wconf 59' lang='lat' dir='ltr'><strong>Super-naturalis</strong></span> <span class='ocrx_word' id='word_1_155' title='bbox 2554 2118 2784 2184; x_wconf 79' lang='lat' dir='ltr'><strong>oratio,</strong></span> 
     </span>
    </p>
   </div>
   <div class='ocr_carea' id='block_1_10' title="bbox 865 2238 3107 2425">
    <p class='ocr_par' dir='ltr' id='par_1_10' title="bbox 865 2238 3107 2425">
     <span class='ocr_line' id='line_1_23' title="bbox 1043 2238 3107 2329; baseline 0.001 -24"><span class='ocrx_word' id='word_1_156' title='bbox 1043 2241 1085 2305; x_wconf 86' lang='lat' dir='ltr'>S</span> <span class='ocrx_word' id='word_1_157' title='bbox 1100 2241 1121 2305; x_wconf 95' lang='lat' dir='ltr'><strong>l</strong></span> <span class='ocrx_word' id='word_1_158' title='bbox 1139 2262 1173 2304; x_wconf 85' lang='lat' dir='ltr'><strong>a</strong></span> <span class='ocrx_word' id='word_1_159' title='bbox 1189 2262 1244 2307; x_wconf 85' lang='lat' dir='ltr'><strong>v.</strong></span> <span class='ocrx_word' id='word_1_160' title='bbox 1313 2242 1904 2329; x_wconf 77' lang='lat' dir='ltr'><strong>Preestestvennaja</strong></span> <span class='ocrx_word' id='word_1_161' title='bbox 1965 2238 2267 2321; x_wconf 72' lang='lat' dir='ltr'><strong>molitva5</strong></span> <span class='ocrx_word' id='word_1_162' title='bbox 2335 2262 2367 2306; x_wconf 88' lang='lat'><strong>1·</strong></span> <span class='ocrx_word' id='word_1_163' title='bbox 2385 2262 2424 2306; x_wconf 87' lang='lat' dir='ltr'><strong>u</strong></span> <span class='ocrx_word' id='word_1_164' title='bbox 2445 2262 2504 2306; x_wconf 88' lang='lat' dir='ltr'><strong>m</strong></span> <span class='ocrx_word' id='word_1_165' title='bbox 2523 2262 2557 2307; x_wconf 88' lang='lat' dir='ltr'><strong>e</strong></span> <span class='ocrx_word' id='word_1_166' title='bbox 2573 2262 2634 2308; x_wconf 92' lang='lat' dir='ltr'><strong>n.</strong></span> <span class='ocrx_word' id='word_1_167' title='bbox 2703 2244 3107 2328; x_wconf 71' lang='lat' dir='ltr'><strong>Ruqatitmea</strong></span> 
     </span>
     <span class='ocr_line' id='line_1_24' title="bbox 865 2338 1480 2425; baseline 0.003 -24"><span class='ocrx_word' id='word_1_168' title='bbox 865 2363 976 2403; x_wconf 82' lang='lat' dir='ltr'><strong>cea</strong></span> <span class='ocrx_word' id='word_1_169' title='bbox 1010 2349 1230 2425; x_wconf 79' lang='lat' dir='ltr'><strong>preste</strong></span> <span class='ocrx_word' id='word_1_170' title='bbox 1257 2339 1387 2424; x_wconf 83' lang='lat' dir='ltr'><strong>fire</strong></span> <span class='ocrx_word' id='word_1_171' title='bbox 1409 2338 1480 2425; x_wconf 79' lang='lat'><strong>⁵).</strong></span> 
     </span>
    </p>
   </div>
   <div class='ocr_carea' id='block_1_11' title="bbox 867 2465 3108 2850">
    <p class='ocr_par' dir='ltr' id='par_1_11' title="bbox 867 2465 3108 2850">
     <span class='ocr_line' id='line_1_25' title="bbox 1043 2465 3106 2554; baseline 0 -25"><span class='ocrx_word' id='word_1_172' title='bbox 1043 2465 1417 2554; x_wconf 56' lang='lat' dir='ltr'><strong>‘1312quon</strong></span> <span class='ocrx_word' id='word_1_173' title='bbox 1466 2467 2000 2554; x_wconf 76' lang='lat' dir='ltr'><strong>supernaturalis,</strong></span> <span class='ocrx_word' id='word_1_174' title='bbox 2048 2488 2295 2532; x_wconf 87' lang='lat' dir='ltr'><strong>omnem</strong></span> <span class='ocrx_word' id='word_1_175' title='bbox 2341 2467 2684 2532; x_wconf 82' lang='lat' dir='ltr'><strong>naturalem</strong></span> <span class='ocrx_word' id='word_1_176' title='bbox 2714 2467 2970 2531; x_wconf 86' lang='lat' dir='ltr'><strong>modum</strong></span> <span class='ocrx_word' id='word_1_177' title='bbox 3003 2486 3106 2532; x_wconf 84' lang='lat' dir='ltr'><strong>ex-</strong></span> 
     </span>
     <span class='ocr_line' id='line_1_26' title="bbox 867 2564 3106 2642; baseline -0.002 -10"><span class='ocrx_word' id='word_1_178' title='bbox 867 2568 1114 2636; x_wconf 80' lang='lat' dir='ltr'><strong>cedens,</strong></span> <span class='ocrx_word' id='word_1_179' title='bbox 1164 2568 1543 2642; x_wconf 80' lang='lat' dir='ltr'><strong>admiranda,</strong></span> <span class='ocrx_word' id='word_1_180' title='bbox 1593 2567 1820 2631; x_wconf 77' lang='lat' dir='ltr'><strong>dieitur</strong></span> <span class='ocrx_word' id='word_1_181' title='bbox 1865 2566 1968 2630; x_wconf 86' lang='lat' dir='ltr'><strong>hic</strong></span> <span class='ocrx_word' id='word_1_182' title='bbox 2008 2564 2248 2631; x_wconf 77' lang='lat' dir='ltr'><strong>Christi</strong></span> <span class='ocrx_word' id='word_1_183' title='bbox 2278 2565 2542 2628; x_wconf 79' lang='lat' dir='ltr'><strong>Domini</strong></span> <span class='ocrx_word' id='word_1_184' title='bbox 2568 2566 2777 2628; x_wconf 71' lang='lat' dir='ltr'><strong>orat-io</strong></span> <span class='ocrx_word' id='word_1_185' title='bbox 2808 2565 2879 2628; x_wconf 80' lang='lat' dir='ltr'><strong>in</strong></span> <span class='ocrx_word' id='word_1_186' title='bbox 2906 2574 3106 2628; x_wconf 74' lang='lat' dir='ltr'><strong>monte</strong></span> 
     </span>
     <span class='ocr_line' id='line_1_27' title="bbox 875 2662 3106 2750; baseline -0 -21"><span class='ocrx_word' id='word_1_187' title='bbox 875 2662 1122 2745; x_wconf 74' lang='grc' dir='ltr'><strong>Οἶίυειί,</strong></span> <span class='ocrx_word' id='word_1_188' title='bbox 1173 2686 1359 2749; x_wconf 85' lang='lat' dir='ltr'><strong>quam</strong></span> <span class='ocrx_word' id='word_1_189' title='bbox 1406 2665 1655 2750; x_wconf 87' lang='lat' dir='ltr'><strong>proprio</strong></span> <span class='ocrx_word' id='word_1_190' title='bbox 1697 2665 1919 2731; x_wconf 83' lang='lat' dir='ltr'><strong>Osfieio</strong></span> <span class='ocrx_word' id='word_1_191' title='bbox 1967 2664 2345 2731; x_wconf 87' lang='lat' dir='ltr'><strong>recoluimus</strong></span> <span class='ocrx_word' id='word_1_192' title='bbox 2375 2663 2580 2729; x_wconf 81' lang='lat' dir='ltr'><strong>Latini</strong></span> <span class='ocrx_word' id='word_1_193' title='bbox 2627 2663 2782 2729; x_wconf 84' lang='lat' dir='ltr'><strong>feria</strong></span> <span class='ocrx_word' id='word_1_194' title='bbox 2810 2662 2922 2729; x_wconf 92' lang='lat' dir='ltr'><strong>III.</strong></span> <span class='ocrx_word' id='word_1_195' title='bbox 2974 2667 3106 2748; x_wconf 88' lang='lat' dir='ltr'><strong>post</strong></span> 
     </span>
     <span class='ocr_line' id='line_1_28' title="bbox 868 2755 3108 2850; baseline -0.002 -22"><span class='ocrx_word' id='word_1_196' title='bbox 868 2764 1261 2829; x_wconf 83' lang='lat' dir='ltr'><strong>Dominicam</strong></span> <span class='ocrx_word' id='word_1_197' title='bbox 1308 2764 1840 2850; x_wconf 84' lang='lat' dir='ltr'><strong>Septuagesimae.</strong></span> <span class='ocrx_word' id='word_1_198' title='bbox 1918 2764 2237 2829; x_wconf 86' lang='lat' dir='ltr'><strong>Tribuitur</strong></span> <span class='ocrx_word' id='word_1_199' title='bbox 2267 2764 2430 2829; x_wconf 86' lang='lat' dir='ltr'><strong>idem</strong></span> <span class='ocrx_word' id='word_1_200' title='bbox 2464 2755 2781 2826; x_wconf 71' lang='grc' dir='ltr'><strong>ἐπίθετον</strong></span> <span class='ocrx_word' id='word_1_201' title='bbox 2825 2763 3108 2844; x_wconf 75' lang='lat' dir='ltr'><strong>infinitae</strong></span> 
     </span>
    </p>
   </div>
   <div class='ocr_carea' id='block_1_12' title="bbox 868 2937 1109 2944">
    <p class='ocr_par' dir='ltr' id='par_1_12' title="bbox 868 2937 1109 2944">
     <span class='ocr_line' id='line_1_29' title="bbox 868 2937 1109 2944; baseline 0 2447"><span class='ocrx_word' id='word_1_202' title='bbox 868 2937 1109 2944; x_wconf 95' lang='lat' dir='ltr'><strong> </strong></span> 
     </span>
    </p>
   </div>
   <div class='ocr_carea' id='block_1_13' title="bbox 868 3030 3115 4553">
    <p class='ocr_par' dir='ltr' id='par_1_13' title="bbox 868 3030 3106 3181">
     <span class='ocr_line' id='line_1_30' title="bbox 1050 3030 3106 3102; baseline 0 -17"><span class='ocrx_word' id='word_1_203' title='bbox 1050 3031 1091 3098; x_wconf 78' lang='lat'><strong>¹)</strong></span> <span class='ocrx_word' id='word_1_204' title='bbox 1131 3031 1321 3086; x_wconf 82' lang='lat' dir='ltr'><strong>Exstat</strong></span> <span class='ocrx_word' id='word_1_205' title='bbox 1358 3032 1409 3085; x_wconf 91' lang='lat' dir='ltr'><strong>in</strong></span> <span class='ocrx_word' id='word_1_206' title='bbox 1446 3032 1740 3102; x_wconf 86' lang='lat' dir='ltr'><strong>Appendice</strong></span> <span class='ocrx_word' id='word_1_207' title='bbox 1788 3032 1852 3085; x_wconf 90' lang='lat' dir='ltr'><strong>ad</strong></span> <span class='ocrx_word' id='word_1_208' title='bbox 1903 3047 2061 3101; x_wconf 84' lang='lat' dir='ltr'><strong>opera</strong></span> <span class='ocrx_word' id='word_1_209' title='bbox 2109 3030 2410 3095; x_wconf 80' lang='lat' dir='ltr'><strong>Humberti‚</strong></span> <span class='ocrx_word' id='word_1_210' title='bbox 2467 3031 2600 3099; x_wconf 88' lang='lat' dir='ltr'><strong>apud</strong></span> <span class='ocrx_word' id='word_1_211' title='bbox 2640 3031 2843 3100; x_wconf 79' lang='lat' dir='ltr'><strong>Migne,</strong></span> <span class='ocrx_word' id='word_1_212' title='bbox 2895 3031 3036 3086; x_wconf 87' lang='lat' dir='ltr'><strong>Patr.</strong></span> <span class='ocrx_word' id='word_1_213' title='bbox 3074 3031 3106 3085; x_wconf 92' lang='lat'><strong>1.</strong></span> 
     </span>
     <span class='ocr_line' id='line_1_31' title="bbox 868 3113 1606 3181; baseline 0 -16"><span class='ocrx_word' id='word_1_214' title='bbox 868 3116 908 3165; x_wconf 91' lang='lat' dir='ltr'><strong>t.</strong></span> <span class='ocrx_word' id='word_1_215' title='bbox 956 3114 1071 3177; x_wconf 82' lang='lat'><strong>143,</strong></span> <span class='ocrx_word' id='word_1_216' title='bbox 1112 3128 1195 3181; x_wconf 90' lang='lat' dir='ltr'><strong>pp.</strong></span> <span class='ocrx_word' id='word_1_217' title='bbox 1236 3113 1606 3166; x_wconf 77' lang='grc'><strong>1219-1278.</strong></span> 
     </span>
    </p>

    <p class='ocr_par' dir='ltr' id='par_1_14' title="bbox 868 3192 3112 3988">
     <span class='ocr_line' id='line_1_32' title="bbox 1050 3192 3109 3258; baseline -0.002 -11"><span class='ocrx_word' id='word_1_218' title='bbox 1050 3192 1095 3258; x_wconf 72' lang='lat'><strong>³)</strong></span> <span class='ocrx_word' id='word_1_219' title='bbox 1135 3193 1329 3247; x_wconf 85' lang='lat' dir='ltr'><strong>Eadem</strong></span> <span class='ocrx_word' id='word_1_220' title='bbox 1366 3193 1493 3246; x_wconf 85' lang='lat' dir='ltr'><strong>haec</strong></span> <span class='ocrx_word' id='word_1_221' title='bbox 1531 3194 1792 3247; x_wconf 85' lang='lat' dir='ltr'><strong>sententia</strong></span> <span class='ocrx_word' id='word_1_222' title='bbox 1831 3198 1912 3246; x_wconf 85' lang='lat' dir='ltr'><strong>est</strong></span> <span class='ocrx_word' id='word_1_223' title='bbox 1947 3193 2229 3247; x_wconf 83' lang='lat' dir='ltr'><strong>Joannis</strong></span> <span class='ocrx_word' id='word_1_224' title='bbox 2267 3192 2668 3246; x_wconf 85' lang='lat' dir='ltr'><strong>Cabassutii</strong></span> <span class='ocrx_word' id='word_1_225' title='bbox 2715 3192 2771 3245; x_wconf 80' lang='lat' dir='ltr'><strong>in</strong></span> <span class='ocrx_word' id='word_1_226' title='bbox 2808 3192 2953 3246; x_wconf 76' lang='lat' dir='ltr'><strong>notis</strong></span> <span class='ocrx_word' id='word_1_227' title='bbox 2988 3192 3109 3246; x_wconf 78' lang='lat' dir='ltr'><strong>eccl.</strong></span> 
     </span>
     <span class='ocr_line' id='line_1_33' title="bbox 868 3271 3111 3343; baseline -0.001 -16"><span class='ocrx_word' id='word_1_228' title='bbox 868 3289 1009 3327; x_wconf 77' lang='lat' dir='ltr'><strong>saec.</strong></span> <span class='ocrx_word' id='word_1_229' title='bbox 1050 3272 1106 3338; x_wconf 78' lang='lat'><strong>2,</strong></span> <span class='ocrx_word' id='word_1_230' title='bbox 1144 3272 1278 3331; x_wconf 71' lang='lat' dir='ltr'><strong>diss.</strong></span> <span class='ocrx_word' id='word_1_231' title='bbox 1318 3274 1394 3341; x_wconf 79' lang='grc'><strong>2,·</strong></span> <span class='ocrx_word' id='word_1_232' title='bbox 1450 3274 1841 3328; x_wconf 83' lang='lat' dir='ltr'><strong>Christiani</strong></span> <span class='ocrx_word' id='word_1_233' title='bbox 1880 3273 2047 3343; x_wconf 89' lang='lat' dir='ltr'><strong>Lupi</strong></span> <span class='ocrx_word' id='word_1_234' title='bbox 2096 3273 2261 3327; x_wconf 79' lang='lat' dir='ltr'><strong>schol.</strong></span> <span class='ocrx_word' id='word_1_235' title='bbox 2300 3272 2356 3325; x_wconf 75' lang='lat' dir='ltr'><strong>iu</strong></span> <span class='ocrx_word' id='word_1_236' title='bbox 2395 3288 2582 3326; x_wconf 80' lang='lat' dir='ltr'><strong>canon.</strong></span> <span class='ocrx_word' id='word_1_237' title='bbox 2621 3272 2826 3337; x_wconf 70' lang='lat' dir='ltr'><strong>concil„</strong></span> <span class='ocrx_word' id='word_1_238' title='bbox 2874 3271 3008 3326; x_wconf 80' lang='lat' dir='ltr'><strong>diss.</strong></span> <span class='ocrx_word' id='word_1_239' title='bbox 3046 3271 3111 3325; x_wconf 88' lang='lat' dir='ltr'><strong>de</strong></span> 
     </span>
     <span class='ocr_line' id='line_1_34' title="bbox 870 3351 3106 3424; baseline -0.001 -17"><span class='ocrx_word' id='word_1_240' title='bbox 870 3354 1008 3408; x_wconf 71' lang='lat' dir='ltr'><strong>actas</strong></span> <span class='ocrx_word' id='word_1_241' title='bbox 1042 3353 1249 3408; x_wconf 78' lang='lat' dir='ltr'><strong>Leonis</strong></span> <span class='ocrx_word' id='word_1_242' title='bbox 1284 3354 1386 3407; x_wconf 83' lang='grc' dir='ltr'><strong>ΙΧ.</strong></span> <span class='ocrx_word' id='word_1_243' title='bbox 1438 3371 1550 3424; x_wconf 84' lang='lat' dir='ltr'><strong>cap.</strong></span> <span class='ocrx_word' id='word_1_244' title='bbox 1590 3355 1639 3408; x_wconf 82' lang='lat'><strong>5.</strong></span> <span class='ocrx_word' id='word_1_245' title='bbox 1691 3359 1745 3408; x_wconf 89' lang='lat' dir='ltr'><strong>et</strong></span> <span class='ocrx_word' id='word_1_246' title='bbox 1784 3371 1891 3424; x_wconf 87' lang='lat' dir='ltr'><strong>seq.</strong></span> <span class='ocrx_word' id='word_1_247' title='bbox 1941 3370 2057 3424; x_wconf 93' lang='lat' dir='ltr'><strong>opp.</strong></span> <span class='ocrx_word' id='word_1_248' title='bbox 2109 3358 2150 3407; x_wconf 83' lang='lat' dir='ltr'><strong>t.</strong></span> <span class='ocrx_word' id='word_1_249' title='bbox 2187 3353 2238 3407; x_wconf 92' lang='lat'><strong>4.</strong></span> <span class='ocrx_word' id='word_1_250' title='bbox 2295 3370 2343 3423; x_wconf 91' lang='lat' dir='ltr'><strong>p.</strong></span> <span class='ocrx_word' id='word_1_251' title='bbox 2382 3354 2489 3407; x_wconf 88' lang='grc'><strong>312</strong></span> <span class='ocrx_word' id='word_1_252' title='bbox 2528 3369 2671 3424; x_wconf 85' lang='lat' dir='ltr'><strong>seqq.</strong></span> <span class='ocrx_word' id='word_1_253' title='bbox 2722 3352 2845 3406; x_wconf 90' lang='lat' dir='ltr'><strong>edit.</strong></span> <span class='ocrx_word' id='word_1_254' title='bbox 2895 3351 3106 3409; x_wconf 59' lang='lat' dir='ltr'><strong>Veniet:</strong></span> 
     </span>
     <span class='ocr_line' id='line_1_35' title="bbox 870 3412 3110 3523; baseline -0.001 -35"><span class='ocrx_word' id='word_1_255' title='bbox 870 3434 1188 3488; x_wconf 87' lang='lat' dir='ltr'><strong>Edmundi</strong></span> <span class='ocrx_word' id='word_1_256' title='bbox 1227 3435 1577 3501; x_wconf 86' lang='lat' dir='ltr'><strong>Martenii,</strong></span> <span class='ocrx_word' id='word_1_257' title='bbox 1616 3435 1684 3488; x_wconf 84' lang='lat' dir='ltr'><strong>de</strong></span> <span class='ocrx_word' id='word_1_258' title='bbox 1720 3435 1889 3504; x_wconf 75' lang='lat' dir='ltr'><strong>antiq.</strong></span> <span class='ocrx_word' id='word_1_259' title='bbox 1928 3435 2111 3489; x_wconf 73' lang='lat' dir='ltr'><strong>eccleS.</strong></span> <span class='ocrx_word' id='word_1_260' title='bbox 2149 3434 2264 3498; x_wconf 73' lang='lat' dir='ltr'><strong>rit„</strong></span> <span class='ocrx_word' id='word_1_261' title='bbox 2301 3433 2387 3487; x_wconf 92' lang='lat' dir='ltr'><strong>lib.</strong></span> <span class='ocrx_word' id='word_1_262' title='bbox 2429 3435 2477 3499; x_wconf 93' lang='lat'><strong>1,</strong></span> <span class='ocrx_word' id='word_1_263' title='bbox 2515 3449 2627 3502; x_wconf 86' lang='lat' dir='ltr'><strong>cap.</strong></span> <span class='ocrx_word' id='word_1_264' title='bbox 2666 3433 2718 3499; x_wconf 84' lang='lat'><strong>3,</strong></span> <span class='ocrx_word' id='word_1_265' title='bbox 2757 3437 2859 3486; x_wconf 83' lang='lat' dir='ltr'><strong>art.</strong></span> <span class='ocrx_word' id='word_1_266' title='bbox 2898 3434 2948 3499; x_wconf 83' lang='lat'><strong>7,</strong></span> <span class='ocrx_word' id='word_1_267' title='bbox 2987 3412 3110 3523; x_wconf 39' lang='lat'><strong>§55</strong></span> 
     </span>
     <span class='ocr_line' id='line_1_36' title="bbox 871 3512 3109 3586; baseline -0.002 -17"><span class='ocrx_word' id='word_1_268' title='bbox 871 3522 926 3569; x_wconf 88' lang='lat' dir='ltr'><strong>et</strong></span> <span class='ocrx_word' id='word_1_269' title='bbox 963 3530 1099 3586; x_wconf 86' lang='lat' dir='ltr'><strong>seq.;</strong></span> <span class='ocrx_word' id='word_1_270' title='bbox 1151 3515 1431 3569; x_wconf 86' lang='lat' dir='ltr'><strong>Antonii</strong></span> <span class='ocrx_word' id='word_1_271' title='bbox 1468 3515 1825 3582; x_wconf 86' lang='lat' dir='ltr'><strong>Laudinii,</strong></span> <span class='ocrx_word' id='word_1_272' title='bbox 1883 3515 2035 3569; x_wconf 61' lang='lat' dir='ltr'><strong>Dese.</strong></span> <span class='ocrx_word' id='word_1_273' title='bbox 2077 3514 2163 3567; x_wconf 89' lang='grc'><strong>11.</strong></span> <span class='ocrx_word' id='word_1_274' title='bbox 2219 3513 2577 3584; x_wconf 74' lang='lat' dir='ltr'><strong>clepet-petuo</strong></span> <span class='ocrx_word' id='word_1_275' title='bbox 2614 3528 2859 3582; x_wconf 59' lang='lat' dir='ltr'><strong>azymon</strong></span> <span class='ocrx_word' id='word_1_276' title='bbox 2909 3528 3010 3567; x_wconf 73' lang='lat' dir='ltr'><strong>asu</strong></span> <span class='ocrx_word' id='word_1_277' title='bbox 3056 3512 3109 3564; x_wconf 74' lang='lat' dir='ltr'><strong>in</strong></span> 
     </span>
     <span class='ocr_line' id='line_1_37' title="bbox 871 3594 3112 3664; baseline -0.001 -14"><span class='ocrx_word' id='word_1_278' title='bbox 871 3596 1054 3650; x_wconf 78' lang='lat' dir='ltr'><strong>eccles.</strong></span> <span class='ocrx_word' id='word_1_279' title='bbox 1092 3596 1209 3655; x_wconf 82' lang='lat' dir='ltr'><strong>lat.</strong></span> <span class='ocrx_word' id='word_1_280' title='bbox 1259 3601 1313 3650; x_wconf 89' lang='lat' dir='ltr'><strong>et</strong></span> <span class='ocrx_word' id='word_1_281' title='bbox 1350 3597 1381 3651; x_wconf 91' lang='lat' dir='ltr'>J</span> <span class='ocrx_word' id='word_1_282' title='bbox 1397 3613 1536 3650; x_wconf 88' lang='lat' dir='ltr'><strong>oan.</strong></span> <span class='ocrx_word' id='word_1_283' title='bbox 1576 3595 1949 3664; x_wconf 86' lang='lat' dir='ltr'><strong>Ciampini,</strong></span> <span class='ocrx_word' id='word_1_284' title='bbox 2008 3595 2076 3648; x_wconf 83' lang='lat' dir='ltr'><strong>de</strong></span> <span class='ocrx_word' id='word_1_285' title='bbox 2121 3611 2298 3664; x_wconf 64' lang='lat' dir='ltr'><strong>aeym.</strong></span> <span class='ocrx_word' id='word_1_286' title='bbox 2351 3597 2406 3648; x_wconf 86' lang='lat' dir='ltr'><strong>et</strong></span> <span class='ocrx_word' id='word_1_287' title='bbox 2431 3596 2753 3664; x_wconf 77' lang='lat' dir='ltr'><strong>fermentat.</strong></span> <span class='ocrx_word' id='word_1_288' title='bbox 2804 3594 3112 3663; x_wconf 55' lang='lat' dir='ltr'><strong>conjectum,</strong></span> 
     </span>
     <span class='ocr_line' id='line_1_38' title="bbox 872 3673 3115 3743; baseline -0 -15"><span class='ocrx_word' id='word_1_289' title='bbox 872 3676 934 3729; x_wconf 95' lang='lat' dir='ltr'><strong>D.</strong></span> <span class='ocrx_word' id='word_1_290' title='bbox 974 3675 1381 3730; x_wconf 85' lang='lat' dir='ltr'><strong>Ferdinandi</strong></span> <span class='ocrx_word' id='word_1_291' title='bbox 1421 3675 1696 3743; x_wconf 82' lang='lat' dir='ltr'><strong>Probst,</strong></span> <span class='ocrx_word' id='word_1_292' title='bbox 1736 3676 2093 3730; x_wconf 74' lang='lat' dir='ltr'><strong>Soet-amente</strong></span> <span class='ocrx_word' id='word_1_293' title='bbox 2130 3674 2244 3728; x_wconf 79' lang='lat' dir='ltr'><strong>und</strong></span> <span class='ocrx_word' id='word_1_294' title='bbox 2267 3674 2740 3729; x_wconf 77' lang='lat' dir='ltr'><strong>Sacramentalien</strong></span> <span class='ocrx_word' id='word_1_295' title='bbox 2777 3674 2833 3728; x_wconf 79' lang='lat' dir='ltr'><strong>in</strong></span> <span class='ocrx_word' id='word_1_296' title='bbox 2860 3674 2963 3728; x_wconf 81' lang='lat' dir='ltr'><strong>den</strong></span> <span class='ocrx_word' id='word_1_297' title='bbox 2992 3673 3115 3728; x_wconf 80' lang='lat' dir='ltr'><strong>drei</strong></span> 
     </span>
     <span class='ocr_line' id='line_1_39' title="bbox 871 3756 3111 3826; baseline -0.001 -15"><span class='ocrx_word' id='word_1_298' title='bbox 871 3759 1054 3811; x_wconf 79' lang='lat' dir='ltr'><strong>ersten</strong></span> <span class='ocrx_word' id='word_1_299' title='bbox 1092 3756 1441 3811; x_wconf 79' lang='lat' dir='ltr'><strong>christlichen</strong></span> <span class='ocrx_word' id='word_1_300' title='bbox 1479 3757 1951 3823; x_wconf 73' lang='lat' dir='ltr'><strong>Jahrhunderten,</strong></span> <span class='ocrx_word' id='word_1_301' title='bbox 1991 3758 2037 3825; x_wconf 64' lang='grc' dir='ltr'><strong>ξ.</strong></span> <span class='ocrx_word' id='word_1_302' title='bbox 2079 3758 2178 3821; x_wconf 84' lang='grc'><strong>49;</strong></span> <span class='ocrx_word' id='word_1_303' title='bbox 2219 3757 2533 3826; x_wconf 84' lang='lat' dir='ltr'><strong>aliorumque</strong></span> <span class='ocrx_word' id='word_1_304' title='bbox 2571 3756 2837 3809; x_wconf 80' lang='lat' dir='ltr'><strong>doctorum</strong></span> <span class='ocrx_word' id='word_1_305' title='bbox 2874 3756 3111 3819; x_wconf 80' lang='lat' dir='ltr'><strong>virorum,</strong></span> 
     </span>
     <span class='ocr_line' id='line_1_40' title="bbox 870 3834 3112 3908; baseline -0.001 -17"><span class='ocrx_word' id='word_1_306' title='bbox 870 3852 998 3908; x_wconf 90' lang='lat' dir='ltr'><strong>quos</strong></span> <span class='ocrx_word' id='word_1_307' title='bbox 1034 3837 1243 3906; x_wconf 86' lang='lat' dir='ltr'><strong>longum</strong></span> <span class='ocrx_word' id='word_1_308' title='bbox 1294 3844 1376 3891; x_wconf 84' lang='lat' dir='ltr'><strong>est</strong></span> <span class='ocrx_word' id='word_1_309' title='bbox 1414 3854 1701 3892; x_wconf 82' lang='lat' dir='ltr'><strong>recensere.</strong></span> <span class='ocrx_word' id='word_1_310' title='bbox 1780 3837 2119 3906; x_wconf 83' lang='lat' dir='ltr'><strong>Ciampini</strong></span> <span class='ocrx_word' id='word_1_311' title='bbox 2171 3843 2344 3890; x_wconf 85' lang='lat' dir='ltr'><strong>tamen</strong></span> <span class='ocrx_word' id='word_1_312' title='bbox 2393 3837 2444 3889; x_wconf 87' lang='lat' dir='ltr'><strong>in</strong></span> <span class='ocrx_word' id='word_1_313' title='bbox 2481 3836 2577 3889; x_wconf 85' lang='lat' dir='ltr'><strong>hoc</strong></span> <span class='ocrx_word' id='word_1_314' title='bbox 2613 3852 2644 3889; x_wconf 85' lang='lat' dir='ltr'><strong>a</strong></span> <span class='ocrx_word' id='word_1_315' title='bbox 2683 3836 2978 3890; x_wconf 79' lang='lat' dir='ltr'><strong>Mabillonio</strong></span> <span class='ocrx_word' id='word_1_316' title='bbox 3015 3834 3112 3888; x_wconf 86' lang='lat' dir='ltr'><strong>dis-</strong></span> 
     </span>
     <span class='ocr_line' id='line_1_41' title="bbox 872 3917 3110 3988; baseline -0 -17"><span class='ocrx_word' id='word_1_317' title='bbox 872 3919 1047 3985; x_wconf 83' lang='lat' dir='ltr'><strong>sentit,</strong></span> <span class='ocrx_word' id='word_1_318' title='bbox 1086 3918 1219 3987; x_wconf 91' lang='lat' dir='ltr'><strong>quod</strong></span> <span class='ocrx_word' id='word_1_319' title='bbox 1246 3919 1509 3988; x_wconf 85' lang='lat' dir='ltr'><strong>Apostolis</strong></span> <span class='ocrx_word' id='word_1_320' title='bbox 1534 3918 1975 3973; x_wconf 84' lang='lat' dir='ltr'><strong>indiscriminatim</strong></span> <span class='ocrx_word' id='word_1_321' title='bbox 1999 3918 2265 3988; x_wconf 83' lang='lat' dir='ltr'><strong>utriusque</strong></span> <span class='ocrx_word' id='word_1_322' title='bbox 2292 3917 2438 3987; x_wconf 85' lang='lat' dir='ltr'><strong>panis</strong></span> <span class='ocrx_word' id='word_1_323' title='bbox 2466 3933 2612 3971; x_wconf 87' lang='lat' dir='ltr'><strong>usum</strong></span> <span class='ocrx_word' id='word_1_324' title='bbox 2639 3918 2867 3971; x_wconf 83' lang='lat' dir='ltr'><strong>tribuere</strong></span> <span class='ocrx_word' id='word_1_325' title='bbox 2894 3917 3110 3970; x_wconf 82' lang='lat' dir='ltr'><strong>videtur.</strong></span> 
     </span>
    </p>

    <p class='ocr_par' dir='ltr' id='par_1_15' title="bbox 1053 3996 2592 4069">
     <span class='ocr_line' id='line_1_42' title="bbox 1053 3996 2592 4069; baseline 0 -18"><span class='ocrx_word' id='word_1_326' title='bbox 1053 3996 1096 4063; x_wconf 83' lang='lat'><strong>⁸)</strong></span> <span class='ocrx_word' id='word_1_327' title='bbox 1138 3997 1393 4052; x_wconf 86' lang='lat' dir='ltr'><strong>Editionis</strong></span> <span class='ocrx_word' id='word_1_328' title='bbox 1430 4000 1824 4069; x_wconf 83' lang='lat' dir='ltr'><strong>Antverpiensis</strong></span> <span class='ocrx_word' id='word_1_329' title='bbox 1861 4016 1943 4053; x_wconf 84' lang='lat' dir='ltr'><strong>an.</strong></span> <span class='ocrx_word' id='word_1_330' title='bbox 1985 4000 2143 4065; x_wconf 82' lang='grc'><strong>1739,</strong></span> <span class='ocrx_word' id='word_1_331' title='bbox 2182 4015 2266 4068; x_wconf 93' lang='lat' dir='ltr'><strong>pp.</strong></span> <span class='ocrx_word' id='word_1_332' title='bbox 2305 3999 2411 4053; x_wconf 88' lang='grc'><strong>262</strong></span> <span class='ocrx_word' id='word_1_333' title='bbox 2448 4014 2592 4068; x_wconf 88' lang='lat' dir='ltr'><strong>seqq.</strong></span> 
     </span>
    </p>

    <p class='ocr_par' dir='ltr' id='par_1_16' title="bbox 872 4078 3110 4472">
     <span class='ocr_line' id='line_1_43' title="bbox 1053 4078 3110 4149; baseline -0 -17"><span class='ocrx_word' id='word_1_334' title='bbox 1053 4078 1096 4144; x_wconf 88' lang='lat'><strong>⁴)</strong></span> <span class='ocrx_word' id='word_1_335' title='bbox 1150 4079 1475 4134; x_wconf 83' lang='lat' dir='ltr'><strong>Cardinalem</strong></span> <span class='ocrx_word' id='word_1_336' title='bbox 1525 4080 1667 4134; x_wconf 86' lang='lat' dir='ltr'><strong>Bona</strong></span> <span class='ocrx_word' id='word_1_337' title='bbox 1721 4084 1933 4149; x_wconf 86' lang='lat' dir='ltr'><strong>praeter</strong></span> <span class='ocrx_word' id='word_1_338' title='bbox 1988 4086 2225 4133; x_wconf 84' lang='lat' dir='ltr'><strong>caeteros</strong></span> <span class='ocrx_word' id='word_1_339' title='bbox 2285 4083 2570 4149; x_wconf 87' lang='lat' dir='ltr'><strong>sequuntur</strong></span> <span class='ocrx_word' id='word_1_340' title='bbox 2620 4078 3110 4143; x_wconf 74' lang='lat' dir='ltr'><strong>GravesoniuS‚</strong></span> 
     </span>
     <span class='ocr_line' id='line_1_44' title="bbox 872 4157 3109 4230; baseline -0.002 -17"><span class='ocrx_word' id='word_1_341' title='bbox 872 4159 1087 4213; x_wconf 73' lang='lat' dir='ltr'><strong>Histor.</strong></span> <span class='ocrx_word' id='word_1_342' title='bbox 1135 4159 1354 4225; x_wconf 57' lang='lat' dir='ltr'><strong>eccles,</strong></span> <span class='ocrx_word' id='word_1_343' title='bbox 1405 4168 1527 4213; x_wconf 90' lang='lat' dir='ltr'><strong>tom.</strong></span> <span class='ocrx_word' id='word_1_344' title='bbox 1565 4161 1625 4223; x_wconf 85' lang='lat'><strong>3,</strong></span> <span class='ocrx_word' id='word_1_345' title='bbox 1678 4175 1816 4214; x_wconf 85' lang='lat' dir='ltr'><strong>saec.</strong></span> <span class='ocrx_word' id='word_1_346' title='bbox 1855 4162 1919 4227; x_wconf 88' lang='grc'><strong>9,</strong></span> <span class='ocrx_word' id='word_1_347' title='bbox 1972 4160 2155 4230; x_wconf 89' lang='lat' dir='ltr'><strong>colloq.</strong></span> <span class='ocrx_word' id='word_1_348' title='bbox 2185 4161 2256 4225; x_wconf 89' lang='lat'><strong>·3;</strong></span> <span class='ocrx_word' id='word_1_349' title='bbox 2321 4157 2786 4229; x_wconf 80' lang='lat' dir='ltr'><strong>Tournelyus,</strong></span> <span class='ocrx_word' id='word_1_350' title='bbox 2843 4158 3109 4213; x_wconf 79' lang='lat' dir='ltr'><strong>Praelect.</strong></span> 
     </span>
     <span class='ocr_line' id='line_1_45' title="bbox 872 4239 3107 4310; baseline 0 -17"><span class='ocrx_word' id='word_1_351' title='bbox 872 4239 1098 4307; x_wconf 59' lang='lat' dir='ltr'><strong>theolog).</strong></span> <span class='ocrx_word' id='word_1_352' title='bbox 1150 4244 1272 4292; x_wconf 90' lang='lat' dir='ltr'><strong>tom.</strong></span> <span class='ocrx_word' id='word_1_353' title='bbox 1312 4241 1361 4294; x_wconf 82' lang='lat'><strong>9.</strong></span> <span class='ocrx_word' id='word_1_354' title='bbox 1419 4241 1470 4293; x_wconf 88' lang='lat' dir='ltr'><strong>in</strong></span> <span class='ocrx_word' id='word_1_355' title='bbox 1508 4242 1559 4294; x_wconf 78' lang='lat'><strong>4.</strong></span> <span class='ocrx_word' id='word_1_356' title='bbox 1608 4240 1676 4294; x_wconf 84' lang='lat' dir='ltr'><strong>de</strong></span> <span class='ocrx_word' id='word_1_357' title='bbox 1711 4256 1949 4293; x_wconf 79' lang='lat' dir='ltr'><strong>sacram.</strong></span> <span class='ocrx_word' id='word_1_358' title='bbox 2001 4239 2221 4293; x_wconf 63' lang='grc' dir='ltr'><strong>Μῶαν.</strong></span> <span class='ocrx_word' id='word_1_359' title='bbox 2272 4243 2475 4310; x_wconf 88' lang='lat' dir='ltr'><strong>quaest.</strong></span> <span class='ocrx_word' id='word_1_360' title='bbox 2512 4241 2563 4293; x_wconf 86' lang='lat'><strong>4.</strong></span> <span class='ocrx_word' id='word_1_361' title='bbox 2614 4244 2715 4293; x_wconf 84' lang='lat' dir='ltr'><strong>art.</strong></span> <span class='ocrx_word' id='word_1_362' title='bbox 2755 4240 2806 4293; x_wconf 89' lang='grc'><strong>5.</strong></span> <span class='ocrx_word' id='word_1_363' title='bbox 2855 4240 3012 4294; x_wconf 82' lang='lat' dir='ltr'><strong>conci.</strong></span> <span class='ocrx_word' id='word_1_364' title='bbox 3049 4239 3107 4303; x_wconf 79' lang='lat'><strong>33</strong></span> 
     </span>
     <span class='ocr_line' id='line_1_46' title="bbox 872 4320 3108 4391; baseline -0 -17"><span class='ocrx_word' id='word_1_365' title='bbox 872 4320 1230 4374; x_wconf 80' lang='lat' dir='ltr'><strong>Jueninius</strong></span> <span class='ocrx_word' id='word_1_366' title='bbox 1270 4321 1356 4373; x_wconf 79' lang='lat' dir='ltr'><strong>De</strong></span> <span class='ocrx_word' id='word_1_367' title='bbox 1392 4337 1626 4374; x_wconf 81' lang='lat' dir='ltr'><strong>sacram.</strong></span> <span class='ocrx_word' id='word_1_368' title='bbox 1666 4321 1790 4374; x_wconf 86' lang='lat' dir='ltr'><strong>diss.</strong></span> <span class='ocrx_word' id='word_1_369' title='bbox 1829 4321 1879 4373; x_wconf 84' lang='lat'><strong>4.</strong></span> <span class='ocrx_word' id='word_1_370' title='bbox 1918 4325 2119 4390; x_wconf 84' lang='lat' dir='ltr'><strong>quaest.</strong></span> <span class='ocrx_word' id='word_1_371' title='bbox 2158 4321 2208 4374; x_wconf 96' lang='grc'><strong>2.</strong></span> <span class='ocrx_word' id='word_1_372' title='bbox 2261 4335 2372 4388; x_wconf 83' lang='lat' dir='ltr'><strong>cap.</strong></span> <span class='ocrx_word' id='word_1_373' title='bbox 2410 4320 2461 4373; x_wconf 90' lang='grc'><strong>2.</strong></span> <span class='ocrx_word' id='word_1_374' title='bbox 2501 4325 2600 4377; x_wconf 84' lang='lat' dir='ltr'><strong>art.</strong></span> <span class='ocrx_word' id='word_1_375' title='bbox 2640 4320 2691 4374; x_wconf 90' lang='lat'><strong>4.</strong></span> <span class='ocrx_word' id='word_1_376' title='bbox 2732 4321 2764 4391; x_wconf 65' lang='grc' dir='ltr'>ξ</span> <span class='ocrx_word' id='word_1_377' title='bbox 2799 4321 2861 4385; x_wconf 87' lang='grc'><strong>5;</strong></span> <span class='ocrx_word' id='word_1_378' title='bbox 2901 4320 3108 4374; x_wconf 85' lang='lat' dir='ltr'><strong>Drou-</strong></span> 
     </span>
     <span class='ocr_line' id='line_1_47' title="bbox 872 4400 2672 4472; baseline 0.001 -18"><span class='ocrx_word' id='word_1_379' title='bbox 872 4400 1141 4467; x_wconf 78' lang='lat' dir='ltr'><strong>veniuS,</strong></span> <span class='ocrx_word' id='word_1_380' title='bbox 1180 4401 1268 4453; x_wconf 88' lang='lat' dir='ltr'><strong>De</strong></span> <span class='ocrx_word' id='word_1_381' title='bbox 1304 4416 1368 4453; x_wconf 81' lang='lat' dir='ltr'><strong>re</strong></span> <span class='ocrx_word' id='word_1_382' title='bbox 1403 4405 1730 4455; x_wconf 80' lang='lat' dir='ltr'><strong>sacrament.</strong></span> <span class='ocrx_word' id='word_1_383' title='bbox 1771 4401 1855 4455; x_wconf 92' lang='lat' dir='ltr'><strong>lib.</strong></span> <span class='ocrx_word' id='word_1_384' title='bbox 1896 4402 1946 4465; x_wconf 80' lang='lat'><strong>4,</strong></span> <span class='ocrx_word' id='word_1_385' title='bbox 1984 4405 2185 4472; x_wconf 87' lang='lat' dir='ltr'><strong>quaest.</strong></span> <span class='ocrx_word' id='word_1_386' title='bbox 2224 4404 2274 4467; x_wconf 92' lang='grc'><strong>2,</strong></span> <span class='ocrx_word' id='word_1_387' title='bbox 2312 4417 2424 4470; x_wconf 81' lang='lat' dir='ltr'><strong>cap.</strong></span> <span class='ocrx_word' id='word_1_388' title='bbox 2466 4402 2513 4465; x_wconf 89' lang='lat'><strong>1,</strong></span> <span class='ocrx_word' id='word_1_389' title='bbox 2553 4401 2584 4470; x_wconf 67' lang='grc' dir='ltr'><strong>ς</strong></span> <span class='ocrx_word' id='word_1_390' title='bbox 2620 4402 2672 4455; x_wconf 88' lang='grc'><strong>3.</strong></span> 
     </span>
    </p>

    <p class='ocr_par' dir='ltr' id='par_1_17' title="bbox 1053 4479 2939 4553">
     <span class='ocr_line' id='line_1_48' title="bbox 1053 4479 2939 4553; baseline 0.002 -20"><span class='ocrx_word' id='word_1_391' title='bbox 1053 4479 1097 4546; x_wconf 77' lang='lat'><strong>⁶)</strong></span> <span class='ocrx_word' id='word_1_392' title='bbox 1138 4480 1470 4535; x_wconf 85' lang='lat' dir='ltr'><strong>Recentiores</strong></span> <span class='ocrx_word' id='word_1_393' title='bbox 1501 4483 1609 4552; x_wconf 81' lang='lat' dir='ltr'><strong>jam</strong></span> <span class='ocrx_word' id='word_1_394' title='bbox 1648 4483 1873 4537; x_wconf 84' lang='lat' dir='ltr'><strong>scribere</strong></span> <span class='ocrx_word' id='word_1_395' title='bbox 1912 4488 2088 4536; x_wconf 87' lang='lat' dir='ltr'><strong>amant</strong></span> <span class='ocrx_word' id='word_1_396' title='bbox 2124 4482 2448 4552; x_wconf 72' lang='lat' dir='ltr'><strong>roqatiunea</strong></span> <span class='ocrx_word' id='word_1_397' title='bbox 2485 4482 2939 4553; x_wconf 76' lang='lat' dir='ltr'><strong>supranaturala.</strong></span> 
     </span>
    </p>
   </div>
   <div class='ocr_carea' id='block_1_14' title="bbox 3463 3822 3477 4745">
    <p class='ocr_par' dir='ltr' id='par_1_18' title="bbox 3463 3822 3477 4745">
     <span class='ocr_line' id='line_1_49' title="bbox 3463 3822 3477 4745; baseline 0 0"><span class='ocrx_word' id='word_1_398' title='bbox 3463 3822 3477 4745; x_wconf 95' lang='lat' dir='ltr'><strong> </strong></span> 
     </span>
    </p>
   </div>
  </div>
 </body>
</html>
