<?xml version="1.0" encoding="UTF-8"?>
<!DOCTYPE html PUBLIC "-//W3C//DTD XHTML 1.0 Transitional//EN"
    "http://www.w3.org/TR/xhtml1/DTD/xhtml1-transitional.dtd">
<html xmlns="http://www.w3.org/1999/xhtml" xml:lang="en" lang="en">
 <head>
  <title>
</title>
<meta http-equiv="Content-Type" content="text/html;charset=utf-8" />
  <meta name='ocr-system' content='tesseract 3.04.00' />
  <meta name='ocr-capabilities' content='ocr_page ocr_carea ocr_par ocr_line ocrx_word'/>
</head>
<body>
  <div class='ocr_page' id='page_1' title='image "./kalendariummanu00nillgoog_0124.png"; bbox 0 0 3514 5391; ppageno 0'>
   <div class='ocr_carea' id='block_1_1' title="bbox 815 513 2411 581">
    <p class='ocr_par' dir='ltr' id='par_1_1' title="bbox 815 513 2411 581">
     <span class='ocr_line' id='line_1_1' title="bbox 815 513 2411 581; baseline 0.003 -19"><span class='ocrx_word' id='word_1_1' title='bbox 815 516 885 563; x_wconf 61' lang='lat'><strong>88</strong></span> <span class='ocrx_word' id='word_1_2' title='bbox 1457 513 1616 567; x_wconf 81' lang='lat' dir='ltr'><strong>Festa</strong></span> <span class='ocrx_word' id='word_1_3' title='bbox 1654 515 1862 568; x_wconf 84' lang='lat' dir='ltr'><strong>mobilia</strong></span> <span class='ocrx_word' id='word_1_4' title='bbox 1900 515 1950 566; x_wconf 89' lang='lat' dir='ltr'><strong>in</strong></span> <span class='ocrx_word' id='word_1_5' title='bbox 1990 514 2411 581; x_wconf 77' lang='lat' dir='ltr'><strong>Quadrngesima.</strong></span> 
     </span>
    </p>
   </div>
   <div class='ocr_carea' id='block_1_2' title="bbox 817 706 1889 895">
    <p class='ocr_par' dir='ltr' id='par_1_2' title="bbox 817 706 1889 895">
     <span class='ocr_line' id='line_1_2' title="bbox 818 706 1889 795; baseline 0.001 -22"><span class='ocrx_word' id='word_1_6' title='bbox 818 709 1051 793; x_wconf 77' lang='grc' dir='ltr'><strong><em>μόνου,</em></strong></span> <span class='ocrx_word' id='word_1_7' title='bbox 1133 706 1611 795; x_wconf 67' lang='grc' dir='ltr'><strong>καθαιρείσθω·</strong></span> <span class='ocrx_word' id='word_1_8' title='bbox 1695 706 1748 774; x_wconf 74' lang='grc' dir='ltr'><strong>εἶ</strong></span> <span class='ocrx_word' id='word_1_9' title='bbox 1820 709 1889 774; x_wconf 78' lang='grc' dir='ltr'><strong>δὲ</strong></span> 
     </span>
     <span class='ocr_line' id='line_1_3' title="bbox 817 806 1542 895; baseline 0.004 -24"><span class='ocrx_word' id='word_1_10' title='bbox 817 807 1055 891; x_wconf 77' lang='grc' dir='ltr'><strong><em>λαϊκός,</em></strong></span> <span class='ocrx_word' id='word_1_11' title='bbox 1107 806 1542 895; x_wconf 70' lang='grc' dir='ltr'><strong>α’φοριζέσθω.</strong></span> 
     </span>
    </p>
   </div>
   <div class='ocr_carea' id='block_1_3' title="bbox 2001 709 3062 896">
    <p class='ocr_par' dir='ltr' id='par_1_3' title="bbox 2001 709 3062 896">
     <span class='ocr_line' id='line_1_4' title="bbox 2001 709 3062 799; baseline 0.001 -25"><span class='ocrx_word' id='word_1_12' title='bbox 2001 709 2147 790; x_wconf 82' lang='lat' dir='ltr'><strong>lum,</strong></span> <span class='ocrx_word' id='word_1_13' title='bbox 2176 712 2531 799; x_wconf 77' lang='lat' dir='ltr'><strong>deponatur</strong></span> <span class='ocrx_word' id='word_1_14' title='bbox 2539 736 2562 792; x_wconf 80' lang='lat'><strong>,⁰</strong></span> <span class='ocrx_word' id='word_1_15' title='bbox 2594 714 2814 777; x_wconf 77' lang='lat' dir='ltr'><strong>sivero</strong></span> <span class='ocrx_word' id='word_1_16' title='bbox 2841 709 3062 793; x_wconf 76' lang='lat' dir='ltr'><strong>laicus,</strong></span> 
     </span>
     <span class='ocr_line' id='line_1_5' title="bbox 2001 812 2445 896; baseline 0.007 -22"><span class='ocrx_word' id='word_1_17' title='bbox 2001 821 2353 896; x_wconf 73' lang='lat' dir='ltr'><strong>seqreyetm·</strong></span> <span class='ocrx_word' id='word_1_18' title='bbox 2378 812 2445 895; x_wconf 73' lang='grc'><strong>1).</strong></span> 
     </span>
    </p>
   </div>
   <div class='ocr_carea' id='block_1_4' title="bbox 817 935 3067 1418">
    <p class='ocr_par' dir='ltr' id='par_1_4' title="bbox 817 935 3067 1418">
     <span class='ocr_line' id='line_1_6' title="bbox 817 935 3067 1016; baseline 0.001 -17"><span class='ocrx_word' id='word_1_19' title='bbox 817 937 994 1016; x_wconf 75' lang='lat' dir='ltr'><strong>Quod</strong></span> <span class='ocrx_word' id='word_1_20' title='bbox 1042 935 1117 1000; x_wconf 86' lang='lat' dir='ltr'><strong>ab</strong></span> <span class='ocrx_word' id='word_1_21' title='bbox 1168 935 1571 1001; x_wconf 79' lang='lat' dir='ltr'>orientalibus</span> <span class='ocrx_word' id='word_1_22' title='bbox 1618 937 1971 1001; x_wconf 85' lang='lat' dir='ltr'><strong>institutum</strong></span> <span class='ocrx_word' id='word_1_23' title='bbox 2021 938 2201 1013; x_wconf 57' lang='lat' dir='ltr'><strong>seins</strong></span> <span class='ocrx_word' id='word_1_24' title='bbox 2252 958 2329 1001; x_wconf 90' lang='lat' dir='ltr'><strong>ne</strong></span> <span class='ocrx_word' id='word_1_25' title='bbox 2377 938 2661 1002; x_wconf 76' lang='lat' dir='ltr'><strong>assentiri</strong></span> <span class='ocrx_word' id='word_1_26' title='bbox 2709 938 3067 1003; x_wconf 88' lang='lat' dir='ltr'><strong>viderentur</strong></span> 
     </span>
     <span class='ocr_line' id='line_1_7' title="bbox 821 1034 3061 1120; baseline 0.001 -22"><span class='ocrx_word' id='word_1_27' title='bbox 821 1034 1330 1099; x_wconf 84' lang='lat' dir='ltr'><strong>Marcionitarum</strong></span> <span class='ocrx_word' id='word_1_28' title='bbox 1391 1034 1777 1119; x_wconf 88' lang='lat' dir='ltr'><strong>aliorumque</strong></span> <span class='ocrx_word' id='word_1_29' title='bbox 1837 1040 1986 1101; x_wconf 88' lang='lat' dir='ltr'><strong>tunc</strong></span> <span class='ocrx_word' id='word_1_30' title='bbox 2047 1035 2345 1120; x_wconf 82' lang='lat' dir='ltr'><strong>temporis</strong></span> <span class='ocrx_word' id='word_1_31' title='bbox 2395 1036 2624 1101; x_wconf 82' lang='lat' dir='ltr'><strong>exortis</strong></span> <span class='ocrx_word' id='word_1_32' title='bbox 2678 1035 3061 1109; x_wconf 81' lang='lat' dir='ltr'><strong>haeresibus,</strong></span> 
     </span>
     <span class='ocr_line' id='line_1_8' title="bbox 817 1133 3063 1219; baseline 0.001 -23"><span class='ocrx_word' id='word_1_33' title='bbox 817 1138 1030 1216; x_wconf 80' lang='lat' dir='ltr'>utpote</span> <span class='ocrx_word' id='word_1_34' title='bbox 1093 1134 1196 1215; x_wconf 89' lang='lat' dir='ltr'><strong>qui</strong></span> <span class='ocrx_word' id='word_1_35' title='bbox 1246 1133 1506 1198; x_wconf 84' lang='lat' dir='ltr'><strong>sabbato</strong></span> <span class='ocrx_word' id='word_1_36' title='bbox 1551 1133 1856 1217; x_wconf 87' lang='lat' dir='ltr'><strong>jejunium</strong></span> <span class='ocrx_word' id='word_1_37' title='bbox 1906 1139 2236 1219; x_wconf 83' lang='lat' dir='ltr'><strong>propterea</strong></span> <span class='ocrx_word' id='word_1_38' title='bbox 2281 1137 2651 1213; x_wconf 85' lang='lat' dir='ltr'><strong>sanxerunt,</strong></span> <span class='ocrx_word' id='word_1_39' title='bbox 2720 1156 2800 1201; x_wconf 89' lang='lat' dir='ltr'><strong>ne</strong></span> <span class='ocrx_word' id='word_1_40' title='bbox 2848 1135 2982 1200; x_wconf 90' lang='lat' dir='ltr'><strong>Deo</strong></span> <span class='ocrx_word' id='word_1_41' title='bbox 3029 1157 3063 1199; x_wconf 83' lang='lat' dir='ltr'><strong>a</strong></span> 
     </span>
     <span class='ocr_line' id='line_1_9' title="bbox 819 1231 3063 1317; baseline 0.002 -23"><span class='ocrx_word' id='word_1_42' title='bbox 819 1231 1076 1295; x_wconf 83' lang='lat' dir='ltr'><strong>Judaeis</strong></span> <span class='ocrx_word' id='word_1_43' title='bbox 1126 1231 1309 1308; x_wconf 82' lang='lat' dir='ltr'><strong>cult0,</strong></span> <span class='ocrx_word' id='word_1_44' title='bbox 1362 1232 1468 1316; x_wconf 91' lang='lat' dir='ltr'><strong>qui</strong></span> <span class='ocrx_word' id='word_1_45' title='bbox 1516 1251 1589 1297; x_wconf 93' lang='lat' dir='ltr'><strong>eo</strong></span> <span class='ocrx_word' id='word_1_46' title='bbox 1638 1233 1737 1298; x_wconf 89' lang='lat' dir='ltr'><strong>die</strong></span> <span class='ocrx_word' id='word_1_47' title='bbox 1787 1233 2111 1317; x_wconf 78' lang='lat' dir='ltr'><strong>requievit,</strong></span> <span class='ocrx_word' id='word_1_48' title='bbox 2162 1233 2463 1299; x_wconf 87' lang='lat' dir='ltr'><strong>honorem</strong></span> <span class='ocrx_word' id='word_1_49' title='bbox 2514 1233 2808 1317; x_wconf 82' lang='lat' dir='ltr'><strong>exhibere</strong></span> <span class='ocrx_word' id='word_1_50' title='bbox 2858 1234 2952 1299; x_wconf 88' lang='lat' dir='ltr'><strong>vel</strong></span> <span class='ocrx_word' id='word_1_51' title='bbox 2982 1234 3063 1298; x_wconf 88' lang='lat' dir='ltr'><strong>ri·</strong></span> 
     </span>
     <span class='ocr_line' id='line_1_10' title="bbox 819 1329 3060 1418; baseline 0.002 -24"><span class='ocrx_word' id='word_1_52' title='bbox 819 1331 984 1395; x_wconf 86' lang='lat' dir='ltr'><strong>tibus</strong></span> <span class='ocrx_word' id='word_1_53' title='bbox 1050 1329 1214 1394; x_wconf 90' lang='lat' dir='ltr'><strong>illius</strong></span> <span class='ocrx_word' id='word_1_54' title='bbox 1279 1331 1370 1395; x_wconf 88' lang='lat' dir='ltr'><strong>uti</strong></span> <span class='ocrx_word' id='word_1_55' title='bbox 1436 1331 1825 1408; x_wconf 87' lang='lat' dir='ltr'><strong>viderentur,</strong></span> <span class='ocrx_word' id='word_1_56' title='bbox 1900 1337 1969 1397; x_wconf 92' lang='lat' dir='ltr'><strong>ut</strong></span> <span class='ocrx_word' id='word_1_57' title='bbox 2034 1333 2326 1397; x_wconf 86' lang='lat' dir='ltr'><strong>observat</strong></span> <span class='ocrx_word' id='word_1_58' title='bbox 2390 1352 2439 1398; x_wconf 91' lang='lat' dir='ltr'><strong>s.</strong></span> <span class='ocrx_word' id='word_1_59' title='bbox 2505 1331 3060 1418; x_wconf 78' lang='lat' dir='ltr'><strong>EpiphaniuS‚</strong></span> 
     </span>
    </p>
   </div>
   <div class='ocr_carea' id='block_1_5' title="bbox 821 1428 1551 1511">
    <p class='ocr_par' dir='ltr' id='par_1_5' title="bbox 821 1428 1551 1511">
     <span class='ocr_line' id='line_1_11' title="bbox 821 1428 1551 1511; baseline 0.004 -19"><span class='ocrx_word' id='word_1_60' title='bbox 821 1429 1116 1509; x_wconf 64' lang='lat' dir='ltr'><strong>Haeres„</strong></span> <span class='ocrx_word' id='word_1_61' title='bbox 1164 1428 1205 1492; x_wconf 93' lang='lat' dir='ltr'><strong>l.</strong></span> <span class='ocrx_word' id='word_1_62' title='bbox 1261 1431 1317 1505; x_wconf 89' lang='lat'><strong>1,</strong></span> <span class='ocrx_word' id='word_1_63' title='bbox 1366 1430 1453 1493; x_wconf 75' lang='lat'><strong>42</strong></span> <span class='ocrx_word' id='word_1_64' title='bbox 1478 1429 1551 1511; x_wconf 82' lang='lat'><strong>²).</strong></span> 
     </span>
    </p>
   </div>
   <div class='ocr_carea' id='block_1_6' title="bbox 817 1552 3063 1708">
    <p class='ocr_par' dir='ltr' id='par_1_6' title="bbox 817 1552 3063 1708">
     <span class='ocr_line' id='line_1_12' title="bbox 999 1552 3063 1630; baseline 0.002 -21"><span class='ocrx_word' id='word_1_65' title='bbox 999 1552 1372 1610; x_wconf 84' lang='lat' dir='ltr'><strong>Graecorum</strong></span> <span class='ocrx_word' id='word_1_66' title='bbox 1402 1571 1623 1611; x_wconf 87' lang='lat' dir='ltr'><strong>morem</strong></span> <span class='ocrx_word' id='word_1_67' title='bbox 1660 1553 1903 1612; x_wconf 88' lang='lat' dir='ltr'><strong>biduum</strong></span> <span class='ocrx_word' id='word_1_68' title='bbox 1944 1572 1981 1613; x_wconf 89' lang='lat' dir='ltr'><strong>a</strong></span> <span class='ocrx_word' id='word_1_69' title='bbox 2000 1555 2233 1627; x_wconf 86' lang='lat' dir='ltr'><strong>jejunio</strong></span> <span class='ocrx_word' id='word_1_70' title='bbox 2262 1555 2599 1629; x_wconf 84' lang='lat' dir='ltr'><strong>excipiendi</strong></span> <span class='ocrx_word' id='word_1_71' title='bbox 2638 1574 2682 1613; x_wconf 74' lang='lat' dir='ltr'><strong>s,</strong></span> <span class='ocrx_word' id='word_1_72' title='bbox 2721 1555 2785 1614; x_wconf 89' lang='lat' dir='ltr'><strong>J.</strong></span> <span class='ocrx_word' id='word_1_73' title='bbox 2825 1555 3063 1630; x_wconf 86' lang='lat' dir='ltr'><strong>Chry-</strong></span> 
     </span>
     <span class='ocr_line' id='line_1_13' title="bbox 817 1634 3063 1708; baseline 0 -18"><span class='ocrx_word' id='word_1_74' title='bbox 817 1643 1110 1692; x_wconf 82' lang='lat' dir='ltr'><strong>sostom.·</strong></span> <span class='ocrx_word' id='word_1_75' title='bbox 1151 1634 1412 1705; x_wconf 82' lang='lat' dir='ltr'><strong>egregie,</strong></span> <span class='ocrx_word' id='word_1_76' title='bbox 1464 1642 1531 1692; x_wconf 90' lang='lat' dir='ltr'><strong>ut</strong></span> <span class='ocrx_word' id='word_1_77' title='bbox 1567 1635 1737 1704; x_wconf 89' lang='lat' dir='ltr'><strong>solet,</strong></span> <span class='ocrx_word' id='word_1_78' title='bbox 1791 1636 1851 1692; x_wconf 91' lang='lat' dir='ltr'><strong>in</strong></span> <span class='ocrx_word' id='word_1_79' title='bbox 1889 1652 2029 1694; x_wconf 88' lang='lat' dir='ltr'><strong>usus</strong></span> <span class='ocrx_word' id='word_1_80' title='bbox 2068 1636 2440 1694; x_wconf 84' lang='lat' dir='ltr'><strong>homileticos</strong></span> <span class='ocrx_word' id='word_1_81' title='bbox 2479 1634 2715 1695; x_wconf 81' lang='lat' dir='ltr'><strong>confert</strong></span> <span class='ocrx_word' id='word_1_82' title='bbox 2764 1638 2819 1691; x_wconf 79' lang='lat' dir='ltr'><strong>in</strong></span> <span class='ocrx_word' id='word_1_83' title='bbox 2859 1654 2974 1708; x_wconf 80' lang='lat' dir='ltr'><strong>cap.</strong></span> <span class='ocrx_word' id='word_1_84' title='bbox 3016 1640 3063 1691; x_wconf 83' lang='grc'><strong>1.</strong></span> 
     </span>
    </p>
   </div>
   <div class='ocr_carea' id='block_1_7' title="bbox 820 1712 1415 1785">
    <p class='ocr_par' dir='ltr' id='par_1_7' title="bbox 820 1712 1415 1785">
     <span class='ocr_line' id='line_1_14' title="bbox 820 1712 1415 1785; baseline 0.01 -20"><span class='ocrx_word' id='word_1_85' title='bbox 820 1720 1034 1781; x_wconf 53' lang='lat' dir='ltr'><strong>(fenea,</strong></span> <span class='ocrx_word' id='word_1_86' title='bbox 1071 1714 1211 1768; x_wconf 80' lang='lat' dir='ltr'><strong>hom.</strong></span> <span class='ocrx_word' id='word_1_87' title='bbox 1251 1715 1322 1768; x_wconf 86' lang='lat'><strong>11</strong></span> <span class='ocrx_word' id='word_1_88' title='bbox 1340 1712 1415 1785; x_wconf 82' lang='lat'><strong>⁸):</strong></span> 
     </span>
    </p>
   </div>
   <div class='ocr_carea' id='block_1_8' title="bbox 817 1810 1896 3175">
    <p class='ocr_par' dir='ltr' id='par_1_8' title="bbox 817 1810 1896 3175">
     <span class='ocr_line' id='line_1_15' title="bbox 931 1810 1891 1885; baseline 0.003 -21"><span class='ocrx_word' id='word_1_89' title='bbox 931 1810 1200 1883; x_wconf 69' lang='grc' dir='ltr'><strong>Καθάπερ</strong></span> <span class='ocrx_word' id='word_1_90' title='bbox 1233 1812 1341 1881; x_wconf 63' lang='lat' dir='ltr'><strong>yde</strong></span> <span class='ocrx_word' id='word_1_91' title='bbox 1366 1813 1424 1865; x_wconf 74' lang='grc' dir='ltr'><strong><em>ἐν</em></strong></span> <span class='ocrx_word' id='word_1_92' title='bbox 1450 1819 1565 1873; x_wconf 79' lang='grc' dir='ltr'><strong><em>ταῖς</em></strong></span> <span class='ocrx_word' id='word_1_93' title='bbox 1589 1816 1891 1885; x_wconf 80' lang='grc' dir='ltr'><strong><em>λεωφόροις</em></strong></span> 
     </span>
     <span class='ocr_line' id='line_1_16' title="bbox 824 1893 1889 1964; baseline 0.004 -19"><span class='ocrx_word' id='word_1_94' title='bbox 824 1897 928 1945; x_wconf 70' lang='grc' dir='ltr'><strong>εἰσὶ</strong></span> <span class='ocrx_word' id='word_1_95' title='bbox 966 1896 1212 1964; x_wconf 79' lang='grc' dir='ltr'><strong>σταθμοὶ</strong></span> <span class='ocrx_word' id='word_1_96' title='bbox 1256 1897 1346 1945; x_wconf 79' lang='grc' dir='ltr'><strong>καὶ</strong></span> <span class='ocrx_word' id='word_1_97' title='bbox 1383 1893 1714 1964; x_wconf 80' lang='grc' dir='ltr'><strong><em>καταγώγια,</em></strong></span> <span class='ocrx_word' id='word_1_98' title='bbox 1752 1894 1889 1949; x_wconf 79' lang='grc' dir='ltr'><em>ὥστε</em></span> 
     </span>
     <span class='ocr_line' id='line_1_17' title="bbox 821 1972 1890 2044; baseline 0.004 -19"><span class='ocrx_word' id='word_1_99' title='bbox 821 1974 948 2032; x_wconf 76' lang='grc' dir='ltr'><strong>τούς</strong></span> <span class='ocrx_word' id='word_1_100' title='bbox 984 1972 1173 2033; x_wconf 70' lang='grc' dir='ltr'><strong><em>ὁδίτας</em></strong></span> <span class='ocrx_word' id='word_1_101' title='bbox 1209 1973 1541 2044; x_wconf 76' lang='grc' dir='ltr'><strong><em>κεκμηκότας</em></strong></span> <span class='ocrx_word' id='word_1_102' title='bbox 1577 1974 1890 2029; x_wconf 75' lang='grc' dir='ltr'><strong><em>διαναπαύ-</em></strong></span> 
     </span>
     <span class='ocr_line' id='line_1_18' title="bbox 819 2054 1892 2126; baseline 0.002 -20"><span class='ocrx_word' id='word_1_103' title='bbox 819 2059 1014 2117; x_wconf 70' lang='grc' dir='ltr'><strong>εσθαι,</strong></span> <span class='ocrx_word' id='word_1_104' title='bbox 1074 2056 1163 2106; x_wconf 76' lang='grc' dir='ltr'><strong>καὶ</strong></span> <span class='ocrx_word' id='word_1_105' title='bbox 1218 2059 1328 2107; x_wconf 80' lang='grc' dir='ltr'><strong><em>τῶν</em></strong></span> <span class='ocrx_word' id='word_1_106' title='bbox 1381 2054 1569 2109; x_wconf 84' lang='grc' dir='ltr'><strong><em>πόνων</em></strong></span> <span class='ocrx_word' id='word_1_107' title='bbox 1624 2056 1892 2126; x_wconf 79' lang='grc' dir='ltr'><strong><em>λήγοντας</em></strong></span> 
     </span>
     <span class='ocr_line' id='line_1_19' title="bbox 820 2133 1889 2203; baseline 0.006 -18"><span class='ocrx_word' id='word_1_108' title='bbox 820 2135 964 2187; x_wconf 78' lang='grc' dir='ltr'><strong><em>οὕτω</em></strong></span> <span class='ocrx_word' id='word_1_109' title='bbox 1002 2133 1170 2188; x_wconf 77' lang='grc' dir='ltr'><strong><em>πάλιν</em></strong></span> <span class='ocrx_word' id='word_1_110' title='bbox 1207 2134 1483 2189; x_wconf 75' lang='grc' dir='ltr'><strong>ἅπτεσθαι</strong></span> <span class='ocrx_word' id='word_1_111' title='bbox 1532 2140 1623 2203; x_wconf 80' lang='grc' dir='ltr'><strong>τῆς</strong></span> <span class='ocrx_word' id='word_1_112' title='bbox 1659 2135 1889 2191; x_wconf 75' lang='grc' dir='ltr'><strong><em>ὁδοιπο-</em></strong></span> 
     </span>
     <span class='ocr_line' id='line_1_20' title="bbox 818 2215 1890 2288; baseline 0.003 -22"><span class='ocrx_word' id='word_1_113' title='bbox 818 2220 952 2285; x_wconf 80' lang='grc' dir='ltr'><strong><em>ρίας,</em></strong></span> <span class='ocrx_word' id='word_1_114' title='bbox 1000 2218 1090 2267; x_wconf 76' lang='grc' dir='ltr'><strong>καὶ</strong></span> <span class='ocrx_word' id='word_1_115' title='bbox 1127 2216 1185 2268; x_wconf 71' lang='grc' dir='ltr'><strong><em>ἐν</em></strong></span> <span class='ocrx_word' id='word_1_116' title='bbox 1233 2221 1298 2287; x_wconf 77' lang='grc' dir='ltr'><strong>τῇ</strong></span> <span class='ocrx_word' id='word_1_117' title='bbox 1335 2215 1588 2288; x_wconf 69' lang='grc' dir='ltr'><strong>θαλάσσῃ</strong></span> <span class='ocrx_word' id='word_1_118' title='bbox 1636 2216 1695 2269; x_wconf 72' lang='grc' dir='ltr'><strong>δὲ</strong></span> <span class='ocrx_word' id='word_1_119' title='bbox 1734 2216 1890 2269; x_wconf 71' lang='grc' dir='ltr'><strong><em>ἀκταὶ</em></strong></span> 
     </span>
     <span class='ocr_line' id='line_1_21' title="bbox 817 2297 1889 2366; baseline 0.002 -18"><span class='ocrx_word' id='word_1_120' title='bbox 817 2299 908 2348; x_wconf 79' lang='grc' dir='ltr'><strong>καὶ</strong></span> <span class='ocrx_word' id='word_1_121' title='bbox 933 2297 1173 2364; x_wconf 72' lang='grc' dir='ltr'><strong>αἰγιαλοὶ</strong></span> <span class='ocrx_word' id='word_1_122' title='bbox 1198 2298 1289 2347; x_wconf 75' lang='grc' dir='ltr'><strong>καὶ</strong></span> <span class='ocrx_word' id='word_1_123' title='bbox 1313 2298 1530 2366; x_wconf 77' lang='grc' dir='ltr'><strong><em>λιμένες</em></strong></span> <span class='ocrx_word' id='word_1_124' title='bbox 1555 2300 1715 2359; x_wconf 78' lang='grc' dir='ltr'><strong><em>εἰσίν,</em></strong></span> <span class='ocrx_word' id='word_1_125' title='bbox 1753 2298 1889 2351; x_wconf 76' lang='grc' dir='ltr'><strong>ὥστε</strong></span> 
     </span>
     <span class='ocr_line' id='line_1_22' title="bbox 820 2375 1891 2455; baseline 0.003 -27"><span class='ocrx_word' id='word_1_126' title='bbox 820 2375 974 2430; x_wconf 69' lang='grc' dir='ltr'><strong>κάκεῖ</strong></span> <span class='ocrx_word' id='word_1_127' title='bbox 1011 2377 1138 2436; x_wconf 82' lang='grc' dir='ltr'><strong>τούς</strong></span> <span class='ocrx_word' id='word_1_128' title='bbox 1163 2378 1623 2447; x_wconf 74' lang='grc' dir='ltr'><strong><em>ναυτιλλομένους</em></strong></span> <span class='ocrx_word' id='word_1_129' title='bbox 1657 2378 1800 2455; x_wconf 44' lang='lat' dir='ltr'><strong>‘uz-rc?</strong></span> <span class='ocrx_word' id='word_1_130' title='bbox 1829 2378 1891 2431; x_wconf 77' lang='grc' dir='ltr'><strong>τὸ</strong></span> 
     </span>
     <span class='ocr_line' id='line_1_23' title="bbox 819 2456 1894 2529; baseline 0.003 -21"><span class='ocrx_word' id='word_1_131' title='bbox 819 2457 989 2510; x_wconf 71' lang='grc' dir='ltr'><strong><em>πολλα</em></strong></span> <span class='ocrx_word' id='word_1_132' title='bbox 1011 2456 1230 2526; x_wconf 78' lang='grc' dir='ltr'><strong><em>κύματα</em></strong></span> <span class='ocrx_word' id='word_1_133' title='bbox 1254 2456 1605 2528; x_wconf 70' lang='grc' dir='ltr'><strong>διαδραμεῖν,</strong></span> <span class='ocrx_word' id='word_1_134' title='bbox 1642 2461 1729 2510; x_wconf 76' lang='grc' dir='ltr'><strong>καὶ</strong></span> <span class='ocrx_word' id='word_1_135' title='bbox 1760 2459 1894 2529; x_wconf 78' lang='grc' dir='ltr'><strong>πρὸς</strong></span> 
     </span>
     <span class='ocr_line' id='line_1_24' title="bbox 822 2537 1892 2610; baseline 0.001 -20"><span class='ocrx_word' id='word_1_136' title='bbox 822 2538 915 2596; x_wconf 61' lang='lat' dir='ltr'><strong>uic</strong></span> <span class='ocrx_word' id='word_1_137' title='bbox 965 2542 1074 2591; x_wconf 79' lang='grc' dir='ltr'><strong><em>τῶν</em></strong></span> <span class='ocrx_word' id='word_1_138' title='bbox 1111 2537 1333 2607; x_wconf 68' lang='grc' dir='ltr'><strong><em>ἀνέμων</em></strong></span> <span class='ocrx_word' id='word_1_139' title='bbox 1375 2539 1607 2610; x_wconf 73' lang='grc' dir='ltr'><strong><em>ἐμβολάς</em></strong></span> <span class='ocrx_word' id='word_1_140' title='bbox 1642 2539 1892 2606; x_wconf 78' lang='grc' dir='ltr'><strong><em>α’ντιστῆ-</em></strong></span> 
     </span>
     <span class='ocr_line' id='line_1_25' title="bbox 822 2617 1894 2689; baseline 0.001 -18"><span class='ocrx_word' id='word_1_141' title='bbox 822 2636 928 2681; x_wconf 83' lang='grc' dir='ltr'><strong><em>ναι,</em></strong></span> <span class='ocrx_word' id='word_1_142' title='bbox 967 2617 1171 2689; x_wconf 81' lang='grc' dir='ltr'><strong><em>μικρὸν</em></strong></span> <span class='ocrx_word' id='word_1_143' title='bbox 1202 2618 1514 2684; x_wconf 73' lang='grc' dir='ltr'><strong><em>α’νεθέντας,</em></strong></span> <span class='ocrx_word' id='word_1_144' title='bbox 1553 2619 1697 2673; x_wconf 75' lang='grc' dir='ltr'><strong><em>οὕτω</em></strong></span> <span class='ocrx_word' id='word_1_145' title='bbox 1724 2618 1894 2683; x_wconf 70' lang='grc' dir='ltr'><strong><em>πάλιν</em></strong></span> 
     </span>
     <span class='ocr_line' id='line_1_26' title="bbox 824 2699 1896 2765; baseline 0.005 -14"><span class='ocrx_word' id='word_1_146' title='bbox 824 2704 911 2765; x_wconf 81' lang='grc' dir='ltr'><strong>τῆς</strong></span> <span class='ocrx_word' id='word_1_147' title='bbox 949 2701 1230 2758; x_wconf 79' lang='grc' dir='ltr'><strong><em>ναυτιλίας</em></strong></span> <span class='ocrx_word' id='word_1_148' title='bbox 1266 2699 1558 2755; x_wconf 76' lang='grc' dir='ltr'><strong>ἅπτεσθαι·</strong></span> <span class='ocrx_word' id='word_1_149' title='bbox 1597 2702 1697 2755; x_wconf 79' lang='grc' dir='ltr'><strong><em>τὸν</em></strong></span> <span class='ocrx_word' id='word_1_150' title='bbox 1723 2702 1896 2756; x_wconf 75' lang='grc' dir='ltr'><strong><em>αὐτόν</em></strong></span> 
     </span>
     <span class='ocr_line' id='line_1_27' title="bbox 822 2779 1895 2852; baseline 0.005 -22"><span class='ocrx_word' id='word_1_151' title='bbox 822 2780 889 2846; x_wconf 67' lang='grc' dir='ltr'><strong>δὴ</strong></span> <span class='ocrx_word' id='word_1_152' title='bbox 929 2779 1137 2850; x_wconf 74' lang='grc' dir='ltr'><strong><em>τρόπον</em></strong></span> <span class='ocrx_word' id='word_1_153' title='bbox 1176 2783 1266 2832; x_wconf 76' lang='grc' dir='ltr'><strong>καὶ</strong></span> <span class='ocrx_word' id='word_1_154' title='bbox 1303 2786 1432 2846; x_wconf 84' lang='grc' dir='ltr'><strong><em>νῦν,</em></strong></span> <span class='ocrx_word' id='word_1_155' title='bbox 1481 2783 1568 2836; x_wconf 73' lang='grc' dir='ltr'><strong>ἐπὶ</strong></span> <span class='ocrx_word' id='word_1_156' title='bbox 1606 2787 1696 2849; x_wconf 82' lang='grc' dir='ltr'><strong>τῆς</strong></span> <span class='ocrx_word' id='word_1_157' title='bbox 1732 2782 1895 2852; x_wconf 67' lang='grc' dir='ltr'><strong><em>ἁγίας</em></strong></span> 
     </span>
     <span class='ocr_line' id='line_1_28' title="bbox 823 2863 1895 2935; baseline 0.005 -22"><span class='ocrx_word' id='word_1_158' title='bbox 823 2866 1280 2932; x_wconf 76' lang='grc' dir='ltr'><em>τεσσαρακοστῆς,</em></span> <span class='ocrx_word' id='word_1_159' title='bbox 1346 2868 1458 2923; x_wconf 82' lang='grc' dir='ltr'><strong><em>τοῖς</em></strong></span> <span class='ocrx_word' id='word_1_160' title='bbox 1517 2863 1618 2917; x_wconf 76' lang='grc' dir='ltr'><strong><em>τόν</em></strong></span> <span class='ocrx_word' id='word_1_161' title='bbox 1679 2864 1895 2935; x_wconf 76' lang='grc' dir='ltr'><strong><em>δρόμον</em></strong></span> 
     </span>
     <span class='ocr_line' id='line_1_29' title="bbox 824 2944 1895 3015; baseline 0.004 -22"><span class='ocrx_word' id='word_1_162' title='bbox 824 2946 909 3006; x_wconf 78' lang='grc' dir='ltr'><strong>τῆς</strong></span> <span class='ocrx_word' id='word_1_163' title='bbox 937 2948 1185 3008; x_wconf 79' lang='grc' dir='ltr'><strong>νηστείας</strong></span> <span class='ocrx_word' id='word_1_164' title='bbox 1209 2944 1678 3015; x_wconf 71' lang='grc' dir='ltr'><strong><em>καταδεξαμένοις,</em></strong></span> <span class='ocrx_word' id='word_1_165' title='bbox 1717 2945 1895 2998; x_wconf 62' lang='lat' dir='ltr'><strong>aea-912-</strong></span> 
     </span>
     <span class='ocr_line' id='line_1_30' title="bbox 823 3023 1896 3094; baseline 0.002 -19"><span class='ocrx_word' id='word_1_166' title='bbox 823 3041 924 3092; x_wconf 82' lang='grc' dir='ltr'><strong>περ</strong></span> <span class='ocrx_word' id='word_1_167' title='bbox 962 3023 1266 3092; x_wconf 75' lang='grc' dir='ltr'><strong>σταθμούς,</strong></span> <span class='ocrx_word' id='word_1_168' title='bbox 1304 3026 1395 3076; x_wconf 76' lang='grc' dir='ltr'><strong>καὶ</strong></span> <span class='ocrx_word' id='word_1_169' title='bbox 1430 3025 1761 3094; x_wconf 77' lang='grc' dir='ltr'><strong><em>καταγώγια,</em></strong></span> <span class='ocrx_word' id='word_1_170' title='bbox 1807 3030 1896 3078; x_wconf 79' lang='grc' dir='ltr'><strong>’καὶ</strong></span> 
     </span>
     <span class='ocr_line' id='line_1_31' title="bbox 820 3102 1896 3175; baseline 0.004 -21"><span class='ocrx_word' id='word_1_171' title='bbox 820 3102 999 3166; x_wconf 72' lang='grc' dir='ltr'><strong><em>ἀκτάς,</em></strong></span> <span class='ocrx_word' id='word_1_172' title='bbox 1052 3106 1142 3155; x_wconf 76' lang='grc' dir='ltr'><strong>καὶ</strong></span> <span class='ocrx_word' id='word_1_173' title='bbox 1180 3105 1476 3173; x_wconf 73' lang='grc' dir='ltr'><strong><em>αἰγιαλούς,</em></strong></span> <span class='ocrx_word' id='word_1_174' title='bbox 1529 3109 1618 3158; x_wconf 76' lang='grc' dir='ltr'><strong>καὶ</strong></span> <span class='ocrx_word' id='word_1_175' title='bbox 1642 3102 1896 3175; x_wconf 70' lang='grc' dir='ltr'><strong><em>λιμένας,</em></strong></span> 
     </span>
    </p>
   </div>
   <div class='ocr_carea' id='block_1_9' title="bbox 1999 1815 3070 3180">
    <p class='ocr_par' dir='ltr' id='par_1_9' title="bbox 1999 1815 3070 3180">
     <span class='ocr_line' id='line_1_32' title="bbox 2105 1815 3066 1888; baseline 0.001 -13"><span class='ocrx_word' id='word_1_176' title='bbox 2105 1815 2260 1875; x_wconf 89' lang='lat' dir='ltr'><strong>Nam</strong></span> <span class='ocrx_word' id='word_1_177' title='bbox 2304 1815 2792 1888; x_wconf 82' lang='lat' dir='ltr'><strong>quemadmodum</strong></span> <span class='ocrx_word' id='word_1_178' title='bbox 2842 1817 2901 1875; x_wconf 91' lang='lat' dir='ltr'><strong>in</strong></span> <span class='ocrx_word' id='word_1_179' title='bbox 2953 1818 3066 1876; x_wconf 81' lang='lat' dir='ltr'><strong>viis</strong></span> 
     </span>
     <span class='ocr_line' id='line_1_33' title="bbox 2000 1897 3066 1970; baseline 0 -14"><span class='ocrx_word' id='word_1_180' title='bbox 2000 1897 2253 1970; x_wconf 85' lang='lat' dir='ltr'><strong>publicis</strong></span> <span class='ocrx_word' id='word_1_181' title='bbox 2292 1903 2431 1955; x_wconf 90' lang='lat' dir='ltr'><strong>sunt</strong></span> <span class='ocrx_word' id='word_1_182' title='bbox 2455 1897 2748 1955; x_wconf 89' lang='lat' dir='ltr'><strong>stationes</strong></span> <span class='ocrx_word' id='word_1_183' title='bbox 2786 1904 2848 1956; x_wconf 89' lang='lat' dir='ltr'><strong>et</strong></span> <span class='ocrx_word' id='word_1_184' title='bbox 2874 1898 3066 1956; x_wconf 83' lang='lat' dir='ltr'><strong>diver-</strong></span> 
     </span>
     <span class='ocr_line' id='line_1_34' title="bbox 2000 1975 3067 2053; baseline 0.002 -18"><span class='ocrx_word' id='word_1_185' title='bbox 2000 1977 2213 2046; x_wconf 89' lang='lat' dir='ltr'><strong>ticula,</strong></span> <span class='ocrx_word' id='word_1_186' title='bbox 2265 1978 2324 2035; x_wconf 90' lang='lat' dir='ltr'><strong>in</strong></span> <span class='ocrx_word' id='word_1_187' title='bbox 2365 1977 2574 2053; x_wconf 88' lang='lat' dir='ltr'><strong>quibus</strong></span> <span class='ocrx_word' id='word_1_188' title='bbox 2611 1975 2757 2036; x_wconf 87' lang='lat' dir='ltr'><strong>fessi</strong></span> <span class='ocrx_word' id='word_1_189' title='bbox 2803 1978 3067 2037; x_wconf 85' lang='lat' dir='ltr'><strong>viatores</strong></span> 
     </span>
     <span class='ocr_line' id='line_1_35' title="bbox 2001 2058 3069 2131; baseline 0.004 -16"><span class='ocrx_word' id='word_1_190' title='bbox 2001 2065 2062 2116; x_wconf 89' lang='lat' dir='ltr'><strong>et</strong></span> <span class='ocrx_word' id='word_1_191' title='bbox 2118 2058 2425 2131; x_wconf 82' lang='lat' dir='ltr'><strong>respirant</strong></span> <span class='ocrx_word' id='word_1_192' title='bbox 2486 2064 2549 2116; x_wconf 91' lang='lat' dir='ltr'><strong>et</strong></span> <span class='ocrx_word' id='word_1_193' title='bbox 2602 2058 2937 2131; x_wconf 85' lang='lat' dir='ltr'><strong>quiescunt,</strong></span> <span class='ocrx_word' id='word_1_194' title='bbox 3001 2065 3069 2119; x_wconf 88' lang='lat' dir='ltr'><strong>ut</strong></span> 
     </span>
     <span class='ocr_line' id='line_1_36' title="bbox 1999 2137 3069 2211; baseline 0.002 -15"><span class='ocrx_word' id='word_1_195' title='bbox 1999 2144 2210 2211; x_wconf 86' lang='lat' dir='ltr'><strong>postea</strong></span> <span class='ocrx_word' id='word_1_196' title='bbox 2248 2139 2370 2197; x_wconf 88' lang='lat' dir='ltr'><strong>iter</strong></span> <span class='ocrx_word' id='word_1_197' title='bbox 2407 2156 2567 2197; x_wconf 88' lang='lat' dir='ltr'><strong>suum</strong></span> <span class='ocrx_word' id='word_1_198' title='bbox 2610 2137 2955 2207; x_wconf 84' lang='lat' dir='ltr'><strong>conficiant;</strong></span> <span class='ocrx_word' id='word_1_199' title='bbox 3005 2146 3069 2198; x_wconf 87' lang='lat' dir='ltr'><strong>et</strong></span> 
     </span>
     <span class='ocr_line' id='line_1_37' title="bbox 2001 2219 3070 2291; baseline 0.002 -15"><span class='ocrx_word' id='word_1_200' title='bbox 2001 2220 2157 2277; x_wconf 90' lang='lat' dir='ltr'><strong>sicut</strong></span> <span class='ocrx_word' id='word_1_201' title='bbox 2208 2219 2265 2277; x_wconf 89' lang='lat' dir='ltr'><strong>in</strong></span> <span class='ocrx_word' id='word_1_202' title='bbox 2320 2219 2475 2277; x_wconf 91' lang='lat' dir='ltr'><strong>mari</strong></span> <span class='ocrx_word' id='word_1_203' title='bbox 2526 2219 2737 2277; x_wconf 84' lang='lat' dir='ltr'><strong>littora</strong></span> <span class='ocrx_word' id='word_1_204' title='bbox 2785 2228 2949 2291; x_wconf 87' lang='lat' dir='ltr'><strong>sunt,</strong></span> <span class='ocrx_word' id='word_1_205' title='bbox 3007 2226 3070 2278; x_wconf 85' lang='lat' dir='ltr'><strong>et·</strong></span> 
     </span>
     <span class='ocr_line' id='line_1_38' title="bbox 1999 2299 3065 2374; baseline 0.002 -17"><span class='ocrx_word' id='word_1_206' title='bbox 1999 2306 2221 2374; x_wconf 78' lang='lat' dir='ltr'><strong>portua,</strong></span> <span class='ocrx_word' id='word_1_207' title='bbox 2256 2308 2326 2358; x_wconf 91' lang='lat' dir='ltr'><strong>ut</strong></span> <span class='ocrx_word' id='word_1_208' title='bbox 2362 2299 2445 2357; x_wconf 92' lang='lat' dir='ltr'><strong>ibi</strong></span> <span class='ocrx_word' id='word_1_209' title='bbox 2486 2306 2722 2371; x_wconf 88' lang='lat' dir='ltr'><strong>nautae,</strong></span> <span class='ocrx_word' id='word_1_210' title='bbox 2760 2305 3065 2374; x_wconf 83' lang='lat' dir='ltr'><strong>postquam</strong></span> 
     </span>
     <span class='ocr_line' id='line_1_39' title="bbox 2002 2379 3067 2453; baseline 0.001 -15"><span class='ocrx_word' id='word_1_211' title='bbox 2002 2381 2215 2439; x_wconf 87' lang='lat' dir='ltr'><strong>multos</strong></span> <span class='ocrx_word' id='word_1_212' title='bbox 2232 2379 2447 2439; x_wconf 88' lang='lat' dir='ltr'><strong>fluctus</strong></span> <span class='ocrx_word' id='word_1_213' title='bbox 2463 2381 2839 2453; x_wconf 66' lang='lat' dir='ltr'><strong>traiecerunt</strong></span> <span class='ocrx_word' id='word_1_214' title='bbox 2858 2388 3067 2441; x_wconf 85' lang='lat' dir='ltr'><strong>etven-</strong></span> 
     </span>
     <span class='ocr_line' id='line_1_40' title="bbox 2003 2456 3067 2534; baseline 0.001 -15"><span class='ocrx_word' id='word_1_215' title='bbox 2003 2468 2193 2519; x_wconf 88' lang='lat' dir='ltr'><strong>torum</strong></span> <span class='ocrx_word' id='word_1_216' title='bbox 2234 2461 2482 2534; x_wconf 89' lang='lat' dir='ltr'><strong>impetui</strong></span> <span class='ocrx_word' id='word_1_217' title='bbox 2517 2461 2891 2533; x_wconf 86' lang='lat' dir='ltr'><strong>restiterunt,</strong></span> <span class='ocrx_word' id='word_1_218' title='bbox 2938 2456 3067 2520; x_wconf 83' lang='lat' dir='ltr'><strong>tan·</strong></span> 
     </span>
     <span class='ocr_line' id='line_1_41' title="bbox 2002 2542 3065 2616; baseline 0.002 -17"><span class='ocrx_word' id='word_1_219' title='bbox 2002 2543 2192 2616; x_wconf 89' lang='lat' dir='ltr'><strong>tisper</strong></span> <span class='ocrx_word' id='word_1_220' title='bbox 2229 2542 2566 2614; x_wconf 87' lang='lat' dir='ltr'><strong>quiescant,</strong></span> <span class='ocrx_word' id='word_1_221' title='bbox 2620 2549 2681 2600; x_wconf 88' lang='lat' dir='ltr'><strong>et</strong></span> <span class='ocrx_word' id='word_1_222' title='bbox 2727 2542 2814 2601; x_wconf 89' lang='lat' dir='ltr'><strong>sic</strong></span> <span class='ocrx_word' id='word_1_223' title='bbox 2853 2543 3065 2601; x_wconf 86' lang='lat' dir='ltr'><strong>iterum</strong></span> 
     </span>
     <span class='ocr_line' id='line_1_42' title="bbox 2004 2622 3069 2695; baseline 0.002 -15"><span class='ocrx_word' id='word_1_224' title='bbox 2004 2623 2292 2695; x_wconf 85' lang='lat' dir='ltr'><strong>navigare</strong></span> <span class='ocrx_word' id='word_1_225' title='bbox 2332 2622 2650 2695; x_wconf 82' lang='lat' dir='ltr'><strong>incipiant:</strong></span> <span class='ocrx_word' id='word_1_226' title='bbox 2690 2623 2777 2681; x_wconf 86' lang='lat' dir='ltr'><strong>ita</strong></span> <span class='ocrx_word' id='word_1_227' title='bbox 2819 2629 2879 2682; x_wconf 87' lang='lat' dir='ltr'><strong>et</strong></span> <span class='ocrx_word' id='word_1_228' title='bbox 2916 2640 3069 2684; x_wconf 87' lang='lat' dir='ltr'><strong>nunc</strong></span> 
     </span>
     <span class='ocr_line' id='line_1_43' title="bbox 2003 2704 3069 2779; baseline 0.003 -17"><span class='ocrx_word' id='word_1_229' title='bbox 2003 2704 2093 2770; x_wconf 87' lang='lat' dir='ltr'><strong>iis,</strong></span> <span class='ocrx_word' id='word_1_230' title='bbox 2132 2705 2233 2777; x_wconf 87' lang='lat' dir='ltr'><strong>qui</strong></span> <span class='ocrx_word' id='word_1_231' title='bbox 2270 2704 2331 2761; x_wconf 92' lang='lat' dir='ltr'><strong>in</strong></span> <span class='ocrx_word' id='word_1_232' title='bbox 2355 2704 2832 2778; x_wconf 79' lang='lat' dir='ltr'><strong>Quadragesima</strong></span> <span class='ocrx_word' id='word_1_233' title='bbox 2851 2705 3069 2779; x_wconf 86' lang='lat' dir='ltr'><strong>jejunii</strong></span> 
     </span>
     <span class='ocr_line' id='line_1_44' title="bbox 2005 2787 3069 2858; baseline 0.004 -16"><span class='ocrx_word' id='word_1_234' title='bbox 2005 2801 2234 2843; x_wconf 90' lang='lat' dir='ltr'><strong>cursum</strong></span> <span class='ocrx_word' id='word_1_235' title='bbox 2276 2801 2610 2858; x_wconf 85' lang='lat' dir='ltr'><strong>suscepere,</strong></span> <span class='ocrx_word' id='word_1_236' title='bbox 2655 2787 2825 2858; x_wconf 82' lang='lat' dir='ltr'><strong>quasi</strong></span> <span class='ocrx_word' id='word_1_237' title='bbox 2863 2787 3069 2846; x_wconf 88' lang='lat' dir='ltr'><strong>statio·</strong></span> 
     </span>
     <span class='ocr_line' id='line_1_45' title="bbox 2005 2865 3069 2937; baseline 0.003 -15"><span class='ocrx_word' id='word_1_238' title='bbox 2005 2882 2109 2922; x_wconf 85' lang='lat' dir='ltr'><strong>nes</strong></span> <span class='ocrx_word' id='word_1_239' title='bbox 2148 2870 2211 2922; x_wconf 88' lang='lat' dir='ltr'><strong>et</strong></span> <span class='ocrx_word' id='word_1_240' title='bbox 2249 2865 2606 2937; x_wconf 85' lang='lat' dir='ltr'><strong>diversoria,</strong></span> <span class='ocrx_word' id='word_1_241' title='bbox 2659 2871 2724 2924; x_wconf 89' lang='lat' dir='ltr'><strong>et</strong></span> <span class='ocrx_word' id='word_1_242' title='bbox 2761 2866 2972 2927; x_wconf 88' lang='lat' dir='ltr'><strong>littora</strong></span> <span class='ocrx_word' id='word_1_243' title='bbox 3008 2875 3069 2925; x_wconf 89' lang='lat' dir='ltr'><strong>et</strong></span> 
     </span>
     <span class='ocr_line' id='line_1_46' title="bbox 2004 2945 3067 3018; baseline 0.005 -16"><span class='ocrx_word' id='word_1_244' title='bbox 2004 2951 2226 3018; x_wconf 73' lang='lat' dir='ltr'><strong>portus.</strong></span> <span class='ocrx_word' id='word_1_245' title='bbox 2266 2945 2443 3003; x_wconf 88' lang='lat' dir='ltr'><strong>hosce</strong></span> <span class='ocrx_word' id='word_1_246' title='bbox 2482 2945 2625 3004; x_wconf 88' lang='lat' dir='ltr'><strong>duos</strong></span> <span class='ocrx_word' id='word_1_247' title='bbox 2662 2945 3067 3007; x_wconf 83' lang='lat' dir='ltr'><strong>hebdomadae</strong></span> 
     </span>
     <span class='ocr_line' id='line_1_47' title="bbox 2005 3023 3068 3100; baseline 0.002 -16"><span class='ocrx_word' id='word_1_248' title='bbox 2005 3026 2132 3084; x_wconf 82' lang='lat' dir='ltr'><strong>dies</strong></span> <span class='ocrx_word' id='word_1_249' title='bbox 2169 3023 2461 3084; x_wconf 83' lang='lat' dir='ltr'><strong>Dominus</strong></span> <span class='ocrx_word' id='word_1_250' title='bbox 2513 3027 2774 3099; x_wconf 88' lang='lat' dir='ltr'><strong>quietem</strong></span> <span class='ocrx_word' id='word_1_251' title='bbox 2812 3028 3068 3100; x_wconf 84' lang='lat' dir='ltr'><strong>largitus</strong></span> 
     </span>
     <span class='ocr_line' id='line_1_48' title="bbox 2006 3108 3066 3180; baseline 0.006 -17"><span class='ocrx_word' id='word_1_252' title='bbox 2006 3111 2116 3178; x_wconf 89' lang='lat' dir='ltr'><strong>est,</strong></span> <span class='ocrx_word' id='word_1_253' title='bbox 2162 3114 2230 3164; x_wconf 90' lang='lat' dir='ltr'><strong>ut</strong></span> <span class='ocrx_word' id='word_1_254' title='bbox 2267 3112 2330 3164; x_wconf 87' lang='lat' dir='ltr'><strong>et</strong></span> <span class='ocrx_word' id='word_1_255' title='bbox 2367 3108 2599 3180; x_wconf 85' lang='lat' dir='ltr'><strong>corpori</strong></span> <span class='ocrx_word' id='word_1_256' title='bbox 2639 3108 3066 3180; x_wconf 81' lang='lat' dir='ltr'><strong>aliquantulum</strong></span> 
     </span>
    </p>
   </div>
   <div class='ocr_carea' id='block_1_10' title="bbox 822 3183 3071 4548">
    <p class='ocr_par' dir='ltr' id='par_1_10' title="bbox 828 3183 3071 3260">
     <span class='ocr_line' id='line_1_49' title="bbox 828 3183 3071 3260; baseline 0.002 -17"><span class='ocrx_word' id='word_1_257' title='bbox 828 3184 919 3243; x_wconf 74' lang='grc' dir='ltr'><strong>ιιὶς</strong></span> <span class='ocrx_word' id='word_1_258' title='bbox 968 3183 1073 3236; x_wconf 68' lang='grc' dir='ltr'><strong>δύο</strong></span> <span class='ocrx_word' id='word_1_259' title='bbox 1122 3183 1319 3244; x_wconf 78' lang='grc' dir='ltr'><strong><em>ταύτας</em></strong></span> <span class='ocrx_word' id='word_1_260' title='bbox 1355 3184 1556 3255; x_wconf 75' lang='grc' dir='ltr'><strong><em>ἡμέρας</em></strong></span> <span class='ocrx_word' id='word_1_261' title='bbox 1606 3190 1696 3252; x_wconf 80' lang='grc' dir='ltr'><strong>τῆς</strong></span> <span class='ocrx_word' id='word_1_262' title='bbox 1742 3186 1895 3252; x_wconf 75' lang='grc' dir='ltr'><strong><em>ἑβδο-</em></strong></span> <span class='ocrx_word' id='word_1_263' title='bbox 1998 3187 2216 3259; x_wconf 83' lang='lat' dir='ltr'><strong>jejunii</strong></span> <span class='ocrx_word' id='word_1_264' title='bbox 2254 3188 2519 3246; x_wconf 84' lang='lat' dir='ltr'><strong>laborem</strong></span> <span class='ocrx_word' id='word_1_265' title='bbox 2558 3189 2967 3260; x_wconf 52' lang='lat' dir='ltr'><strong>remittente&amp;</strong></span> <span class='ocrx_word' id='word_1_266' title='bbox 3007 3194 3071 3247; x_wconf 89' lang='lat' dir='ltr'><strong>et</strong></span> 
     </span>
    </p>

    <p class='ocr_par' dir='ltr' id='par_1_11' title="bbox 825 3346 3070 3580">
     <span class='ocr_line' id='line_1_50' title="bbox 1009 3346 3070 3418; baseline 0.001 -17"><span class='ocrx_word' id='word_1_267' title='bbox 1009 3347 1049 3413; x_wconf 82' lang='lat'><strong>¹)</strong></span> <span class='ocrx_word' id='word_1_268' title='bbox 1091 3348 1236 3418; x_wconf 86' lang='lat' dir='ltr'><strong>Apud</strong></span> <span class='ocrx_word' id='word_1_269' title='bbox 1277 3347 1464 3416; x_wconf 78' lang='lat' dir='ltr'><strong>Migne‚</strong></span> <span class='ocrx_word' id='word_1_270' title='bbox 1504 3346 1647 3401; x_wconf 80' lang='lat' dir='ltr'><strong>Patr.</strong></span> <span class='ocrx_word' id='word_1_271' title='bbox 1686 3364 1766 3417; x_wconf 86' lang='lat' dir='ltr'><strong>gr.</strong></span> <span class='ocrx_word' id='word_1_272' title='bbox 1806 3353 1929 3402; x_wconf 91' lang='lat' dir='ltr'><strong>tom.</strong></span> <span class='ocrx_word' id='word_1_273' title='bbox 1957 3350 2079 3416; x_wconf 82' lang='lat'>137,</span> <span class='ocrx_word' id='word_1_274' title='bbox 2119 3365 2202 3418; x_wconf 91' lang='lat' dir='ltr'><strong>pp.</strong></span> <span class='ocrx_word' id='word_1_275' title='bbox 2227 3350 2526 3404; x_wconf 83' lang='lat'><strong>169—170.</strong></span> <span class='ocrx_word' id='word_1_276' title='bbox 2583 3351 3070 3406; x_wconf 86' lang='lat' dir='ltr'><strong>ConsonantCon·</strong></span> 
     </span>
     <span class='ocr_line' id='line_1_51' title="bbox 825 3429 3068 3506; baseline 0.002 -26"><span class='ocrx_word' id='word_1_277' title='bbox 825 3430 1248 3483; x_wconf 75' lang='lat' dir='ltr'><strong>stitutiones</strong></span> <span class='ocrx_word' id='word_1_278' title='bbox 1289 3429 1764 3498; x_wconf 87' lang='lat' dir='ltr'><strong>Apostolicae,</strong></span> <span class='ocrx_word' id='word_1_279' title='bbox 1818 3430 1850 3484; x_wconf 84' lang='lat'><strong>1.</strong></span> <span class='ocrx_word' id='word_1_280' title='bbox 1890 3431 1940 3497; x_wconf 82' lang='lat'><strong>5,</strong></span> <span class='ocrx_word' id='word_1_281' title='bbox 1987 3447 2030 3484; x_wconf 92' lang='lat' dir='ltr'><strong>c.</strong></span> <span class='ocrx_word' id='word_1_282' title='bbox 2074 3431 2141 3484; x_wconf 81' lang='lat'><strong>15</strong></span> <span class='ocrx_word' id='word_1_283' title='bbox 2198 3430 2339 3492; x_wconf 88' lang='lat' dir='ltr'><strong>(ibid.</strong></span> <span class='ocrx_word' id='word_1_284' title='bbox 2380 3435 2502 3484; x_wconf 90' lang='lat' dir='ltr'><strong>tom.</strong></span> <span class='ocrx_word' id='word_1_285' title='bbox 2544 3432 2591 3496; x_wconf 92' lang='lat'><strong>1,</strong></span> <span class='ocrx_word' id='word_1_286' title='bbox 2640 3432 3068 3506; x_wconf 47' lang='lat' dir='ltr'><strong>pp.‚881—884)</strong></span> 
     </span>
     <span class='ocr_line' id='line_1_52' title="bbox 828 3509 1978 3580; baseline 0.003 -20"><span class='ocrx_word' id='word_1_287' title='bbox 828 3516 882 3561; x_wconf 77' lang='lat' dir='ltr'><strong>et</strong></span> <span class='ocrx_word' id='word_1_288' title='bbox 921 3509 953 3562; x_wconf 93' lang='grc'><strong>1.</strong></span> <span class='ocrx_word' id='word_1_289' title='bbox 994 3511 1042 3572; x_wconf 85' lang='grc'><strong>7,</strong></span> <span class='ocrx_word' id='word_1_290' title='bbox 1082 3525 1125 3562; x_wconf 92' lang='lat' dir='ltr'><strong>c.</strong></span> <span class='ocrx_word' id='word_1_291' title='bbox 1165 3509 1233 3563; x_wconf 79' lang='lat'><strong>23</strong></span> <span class='ocrx_word' id='word_1_292' title='bbox 1275 3509 1416 3564; x_wconf 82' lang='lat' dir='ltr'><strong>(ibid.</strong></span> <span class='ocrx_word' id='word_1_293' title='bbox 1457 3525 1540 3580; x_wconf 94' lang='lat' dir='ltr'><strong>pp.</strong></span> <span class='ocrx_word' id='word_1_294' title='bbox 1583 3511 1978 3577; x_wconf 87' lang='lat'><strong>1013—1016).</strong></span> 
     </span>
    </p>

    <p class='ocr_par' dir='ltr' id='par_1_12' title="bbox 822 3588 3070 4463">
     <span class='ocr_line' id='line_1_53' title="bbox 1008 3588 3069 3661; baseline 0.001 -18"><span class='ocrx_word' id='word_1_295' title='bbox 1008 3588 1050 3656; x_wconf 80' lang='lat'><strong>²)</strong></span> <span class='ocrx_word' id='word_1_296' title='bbox 1091 3589 1218 3644; x_wconf 88' lang='lat' dir='ltr'><strong>Ibid.</strong></span> <span class='ocrx_word' id='word_1_297' title='bbox 1259 3595 1380 3644; x_wconf 87' lang='lat' dir='ltr'><strong>tom.</strong></span> <span class='ocrx_word' id='word_1_298' title='bbox 1419 3592 1506 3656; x_wconf 84' lang='lat'><strong>41,</strong></span> <span class='ocrx_word' id='word_1_299' title='bbox 1545 3607 1629 3661; x_wconf 91' lang='lat' dir='ltr'><strong>pp.</strong></span> <span class='ocrx_word' id='word_1_300' title='bbox 1668 3591 1970 3646; x_wconf 82' lang='lat'><strong>669—670.</strong></span> <span class='ocrx_word' id='word_1_301' title='bbox 2046 3591 2173 3646; x_wconf 87' lang='lat' dir='ltr'><strong>Post</strong></span> <span class='ocrx_word' id='word_1_302' title='bbox 2211 3593 2497 3646; x_wconf 83' lang='lat' dir='ltr'><strong>exstinctas</strong></span> <span class='ocrx_word' id='word_1_303' title='bbox 2535 3591 2913 3661; x_wconf 86' lang='lat' dir='ltr'><strong>praedictorum</strong></span> <span class='ocrx_word' id='word_1_304' title='bbox 2950 3592 3069 3646; x_wconf 86' lang='lat' dir='ltr'><strong>hae·</strong></span> 
     </span>
     <span class='ocr_line' id='line_1_54' title="bbox 822 3671 3070 3741; baseline 0.001 -17"><span class='ocrx_word' id='word_1_305' title='bbox 822 3686 982 3736; x_wconf 83' lang='lat' dir='ltr'><strong>reses,</strong></span> <span class='ocrx_word' id='word_1_306' title='bbox 1022 3671 1292 3725; x_wconf 85' lang='lat' dir='ltr'><strong>sabbatum</strong></span> <span class='ocrx_word' id='word_1_307' title='bbox 1330 3672 1486 3725; x_wconf 86' lang='lat' dir='ltr'><strong>etiam</strong></span> <span class='ocrx_word' id='word_1_308' title='bbox 1516 3672 1728 3741; x_wconf 88' lang='lat' dir='ltr'><strong>jejuniis</strong></span> <span class='ocrx_word' id='word_1_309' title='bbox 1768 3672 2104 3738; x_wconf 83' lang='lat' dir='ltr'><strong>celebrandis,</strong></span> <span class='ocrx_word' id='word_1_310' title='bbox 2144 3689 2176 3726; x_wconf 86' lang='lat' dir='ltr'><strong>a</strong></span> <span class='ocrx_word' id='word_1_311' title='bbox 2208 3672 2382 3725; x_wconf 88' lang='lat' dir='ltr'><strong>multis</strong></span> <span class='ocrx_word' id='word_1_312' title='bbox 2407 3672 2811 3727; x_wconf 85' lang='lat' dir='ltr'><strong>occidentalibus</strong></span> <span class='ocrx_word' id='word_1_313' title='bbox 2837 3673 3070 3728; x_wconf 85' lang='lat' dir='ltr'><strong>ecclesiis</strong></span> 
     </span>
     <span class='ocr_line' id='line_1_55' title="bbox 825 3751 3067 3823; baseline 0.002 -20"><span class='ocrx_word' id='word_1_314' title='bbox 825 3751 1160 3819; x_wconf 81' lang='lat' dir='ltr'><strong>praesertim,</strong></span> <span class='ocrx_word' id='word_1_315' title='bbox 1214 3751 1502 3805; x_wconf 84' lang='lat' dir='ltr'><strong>dedicatum</strong></span> <span class='ocrx_word' id='word_1_316' title='bbox 1541 3757 1650 3818; x_wconf 88' lang='lat' dir='ltr'><strong>est,</strong></span> <span class='ocrx_word' id='word_1_317' title='bbox 1702 3756 1855 3822; x_wconf 88' lang='lat' dir='ltr'><strong>prout</strong></span> <span class='ocrx_word' id='word_1_318' title='bbox 1894 3769 1956 3806; x_wconf 79' lang='lat' dir='ltr'><strong>ex</strong></span> <span class='ocrx_word' id='word_1_319' title='bbox 1989 3755 2106 3823; x_wconf 79' lang='lat' dir='ltr'><strong>Jure</strong></span> <span class='ocrx_word' id='word_1_320' title='bbox 2144 3769 2291 3807; x_wconf 84' lang='lat' dir='ltr'><strong>sacro</strong></span> <span class='ocrx_word' id='word_1_321' title='bbox 2338 3753 2792 3808; x_wconf 82' lang='lat' dir='ltr'><strong>animadvertimus</strong></span> <span class='ocrx_word' id='word_1_322' title='bbox 2842 3759 2981 3807; x_wconf 88' lang='lat' dir='ltr'><strong>tomo</strong></span> <span class='ocrx_word' id='word_1_323' title='bbox 3022 3757 3067 3818; x_wconf 92' lang='lat'><strong>1,</strong></span> 
     </span>
     <span class='ocr_line' id='line_1_56' title="bbox 824 3830 3068 3902; baseline 0 -17"><span class='ocrx_word' id='word_1_324' title='bbox 824 3848 871 3900; x_wconf 90' lang='lat' dir='ltr'><strong>p.</strong></span> <span class='ocrx_word' id='word_1_325' title='bbox 910 3833 996 3885; x_wconf 80' lang='lat'><strong>62.</strong></span> <span class='ocrx_word' id='word_1_326' title='bbox 1072 3830 1410 3886; x_wconf 86' lang='lat' dir='ltr'><strong>Orientalium</strong></span> <span class='ocrx_word' id='word_1_327' title='bbox 1461 3833 1879 3886; x_wconf 86' lang='lat' dir='ltr'><strong>consuetudinem</strong></span> <span class='ocrx_word' id='word_1_328' title='bbox 1930 3849 2053 3887; x_wconf 84' lang='lat' dir='ltr'><strong>vero</strong></span> <span class='ocrx_word' id='word_1_329' title='bbox 2104 3849 2358 3902; x_wconf 88' lang='lat' dir='ltr'><strong>nunquam</strong></span> <span class='ocrx_word' id='word_1_330' title='bbox 2409 3833 2671 3888; x_wconf 83' lang='lat' dir='ltr'><strong>damnavit</strong></span> <span class='ocrx_word' id='word_1_331' title='bbox 2716 3833 2935 3888; x_wconf 85' lang='lat' dir='ltr'><strong>ecclesia</strong></span> <span class='ocrx_word' id='word_1_332' title='bbox 2972 3833 3068 3886; x_wconf 86' lang='lat' dir='ltr'><strong>Ro·</strong></span> 
     </span>
     <span class='ocr_line' id='line_1_57' title="bbox 823 3913 3065 3983; baseline 0.001 -18"><span class='ocrx_word' id='word_1_333' title='bbox 823 3927 1002 3978; x_wconf 79' lang='lat' dir='ltr'><strong>mana3</strong></span> <span class='ocrx_word' id='word_1_334' title='bbox 1062 3914 1212 3967; x_wconf 92' lang='lat' dir='ltr'><strong>immo</strong></span> <span class='ocrx_word' id='word_1_335' title='bbox 1262 3930 1294 3967; x_wconf 86' lang='lat' dir='ltr'><strong>a</strong></span> <span class='ocrx_word' id='word_1_336' title='bbox 1341 3913 1726 3967; x_wconf 83' lang='lat' dir='ltr'><strong>Benedicto</strong></span> <span class='ocrx_word' id='word_1_337' title='bbox 1766 3914 1865 3969; x_wconf 92' lang='grc' dir='ltr'><strong>ΡΡ.</strong></span> <span class='ocrx_word' id='word_1_338' title='bbox 1905 3913 2041 3968; x_wconf 84' lang='lat' dir='ltr'><strong>XIV.</strong></span> <span class='ocrx_word' id='word_1_339' title='bbox 2102 3914 2382 3968; x_wconf 84' lang='lat' dir='ltr'><strong>Constitut.</strong></span> <span class='ocrx_word' id='word_1_340' title='bbox 2436 3913 2564 3967; x_wconf 76' lang='lat' dir='ltr'><strong>Etsi</strong></span> <span class='ocrx_word' id='word_1_341' title='bbox 2584 3914 2896 3983; x_wconf 75' lang='lat' dir='ltr'><strong>pastoralis</strong></span> <span class='ocrx_word' id='word_1_342' title='bbox 2945 3913 3065 3968; x_wconf 88' lang='lat' dir='ltr'><strong>edit.</strong></span> 
     </span>
     <span class='ocr_line' id='line_1_58' title="bbox 824 3992 3070 4063; baseline 0.001 -18"><span class='ocrx_word' id='word_1_343' title='bbox 824 3992 871 4045; x_wconf 89' lang='lat' dir='ltr'><strong>d.</strong></span> <span class='ocrx_word' id='word_1_344' title='bbox 913 3993 999 4046; x_wconf 81' lang='lat'><strong>26.</strong></span> <span class='ocrx_word' id='word_1_345' title='bbox 1039 3993 1176 4062; x_wconf 87' lang='lat' dir='ltr'><strong>Maji,</strong></span> <span class='ocrx_word' id='word_1_346' title='bbox 1220 3994 1377 4060; x_wconf 72' lang='lat'><strong>1742,</strong></span> <span class='ocrx_word' id='word_1_347' title='bbox 1414 3994 1520 4063; x_wconf 78' lang='lat'><strong>§9‚</strong></span> <span class='ocrx_word' id='word_1_348' title='bbox 1560 3995 1859 4062; x_wconf 53' lang='lat' dir='ltr'><strong>nn.‚8—-10.</strong></span> <span class='ocrx_word' id='word_1_349' title='bbox 1901 3999 2052 4048; x_wconf 84' lang='lat' dir='ltr'><strong>extra</strong></span> <span class='ocrx_word' id='word_1_350' title='bbox 2077 3993 2535 4063; x_wconf 83' lang='lat' dir='ltr'><strong>Quadragesimam</strong></span> <span class='ocrx_word' id='word_1_351' title='bbox 2561 3993 2859 4048; x_wconf 84' lang='lat' dir='ltr'><strong>tolerandus</strong></span> <span class='ocrx_word' id='word_1_352' title='bbox 2883 3994 3070 4048; x_wconf 86' lang='lat' dir='ltr'><strong>dicitur</strong></span> 
     </span>
     <span class='ocr_line' id='line_1_59' title="bbox 825 4072 3066 4144; baseline 0 -18"><span class='ocrx_word' id='word_1_353' title='bbox 825 4072 959 4140; x_wconf 84' lang='lat' dir='ltr'><strong>apud</strong></span> <span class='ocrx_word' id='word_1_354' title='bbox 999 4072 1227 4127; x_wconf 87' lang='lat' dir='ltr'><strong>Graecos</strong></span> <span class='ocrx_word' id='word_1_355' title='bbox 1273 4090 1395 4128; x_wconf 87' lang='lat' dir='ltr'><strong>usus</strong></span> <span class='ocrx_word' id='word_1_356' title='bbox 1433 4074 1661 4128; x_wconf 87' lang='lat' dir='ltr'><strong>carnium</strong></span> <span class='ocrx_word' id='word_1_357' title='bbox 1699 4075 1781 4128; x_wconf 89' lang='lat' dir='ltr'><strong>die</strong></span> <span class='ocrx_word' id='word_1_358' title='bbox 1821 4075 2051 4143; x_wconf 84' lang='lat' dir='ltr'><strong>sabbati,</strong></span> <span class='ocrx_word' id='word_1_359' title='bbox 2101 4075 2144 4128; x_wconf 90' lang='lat' dir='ltr'><strong>si</strong></span> <span class='ocrx_word' id='word_1_360' title='bbox 2183 4075 2291 4128; x_wconf 84' lang='lat' dir='ltr'><strong>sine</strong></span> <span class='ocrx_word' id='word_1_361' title='bbox 2332 4074 2573 4128; x_wconf 82' lang='lat' dir='ltr'><strong>scandalo</strong></span> <span class='ocrx_word' id='word_1_362' title='bbox 2610 4074 2720 4128; x_wconf 85' lang='lat' dir='ltr'><strong>fieri</strong></span> <span class='ocrx_word' id='word_1_363' title='bbox 2757 4079 2959 4144; x_wconf 61' lang='lat' dir='ltr'><strong>potest}</strong></span> <span class='ocrx_word' id='word_1_364' title='bbox 3016 4075 3066 4128; x_wconf 91' lang='lat' dir='ltr'><strong>in</strong></span> 
     </span>
     <span class='ocr_line' id='line_1_60' title="bbox 827 4152 3065 4225; baseline 0.002 -20"><span class='ocrx_word' id='word_1_365' title='bbox 827 4152 951 4206; x_wconf 81' lang='lat' dir='ltr'><strong>loeis</strong></span> <span class='ocrx_word' id='word_1_366' title='bbox 989 4158 1160 4206; x_wconf 86' lang='lat' dir='ltr'><strong>autem</strong></span> <span class='ocrx_word' id='word_1_367' title='bbox 1200 4155 1422 4224; x_wconf 83' lang='lat' dir='ltr'><strong>ipsorum</strong></span> <span class='ocrx_word' id='word_1_368' title='bbox 1461 4159 1516 4208; x_wconf 89' lang='lat' dir='ltr'><strong>et</strong></span> <span class='ocrx_word' id='word_1_369' title='bbox 1541 4156 1678 4209; x_wconf 88' lang='lat' dir='ltr'><strong>inter</strong></span> <span class='ocrx_word' id='word_1_370' title='bbox 1703 4172 1792 4209; x_wconf 84' lang='lat' dir='ltr'><strong>eos</strong></span> <span class='ocrx_word' id='word_1_371' title='bbox 1818 4161 2036 4210; x_wconf 83' lang='lat' dir='ltr'><strong>tantum.</strong></span> <span class='ocrx_word' id='word_1_372' title='bbox 2089 4156 2302 4220; x_wconf 85' lang='lat' dir='ltr'><strong>(Bullar.</strong></span> <span class='ocrx_word' id='word_1_373' title='bbox 2332 4156 2558 4225; x_wconf 84' lang='lat' dir='ltr'><strong>ejusdem</strong></span> <span class='ocrx_word' id='word_1_374' title='bbox 2579 4155 2858 4224; x_wconf 75' lang='lat' dir='ltr'><strong>PontificiS,</strong></span> <span class='ocrx_word' id='word_1_375' title='bbox 2878 4157 3065 4216; x_wconf 82' lang='lat' dir='ltr'><strong>tom.1‚</strong></span> 
     </span>
     <span class='ocr_line' id='line_1_61' title="bbox 826 4234 3065 4306; baseline 0.001 -20"><span class='ocrx_word' id='word_1_376' title='bbox 826 4250 874 4301; x_wconf 93' lang='lat' dir='ltr'><strong>p.</strong></span> <span class='ocrx_word' id='word_1_377' title='bbox 914 4236 1000 4298; x_wconf 68' lang='lat'><strong>81,</strong></span> <span class='ocrx_word' id='word_1_378' title='bbox 1039 4234 1277 4287; x_wconf 87' lang='lat' dir='ltr'><strong>editionis</strong></span> <span class='ocrx_word' id='word_1_379' title='bbox 1315 4234 1545 4289; x_wconf 86' lang='lat' dir='ltr'><strong>Venetae</strong></span> <span class='ocrx_word' id='word_1_380' title='bbox 1585 4236 1704 4289; x_wconf 86' lang='lat' dir='ltr'><strong>anni</strong></span> <span class='ocrx_word' id='word_1_381' title='bbox 1744 4237 1924 4298; x_wconf 64' lang='lat'><strong>1768.)</strong></span> <span class='ocrx_word' id='word_1_382' title='bbox 1956 4269 2018 4274; x_wconf 97' lang='lat'><strong>—</strong></span> <span class='ocrx_word' id='word_1_383' title='bbox 2049 4236 2126 4290; x_wconf 90' lang='lat' dir='ltr'><strong>De</strong></span> <span class='ocrx_word' id='word_1_384' title='bbox 2154 4236 2447 4306; x_wconf 84' lang='lat' dir='ltr'><strong>inexpiabili</strong></span> <span class='ocrx_word' id='word_1_385' title='bbox 2473 4236 2915 4291; x_wconf 87' lang='lat' dir='ltr'><strong>schismaticorum</strong></span> <span class='ocrx_word' id='word_1_386' title='bbox 2952 4235 3065 4290; x_wconf 89' lang='lat' dir='ltr'><strong>odio</strong></span> 
     </span>
     <span class='ocr_line' id='line_1_62' title="bbox 828 4314 3061 4390; baseline 0.002 -23"><span class='ocrx_word' id='word_1_387' title='bbox 828 4314 1008 4382; x_wconf 84' lang='lat' dir='ltr'><strong>jejunii</strong></span> <span class='ocrx_word' id='word_1_388' title='bbox 1049 4315 1302 4369; x_wconf 82' lang='lat' dir='ltr'><strong>sabbatini</strong></span> <span class='ocrx_word' id='word_1_389' title='bbox 1345 4315 1480 4370; x_wconf 84' lang='lat' dir='ltr'><strong>lectu</strong></span> <span class='ocrx_word' id='word_1_390' title='bbox 1519 4316 1673 4384; x_wconf 85' lang='lat' dir='ltr'><strong>digna</strong></span> <span class='ocrx_word' id='word_1_391' title='bbox 1709 4318 1940 4387; x_wconf 85' lang='lat' dir='ltr'><strong>reperies</strong></span> <span class='ocrx_word' id='word_1_392' title='bbox 1980 4319 2029 4370; x_wconf 91' lang='lat' dir='ltr'><strong>in</strong></span> <span class='ocrx_word' id='word_1_393' title='bbox 2072 4317 2550 4390; x_wconf 72' lang='lat' dir='ltr'><strong>„Zeitscltriflfur</strong></span> <span class='ocrx_word' id='word_1_394' title='bbox 2567 4317 2719 4371; x_wconf 58' lang='lat' dir='ltr'><strong>laath.</strong></span> <span class='ocrx_word' id='word_1_395' title='bbox 2746 4316 3061 4386; x_wconf 58' lang='lat' dir='ltr'><strong>Theoloqt’d‘</strong></span> 
     </span>
     <span class='ocr_line' id='line_1_63' title="bbox 831 4396 1236 4463; baseline 0.005 -16"><span class='ocrx_word' id='word_1_396' title='bbox 831 4396 985 4458; x_wconf 73' lang='lat'>1894,</span> <span class='ocrx_word' id='word_1_397' title='bbox 1026 4411 1073 4463; x_wconf 90' lang='lat' dir='ltr'><strong>p.</strong></span> <span class='ocrx_word' id='word_1_398' title='bbox 1115 4397 1236 4449; x_wconf 81' lang='lat'><strong>343.</strong></span> 
     </span>
    </p>

    <p class='ocr_par' dir='ltr' id='par_1_13' title="bbox 1008 4473 1718 4548">
     <span class='ocr_line' id='line_1_64' title="bbox 1008 4473 1718 4548; baseline 0.007 -21"><span class='ocrx_word' id='word_1_399' title='bbox 1008 4473 1050 4543; x_wconf 84' lang='lat'><strong>⁸)</strong></span> <span class='ocrx_word' id='word_1_400' title='bbox 1091 4474 1216 4529; x_wconf 89' lang='lat' dir='ltr'><strong>Ibid.</strong></span> <span class='ocrx_word' id='word_1_401' title='bbox 1257 4480 1378 4529; x_wconf 90' lang='lat' dir='ltr'><strong>tom.</strong></span> <span class='ocrx_word' id='word_1_402' title='bbox 1419 4478 1504 4540; x_wconf 81' lang='lat'><strong>53,</strong></span> <span class='ocrx_word' id='word_1_403' title='bbox 1543 4493 1591 4548; x_wconf 90' lang='lat' dir='ltr'><strong>p.</strong></span> <span class='ocrx_word' id='word_1_404' title='bbox 1633 4479 1718 4533; x_wconf 73' lang='lat'><strong>92.</strong></span> 
     </span>
    </p>
   </div>
  </div>
 </body>
</html>
