3514 5391
921 540 1261 601 Prooemium.
1313 541 1393 601 De
1431 542 1686 602 Paschate
1723 544 1826 602 rite
1864 544 2079 618 agendo.
2518 550 2526 604 2

386 746 661 811 ordinem
710 744 1137 810 consimilibus
1185 744 1380 830 signis
1428 744 1802 810 coelestibus
1849 746 2141 812 divinitus
2189 747 2526 813 confirmat1

386 846 750 907 assererent.
847 839 1023 907 Circa
1071 842 1388 925 ejusmodi·
1433 843 1909 925 argumentandi
1953 845 2292 921 rationem,
2359 851 2430 911 ut
2476 846 2526 910 ol

385 940 441 1004 in
496 939 797 1025 Computo
846 939 1267 1004 ecclesiastico
1326 940 1457 1023 (pp.
1508 939 1837 1023 61—65)‚
1906 941 1992 1005 ita
2038 942 2392 1006 etiamnunc
2442 943 2526 1007 vel

386 1038 667 1103 consulas
716 1037 1053 1102 Ricciol.
1106 1036 1447 1122 Almaqest.
1498 1059 1638 1104 που.
1678 1038 1900 1124 praef.
1952 1052 2073 1104 art.
2126 1043 2183 1105 1.

565 1199 674 1266 VJ.
744 1199 842 1261 De
903 1198 1170 1263 caeteris
1214 1196 1415 1283 festis
1478 1197 1810 1263 mobilibus
1872 1223 1912 1262 a
1972 1184 2257 1264 stabilito
2319 1202 2526 1265 pasca

386 1298 884 1364 determinandis
940 1289 1035 1381 (αἱ
1103 1293 1460 1383 συμφώνως
1522 1294 1689 1382 πρὸς
1744 1296 1823 1361 τὸ
1879 1296 2115 1378 Πάσχα
2174 1297 2526 1383 προςδιοριξ

382 1420 558 1479 μεναι
606 1392 862 1483 κινηῑαὶ
910 1387 1128 1480 ἑορταί
1124 1394 1179 1478 )

551 1538 862 1621 Quoniam
926 1538 1058 1603 dies
1118 1536 1264 1602 festi
1326 1537 1588 1602 mobiles
1650 1537 1727 1601 de
1762 1539 2098 1625 paschalis
2142 1540 2308 1626 festi
2343 1542 2526 1628 pand.

384 1636 645 1702 articulo
674 1639 746 1721 ¹),
798 1635 915 1701 hoc
962 1636 1075 1701 rite
1109 1637 1462 1715 constitutO,
1513 1657 1729 1701 omnes
1759 1637 2033 1721 reliquae
2064 1639 2428 1706 festivitates
2477 1661 2526 1705 c<

383 1737 654 1820 ceptivae
724 1734 906 1800 facile
973 1734 1497 1812 determinantur3
1566 1755 1815 1819 semper
1863 1736 2046 1813 enim,
2117 1739 2301 1803 certis
2348 1739 2508 1804 inter

381 1835 588 1918 spatiis
636 1834 876 1899 divisae
942 1832 980 1916 (
973 1830 1087 1920 τὴν
1134 1829 1326 1919 αὐτὴν
1385 1829 1506 1896 ἀπ’
1552 1829 1836 1920 ἀλλήλων
1885 1832 2253 1899 ἀπόστασιν
2306 1830 2526 1915 ἔχουσι]

381 1932 707 1998 Paschatis
774 1952 1091 1997 recursum
1157 1932 1371 1996 eodem
1438 1932 1651 2013 ordine
1713 1929 1858 2018 (τὴν
1905 1929 2097 2019 αὐτὴν
2140 1931 2306 2015 πρὸς
2354 1930 2526 2018 cii-&125

379 2027 554 2110 τάξιν
599 2026 1080 2117 φυλάττουσαι)
1130 2033 1488 2113 sequuntur.
1540 2069 1625 2075 —
1672 2029 1920 2094 Pascha
1966 2032 2277 2096 antecedit
2305 2033 2526 2120 jejuni⁴

380 2126 926 2215 quadrayesimale
972 2148 1113 2193 cum
1162 2128 1359 2193 tribus
1405 2127 1905 2194 hebdomadibus
1936 2123 2417 2216 προνηστίμοις,
2466 2150 2526 2213 qi

381 2226 653 2311 proxime
707 2229 1118 2291 antevertunt.
1212 2224 1457 2289 Pascha
1503 2226 1782 2308 sequitur
1829 2226 2126 2291 Asceneio
2176 2228 2440 2291 Domini
2486 2250 2523 2312 p

378 2326 505 2390 dies
550 2324 989 2410 quadraginta,
1038 2329 1181 2408 post
1227 2324 1675 2409 quinquaginta
1722 2324 2128 2391 Pentecostea.
2198 2325 2438 2410 Reliqui
2490 2327 2526 2390 d

380 2423 515 2488 anni
564 2422 1057 2507 distinguuntur,
1107 2425 1290 2506 prout
1334 2422 1498 2486 infra
1544 2422 1843 2488 dicemus.

551 2531 684 2596 Sed
734 2529 1025 2613 quoniam
1075 2530 1153 2593 ad
1186 2530 1580 2613 conceptivos
1612 2527 1729 2594 hos
1761 2531 1894 2595 dies
1927 2530 2120 2595 multa
2157 2531 2276 2595 alia
2304 2538 2526 2616 praete]

378 2633 701 2714 spectant,
769 2647 927 2712 quae
992 2629 1051 2691 in
1115 2627 1341 2692 tabulis
1404 2627 1802 2711 paschalibus
1865 2630 2276 2694 communiter
2337 2637 2526 2697 conte]

381 2728 869 2793 commentarius
914 2731 1127 2791 noster
1174 2725 1268 2791 vel
1315 2726 1441 2809 jam
1488 2726 1823 2792 declaravit
1871 2727 1961 2791 vel
1995 2729 2288 2811 deinceps
2317 2729 2445 2794 suis
2473 2729 2526 2794 lo

384 2832 472 2893 est
517 2826 963 2911 explicaturuS,
1012 2824 1443 2889 nonnullorum
1498 2845 1797 2889 annorum
1847 2822 2202 2912 διαγραφὴν
2249 2826 2352 2891 hic
2384 2829 2523 2892 dam

384 2926 718 3011 propositis
769 2945 844 2989 ex
890 2923 1227 3009 Horologio
1277 2921 1664 3006 Paschaliis,
1729 2924 1953 3008 quibus
2004 2925 2226 2990 Graeci
2251 2925 2303 3008 2)
2349 2930 2526 2990 utunt

384 3023 732 3108 subjunctis
800 3027 1005 3087 tamen
1072 3021 1285 3105 paucis
1341 3021 1653 3086 nonnullis
1716 3022 1831 3086 sub
1881 3043 2066 3087 manu
2131 3024 2292 3088 natis
2349 3025 2526 3088 anima

384 3122 795 3198 versionibUS,
863 3126 930 3184 ut-
991 3119 1281 3184 exhibitis
1342 3118 1569 3184 tabulis
1635 3124 1697 3185 et
1745 3121 1820 3196 ii,
1889 3121 1994 3204 qui
2056 3120 2259 3186 adhuc
2320 3122 2380 3185 in
2446 3121 2526 3185 hu

386 3220 750 3305 disciplinae
800 3218 1098 3283 tirociniis
1146 3218 1424 3295 haerent,
1475 3218 1663 3283 etiam
1713 3223 1886 3283 extra
1934 3220 2282 3284 academias
2331 3220 2510 3284 facile

386 3319 645 3384 valeant.
698 3356 787 3364 --
835 3316 1115 3381 Romana
1160 3316 1487 3402 Horologii
1535 3310 1792 3391 ἔκδυσις
1848 3317 1989 3381 anni
2043 3318 2212 3382 1876
2275 3319 2351 3381 ad
2399 3316 2526 3383 calc

390 3415 572 3482 habet
618 3412 960 3495 πασχάλια
1008 3411 1168 3478 ἐτῶν
1215 3413 1345 3495 νγ’.,
1396 3411 1713 3498 ἀρχόμενα
1744 3411 2026 3478 ἀπὸτοῦ
2059 3417 2256 3495 1877,
2304 3413 2411 3478 καὶ
2435 3439 2526 3479 na<

388 3512 656 3600 λήγοντα
702 3506 799 3589 εἷς
843 3511 919 3576 τὸ
967 3515 1163 3596 1930,
1214 3532 1247 3577 e
1274 3512 1500 3596 quibus
1549 3534 1778 3578 annum
1833 3514 1996 3577 1881
2052 3514 2113 3578 in
2143 3514 2331 3596 priori
2365 3515 2526 3579 editi«

392 3610 1037 3696 transscripseramuS.
1131 3611 1206 3676 In
1251 3611 1517 3696 gratiam
1566 3630 1782 3675 eorum
1832 3632 1906 3676 ex
1954 3611 2336 3676 auditoribus
2384 3617 2523 3676 nost

391 3712 487 3794 qui
538 3710 815 3776 editione
865 3709 966 3774 illa
1013 3709 1076 3773 in
1124 3709 1458 3774 academiis
1506 3703 1951 3790 ἑορταστικαῑς
2009 3713 2297 3786 utuntur,
2369 3712 2526 3774 eund

394 3830 485 3875 an.
539 3809 709 3874 1881
749 3808 953 3873 etiam
1002 3808 1063 3872 in
1113 3808 1421 3892 praesenti
1470 3806 1586 3872 hac
1635 3808 1905 3873 editione
1953 3809 2312 3873 retinemus

396 3979 613 3988 ——--,„.„
664 3982 724 3987 ς,-
743 3981 818 3987 —.

576 4085 618 4153 ¹)
660 4083 746 4138 Ita
783 4101 828 4138 s.
865 4083 994 4138 Leo
1030 4082 1117 4148 M„
1155 4085 1305 4138 relat.
1345 4100 1456 4138 can.
1496 4083 1737 4154 Proprie
1779 4085 1860 4149 13,
1900 4084 2035 4138 Dist.
2074 4085 2124 4138 4.
2164 4058 2226 4137 de
2265 4098 2401 4137 conS.
2464 4082 2526 4136 Ea

397 4180 547 4219 causa
586 4166 749 4218 etiam
787 4163 988 4217 Pascha
1026 4164 1246 4218 omnium
1284 4166 1531 4219 festorum
1559 4169 1713 4234 caput
1751 4181 1813 4218 ac
1836 4162 2168 4233 pn196u04c5
2206 4165 2315 4217 sive
2352 4163 2526 4231 α’κρόιτ

396 4260 596 4314 semper
634 4249 720 4298 est
757 4243 1003 4309 habitum,
1044 4244 1118 4298 uti
1156 4250 1298 4298 recte
1340 4245 1707 4299 animadvertit
1743 4244 1995 4310 Petav„
2036 4245 2124 4297 De
2161 4245 2408 4298 dor-trina
2446 4248 2526 4297 ten

396 4341 536 4390 mm?
572 4325 615 4472 l)
657 4324 989 4458 '‘liarielissrum
1027 4405 1299 4459 latinarum
1340 4408 1615 4475 explicatio
1654 4409 1857 4475 prostat
1896 4405 1946 4457 in
1984 4409 2162 4458 nostro
2204 4404 2454 4471 Compnto
2485 4419 2526 4455 m

398 4484 616 4537 siaslico
654 4501 741 4553 pp.
783 4485 887 4538 107
926 4501 1065 4555 seqq.

504 4585 751 4644 Nilles,
792 4581 1186 4651 Ἑορτολόγιον,
1225 4590 1296 4644 ΙΙ,
1375 4588 1519 4638 Edit.
1546 4603 1650 4639 sec.
2366 4583 2433 4634 19
