<?xml version="1.0" encoding="UTF-8"?>
<!DOCTYPE html PUBLIC "-//W3C//DTD XHTML 1.0 Transitional//EN"
    "http://www.w3.org/TR/xhtml1/DTD/xhtml1-transitional.dtd">
<html xmlns="http://www.w3.org/1999/xhtml" xml:lang="en" lang="en">
 <head>
  <title>
</title>
<meta http-equiv="Content-Type" content="text/html;charset=utf-8" />
  <meta name='ocr-system' content='tesseract 3.04.00' />
  <meta name='ocr-capabilities' content='ocr_page ocr_carea ocr_par ocr_line ocrx_word'/>
</head>
<body>
  <div class='ocr_page' id='page_1' title='image "./kalendariummanu00nillgoog_0329.png"; bbox 0 0 3514 5391; ppageno 0'>
   <div class='ocr_carea' id='block_1_1' title="bbox 1036 544 2193 613">
    <p class='ocr_par' dir='ltr' id='par_1_1' title="bbox 1036 544 2193 613">
     <span class='ocr_line' id='line_1_1' title="bbox 1036 544 2193 613; baseline -0.001 -14"><span class='ocrx_word' id='word_1_1' title='bbox 1036 544 1376 600; x_wconf 78' lang='lat' dir='ltr'><strong>Prooemium.</strong></span> <span class='ocrx_word' id='word_1_2' title='bbox 1433 544 1513 599; x_wconf 88' lang='lat' dir='ltr'>De</span> <span class='ocrx_word' id='word_1_3' title='bbox 1548 545 1802 599; x_wconf 83' lang='lat' dir='ltr'>Paschate</span> <span class='ocrx_word' id='word_1_4' title='bbox 1839 546 1939 599; x_wconf 82' lang='lat' dir='ltr'>rite</span> <span class='ocrx_word' id='word_1_5' title='bbox 1977 545 2193 613; x_wconf 87' lang='lat' dir='ltr'>agendo.</span> 
     </span>
    </p>
   </div>
   <div class='ocr_carea' id='block_1_2' title="bbox 2196 656 2373 663">
    <p class='ocr_par' dir='ltr' id='par_1_2' title="bbox 2196 656 2373 663">
     <span class='ocr_line' id='line_1_2' title="bbox 2196 656 2373 663; baseline 0 4728"><span class='ocrx_word' id='word_1_6' title='bbox 2196 656 2373 663; x_wconf 95' lang='lat' dir='ltr'> </span> 
     </span>
    </p>
   </div>
   <div class='ocr_carea' id='block_1_3' title="bbox 495 656 804 665">
    <p class='ocr_par' dir='ltr' id='par_1_3' title="bbox 495 656 804 665">
     <span class='ocr_line' id='line_1_3' title="bbox 495 656 804 665; baseline -0.01 -1"><span class='ocrx_word' id='word_1_7' title='bbox 495 656 804 665; x_wconf 67' lang='lat'><em>-—.———</em></span> 
     </span>
    </p>
   </div>
   <div class='ocr_carea' id='block_1_4' title="bbox 809 656 1185 663">
    <p class='ocr_par' dir='ltr' id='par_1_4' title="bbox 809 656 1185 663">
     <span class='ocr_line' id='line_1_4' title="bbox 809 656 1185 663; baseline 0 4728"><span class='ocrx_word' id='word_1_8' title='bbox 809 656 1185 663; x_wconf 95' lang='lat' dir='ltr'> </span> 
     </span>
    </p>
   </div>
   <div class='ocr_carea' id='block_1_5' title="bbox 1186 657 1444 665">
    <p class='ocr_par' dir='ltr' id='par_1_5' title="bbox 1186 657 1444 665">
     <span class='ocr_line' id='line_1_5' title="bbox 1186 657 1444 665; baseline 0 4726"><span class='ocrx_word' id='word_1_9' title='bbox 1186 657 1444 665; x_wconf 95' lang='lat' dir='ltr'> </span> 
     </span>
    </p>
   </div>
   <div class='ocr_carea' id='block_1_6' title="bbox 1459 657 1867 667">
    <p class='ocr_par' dir='ltr' id='par_1_6' title="bbox 1459 657 1867 667">
     <span class='ocr_line' id='line_1_6' title="bbox 1459 657 1867 667; baseline 0 4724"><span class='ocrx_word' id='word_1_10' title='bbox 1459 657 1867 667; x_wconf 95' lang='lat' dir='ltr'> </span> 
     </span>
    </p>
   </div>
   <div class='ocr_carea' id='block_1_7' title="bbox 1871 657 2135 666">
    <p class='ocr_par' dir='ltr' id='par_1_7' title="bbox 1871 657 2135 666">
     <span class='ocr_line' id='line_1_7' title="bbox 1871 657 2135 666; baseline 0 4725"><span class='ocrx_word' id='word_1_11' title='bbox 1871 657 2135 666; x_wconf 95' lang='lat' dir='ltr'> </span> 
     </span>
    </p>
   </div>
   <div class='ocr_carea' id='block_1_8' title="bbox 484 735 2446 930">
    <p class='ocr_par' dir='ltr' id='par_1_8' title="bbox 484 735 2446 930">
     <span class='ocr_line' id='line_1_8' title="bbox 642 735 2446 831; baseline -0.002 -22.177"><span class='ocrx_word' id='word_1_12' title='bbox 642 740 752 823; x_wconf 75' lang='grc' dir='ltr'>ΗΟ</span> <span class='ocrx_word' id='word_1_13' title='bbox 781 739 1291 828; x_wconf 68' lang='grc' dir='ltr'><em>ειᾳγγελισμός,</em></span> <span class='ocrx_word' id='word_1_14' title='bbox 1359 739 1395 831; x_wconf 74' lang='grc' dir='ltr'>ἡ</span> <span class='ocrx_word' id='word_1_15' title='bbox 1456 735 1712 830; x_wconf 80' lang='grc' dir='ltr'><strong><em>νηστεία</em></strong></span> <span class='ocrx_word' id='word_1_16' title='bbox 1775 745 1904 807; x_wconf 74' lang='grc' dir='ltr'>τῶν</span> <span class='ocrx_word' id='word_1_17' title='bbox 1968 736 2162 825; x_wconf 79' lang='grc' dir='ltr'><em>ἁγίων</em></span> <span class='ocrx_word' id='word_1_18' title='bbox 2221 740 2446 806; x_wconf 71' lang='grc' dir='ltr'><em>ἀποστ</em></span> 
     </span>
     <span class='ocr_line' id='line_1_9' title="bbox 484 837 2202 930; baseline 0.001 -27"><span class='ocrx_word' id='word_1_19' title='bbox 484 838 693 930; x_wconf 77' lang='grc' dir='ltr'><em>μνήμη</em></span> <span class='ocrx_word' id='word_1_20' title='bbox 739 837 964 920; x_wconf 68' lang='grc' dir='ltr'><strong><em>αὐτῶν,</em></strong></span> <span class='ocrx_word' id='word_1_21' title='bbox 1021 838 1058 925; x_wconf 82' lang='grc' dir='ltr'>ἡ</span> <span class='ocrx_word' id='word_1_22' title='bbox 1104 839 1446 927; x_wconf 54' lang='lat' dir='ltr'>antoanam}</span> <span class='ocrx_word' id='word_1_23' title='bbox 1490 845 1619 905; x_wconf 76' lang='grc' dir='ltr'>τῶν</span> <span class='ocrx_word' id='word_1_24' title='bbox 1665 838 2202 926; x_wconf 75' lang='grc' dir='ltr'><strong><em>Χριστουγέννωι.</em></strong></span> 
     </span>
    </p>
   </div>
   <div class='ocr_carea' id='block_1_9' title="bbox 482 948 2446 1124">
    <p class='ocr_par' dir='ltr' id='par_1_9' title="bbox 482 948 2446 1124">
     <span class='ocr_line' id='line_1_10' title="bbox 482 948 2446 1124; baseline -0.001 -110"><span class='ocrx_word' id='word_1_25' title='bbox 482 1047 632 1124; x_wconf 66' lang='grc'>231</span> <span class='ocrx_word' id='word_1_26' title='bbox 661 948 834 1112; x_wconf 58' lang='lat' dir='ltr'>{gele</span> <span class='ocrx_word' id='word_1_27' title='bbox 882 949 1089 1015; x_wconf 87' lang='lat' dir='ltr'>omnia</span> <span class='ocrx_word' id='word_1_28' title='bbox 1133 949 1403 1015; x_wconf 85' lang='lat' dir='ltr'>breviter</span> <span class='ocrx_word' id='word_1_29' title='bbox 1450 949 1751 1033; x_wconf 83' lang='lat' dir='ltr'>explicata</span> <span class='ocrx_word' id='word_1_30' title='bbox 1800 950 2074 1014; x_wconf 87' lang='lat' dir='ltr'>invenies</span> <span class='ocrx_word' id='word_1_31' title='bbox 2120 954 2269 1015; x_wconf 87' lang='lat' dir='ltr'>tom.</span> <span class='ocrx_word' id='word_1_32' title='bbox 2327 951 2381 1026; x_wconf 92' lang='lat' dir='ltr'>l,</span> <span class='ocrx_word' id='word_1_33' title='bbox 2432 970 2446 1033; x_wconf 80' lang='lat'>1</span> 
     </span>
    </p>
   </div>
   <div class='ocr_carea' id='block_1_10' title="bbox 479 1171 2446 1359">
    <p class='ocr_par' dir='ltr' id='par_1_10' title="bbox 479 1171 2446 1359">
     <span class='ocr_line' id='line_1_11' title="bbox 658 1171 2446 1263; baseline -0.001 -26"><span class='ocrx_word' id='word_1_34' title='bbox 658 1171 949 1256; x_wconf 79' lang='grc' dir='ltr'><strong><em>Νομικὸν</em></strong></span> <span class='ocrx_word' id='word_1_35' title='bbox 1002 1171 1249 1253; x_wconf 78' lang='grc' dir='ltr'><em>Φάσκα,</em></span> <span class='ocrx_word' id='word_1_36' title='bbox 1299 1172 1498 1261; x_wconf 74' lang='lat' dir='ltr'>leyalc</span> <span class='ocrx_word' id='word_1_37' title='bbox 1532 1174 1795 1252; x_wconf 76' lang='lat' dir='ltr'>Pascha,</span> <span class='ocrx_word' id='word_1_38' title='bbox 1847 1196 1877 1259; x_wconf 71' lang='lat' dir='ltr'>&#39;J</span> <span class='ocrx_word' id='word_1_39' title='bbox 1906 1171 2275 1263; x_wconf 78' lang='grc' dir='ltr'><strong><em>πασχαλικὴ</em></strong></span> <span class='ocrx_word' id='word_1_40' title='bbox 2304 1193 2446 1236; x_wconf 79' lang='grc' dir='ltr'>παν</span> 
     </span>
     <span class='ocr_line' id='line_1_12' title="bbox 479 1268 2202 1359; baseline -0.001 -23"><span class='ocrx_word' id='word_1_41' title='bbox 479 1274 709 1338; x_wconf 79' lang='lat' dir='ltr'>rectius</span> <span class='ocrx_word' id='word_1_42' title='bbox 752 1268 1418 1359; x_wconf 77' lang='grc' dir='ltr'><strong><em>τεσσαρεςκαιδεκάτη,</em></strong></span> <span class='ocrx_word' id='word_1_43' title='bbox 1468 1270 1611 1336; x_wconf 86' lang='lat' dir='ltr'>luna</span> <span class='ocrx_word' id='word_1_44' title='bbox 1662 1272 1765 1335; x_wconf 90' lang='lat'>14.</span> <span class='ocrx_word' id='word_1_45' title='bbox 1817 1270 2146 1355; x_wconf 78' lang='lat' dir='ltr'>paschalis,</span> <span class='ocrx_word' id='word_1_46' title='bbox 2197 1275 2202 1280; x_wconf 79' lang='grc'><strong>’</strong></span> 
     </span>
    </p>
   </div>
   <div class='ocr_carea' id='block_1_11' title="bbox 466 1378 2446 1954">
    <p class='ocr_par' dir='ltr' id='par_1_11' title="bbox 466 1378 2446 1954">
     <span class='ocr_line' id='line_1_13' title="bbox 653 1378 2440 1463; baseline -0.001 -18"><span class='ocrx_word' id='word_1_47' title='bbox 653 1379 985 1463; x_wconf 77' lang='lat' dir='ltr'>Multiplici</span> <span class='ocrx_word' id='word_1_48' title='bbox 1032 1379 1171 1444; x_wconf 90' lang='lat' dir='ltr'>labe</span> <span class='ocrx_word' id='word_1_49' title='bbox 1217 1379 1515 1444; x_wconf 84' lang='lat' dir='ltr'>infectum</span> <span class='ocrx_word' id='word_1_50' title='bbox 1567 1398 1705 1443; x_wconf 90' lang='lat' dir='ltr'>esse</span> <span class='ocrx_word' id='word_1_51' title='bbox 1753 1382 1928 1443; x_wconf 88' lang='lat' dir='ltr'>vetus</span> <span class='ocrx_word' id='word_1_52' title='bbox 1975 1378 2440 1457; x_wconf 85' lang='lat' dir='ltr'>Kalendarium,</span> 
     </span>
     <span class='ocr_line' id='line_1_14' title="bbox 475 1476 2446 1562; baseline 0.001 -21"><span class='ocrx_word' id='word_1_53' title='bbox 475 1478 758 1543; x_wconf 87' lang='lat' dir='ltr'>minatim</span> <span class='ocrx_word' id='word_1_54' title='bbox 807 1476 963 1561; x_wconf 84' lang='lat' dir='ltr'>cycli</span> <span class='ocrx_word' id='word_1_55' title='bbox 1009 1477 1242 1542; x_wconf 87' lang='lat' dir='ltr'>lunaris</span> <span class='ocrx_word' id='word_1_56' title='bbox 1290 1477 1652 1543; x_wconf 79' lang='lat' dir='ltr'><strong>methodum</strong></span> <span class='ocrx_word' id='word_1_57' title='bbox 1700 1478 1764 1541; x_wconf 90' lang='lat' dir='ltr'>in</span> <span class='ocrx_word' id='word_1_58' title='bbox 1795 1477 2185 1562; x_wconf 75' lang='lat' dir='ltr'>assignandis</span> <span class='ocrx_word' id='word_1_59' title='bbox 2216 1478 2446 1544; x_wconf 87' lang='lat' dir='ltr'>novilu1</span> 
     </span>
     <span class='ocr_line' id='line_1_15' title="bbox 472 1574 2446 1659; baseline 0.001 -20"><span class='ocrx_word' id='word_1_60' title='bbox 472 1596 593 1641; x_wconf 89' lang='lat' dir='ltr'>non</span> <span class='ocrx_word' id='word_1_61' title='bbox 643 1594 888 1651; x_wconf 85' lang='lat' dir='ltr'>carere,</span> <span class='ocrx_word' id='word_1_62' title='bbox 957 1576 1106 1639; x_wconf 86' lang='lat' dir='ltr'>satis</span> <span class='ocrx_word' id='word_1_63' title='bbox 1168 1581 1394 1640; x_wconf 90' lang='lat' dir='ltr'>norunt</span> <span class='ocrx_word' id='word_1_64' title='bbox 1454 1575 1677 1639; x_wconf 89' lang='lat' dir='ltr'>eruditi</span> <span class='ocrx_word' id='word_1_65' title='bbox 1740 1594 1976 1641; x_wconf 81' lang='lat' dir='ltr'>omnes,</span> <span class='ocrx_word' id='word_1_66' title='bbox 2072 1574 2446 1659; x_wconf 87' lang='lat' dir='ltr'>Longiorem</span> 
     </span>
     <span class='ocr_line' id='line_1_16' title="bbox 469 1671 2446 1760; baseline -0.001 -21"><span class='ocrx_word' id='word_1_67' title='bbox 469 1696 538 1740; x_wconf 90' lang='lat' dir='ltr'>re</span> <span class='ocrx_word' id='word_1_68' title='bbox 583 1674 921 1740; x_wconf 81' lang='lat' dir='ltr'>habuimus</span> <span class='ocrx_word' id='word_1_69' title='bbox 968 1674 1447 1757; x_wconf 87' lang='lat' dir='ltr'>disputationem</span> <span class='ocrx_word' id='word_1_70' title='bbox 1500 1674 1558 1739; x_wconf 92' lang='lat' dir='ltr'>in</span> <span class='ocrx_word' id='word_1_71' title='bbox 1599 1671 1898 1760; x_wconf 66' lang='lat' dir='ltr'>Comperto</span> <span class='ocrx_word' id='word_1_72' title='bbox 1932 1672 2372 1751; x_wconf 76' lang='lat' dir='ltr'>ecclesiastico,</span> <span class='ocrx_word' id='word_1_73' title='bbox 2405 1697 2446 1738; x_wconf 74' lang='lat' dir='ltr'>c«</span> 
     </span>
     <span class='ocr_line' id='line_1_17' title="bbox 469 1771 2393 1857; baseline -0.002 -18"><span class='ocrx_word' id='word_1_74' title='bbox 469 1773 646 1857; x_wconf 86' lang='lat' dir='ltr'>cujus</span> <span class='ocrx_word' id='word_1_75' title='bbox 693 1793 877 1837; x_wconf 86' lang='lat' dir='ltr'>usum</span> <span class='ocrx_word' id='word_1_76' title='bbox 926 1772 1199 1855; x_wconf 82' lang='lat' dir='ltr'>aliquem</span> <span class='ocrx_word' id='word_1_77' title='bbox 1266 1793 1335 1837; x_wconf 92' lang='lat' dir='ltr'>ac</span> <span class='ocrx_word' id='word_1_78' title='bbox 1383 1771 1653 1843; x_wconf 84' lang='lat' dir='ltr'>fructum</span> <span class='ocrx_word' id='word_1_79' title='bbox 1718 1772 1980 1856; x_wconf 87' lang='lat' dir='ltr'>experiri</span> <span class='ocrx_word' id='word_1_80' title='bbox 2042 1773 2274 1855; x_wconf 88' lang='lat' dir='ltr'>poteris</span> <span class='ocrx_word' id='word_1_81' title='bbox 2334 1772 2393 1838; x_wconf 89' lang='lat' dir='ltr'>iu</span> 
     </span>
     <span class='ocr_line' id='line_1_18' title="bbox 466 1868 2392 1954; baseline -0.001 -17"><span class='ocrx_word' id='word_1_82' title='bbox 466 1868 946 1948; x_wconf 86' lang='lat' dir='ltr'>commentario,</span> <span class='ocrx_word' id='word_1_83' title='bbox 1015 1890 1137 1954; x_wconf 92' lang='lat' dir='ltr'>quo</span> <span class='ocrx_word' id='word_1_84' title='bbox 1186 1890 1406 1935; x_wconf 83' lang='lat' dir='ltr'>novam</span> <span class='ocrx_word' id='word_1_85' title='bbox 1458 1870 1810 1935; x_wconf 87' lang='lat' dir='ltr'>Kalendarii</span> <span class='ocrx_word' id='word_1_86' title='bbox 1862 1870 2392 1949; x_wconf 79' lang='lat' dir='ltr'>emendationem,</span> 
     </span>
    </p>
   </div>
   <div class='ocr_carea' id='block_1_12' title="bbox 465 1967 2446 2153">
    <p class='ocr_par' dir='ltr' id='par_1_12' title="bbox 465 1967 2446 2153">
     <span class='ocr_line' id='line_1_19' title="bbox 466 1967 2446 2135; baseline -0.001 -99"><span class='ocrx_word' id='word_1_87' title='bbox 466 1969 729 2135; x_wconf 57' lang='grc' dir='ltr'>11ήέἒὲ</span> <span class='ocrx_word' id='word_1_88' title='bbox 762 1990 798 2034; x_wconf 98' lang='lat' dir='ltr'>a</span> <span class='ocrx_word' id='word_1_89' title='bbox 843 1968 1127 2035; x_wconf 80' lang='lat' dir='ltr'>Maedlel</span> <span class='ocrx_word' id='word_1_90' title='bbox 1174 1970 1585 2053; x_wconf 80' lang='lat' dir='ltr'>propositam,</span> <span class='ocrx_word' id='word_1_91' title='bbox 1649 1968 2055 2034; x_wconf 80' lang='lat' dir='ltr'>refutavimus</span> <span class='ocrx_word' id='word_1_92' title='bbox 2102 1967 2238 2035; x_wconf 88' lang='lat' dir='ltr'>loco</span> <span class='ocrx_word' id='word_1_93' title='bbox 2295 1990 2446 2084; x_wconf 88' lang='lat' dir='ltr'>supr</span> 
     </span>
     <span class='ocr_line' id='line_1_20' title="bbox 465 2090 1757 2153; baseline -0.002 -48"><span class='ocrx_word' id='word_1_94' title='bbox 465 2090 525 2153; x_wconf 52' lang='lat' dir='ltr'>p·</span> <span class='ocrx_word' id='word_1_95' title='bbox 1754 2101 1757 2103; x_wconf 75' lang='grc'>,</span> 
     </span>
    </p>
   </div>
   <div class='ocr_carea' id='block_1_13' title="bbox 448 2185 2446 3092">
    <p class='ocr_par' dir='ltr' id='par_1_13' title="bbox 448 2185 2446 2667">
     <span class='ocr_line' id='line_1_21' title="bbox 639 2185 2446 2272; baseline 0 -15"><span class='ocrx_word' id='word_1_96' title='bbox 639 2185 956 2257; x_wconf 77' lang='grc' dir='ltr'><em>Λατίνων</em></span> <span class='ocrx_word' id='word_1_97' title='bbox 1001 2188 1256 2270; x_wconf 74' lang='grc' dir='ltr'><em>Πάσχα.</em></span> <span class='ocrx_word' id='word_1_98' title='bbox 1360 2187 1450 2253; x_wconf 84' lang='grc' dir='ltr'>Ίὸ</span> <span class='ocrx_word' id='word_1_99' title='bbox 1508 2187 1689 2272; x_wconf 78' lang='grc' dir='ltr'><em>ἅγιον</em></span> <span class='ocrx_word' id='word_1_100' title='bbox 1735 2188 1993 2270; x_wconf 82' lang='grc' dir='ltr'><em>Πάσχα.</em></span> <span class='ocrx_word' id='word_1_101' title='bbox 2102 2193 2271 2272; x_wconf 80' lang='lat' dir='ltr'>Quae</span> <span class='ocrx_word' id='word_1_102' title='bbox 2338 2192 2446 2257; x_wconf 89' lang='lat' dir='ltr'>in-</span> 
     </span>
     <span class='ocr_line' id='line_1_22' title="bbox 461 2288 2446 2373; baseline -0.002 -15"><span class='ocrx_word' id='word_1_103' title='bbox 461 2299 526 2358; x_wconf 90' lang='lat' dir='ltr'>et</span> <span class='ocrx_word' id='word_1_104' title='bbox 572 2291 822 2358; x_wconf 85' lang='lat' dir='ltr'>slavieis</span> <span class='ocrx_word' id='word_1_105' title='bbox 870 2289 1215 2355; x_wconf 86' lang='lat' dir='ltr'>Paschaliis</span> <span class='ocrx_word' id='word_1_106' title='bbox 1281 2294 1531 2363; x_wconf 84' lang='lat' dir='ltr'>notatur</span> <span class='ocrx_word' id='word_1_107' title='bbox 1577 2289 1899 2373; x_wconf 90' lang='lat' dir='ltr'>utriusque</span> <span class='ocrx_word' id='word_1_108' title='bbox 1946 2288 2276 2355; x_wconf 86' lang='lat' dir='ltr'>Paschatis</span> <span class='ocrx_word' id='word_1_109' title='bbox 2342 2291 2446 2356; x_wconf 86' lang='lat' dir='ltr'>difi</span> 
     </span>
     <span class='ocr_line' id='line_1_23' title="bbox 455 2386 2446 2475; baseline -0.001 -19"><span class='ocrx_word' id='word_1_110' title='bbox 455 2393 521 2456; x_wconf 91' lang='lat' dir='ltr'>in</span> <span class='ocrx_word' id='word_1_111' title='bbox 569 2389 839 2456; x_wconf 79' lang='lat' dir='ltr'>arabicis</span> <span class='ocrx_word' id='word_1_112' title='bbox 887 2386 1257 2453; x_wconf 86' lang='lat' dir='ltr'>transfertur</span> <span class='ocrx_word' id='word_1_113' title='bbox 1303 2389 1379 2452; x_wconf 88' lang='lat' dir='ltr'>ad</span> <span class='ocrx_word' id='word_1_114' title='bbox 1428 2388 1669 2452; x_wconf 91' lang='lat' dir='ltr'>initium</span> <span class='ocrx_word' id='word_1_115' title='bbox 1710 2387 1929 2470; x_wconf 89' lang='lat' dir='ltr'>jejunii</span> <span class='ocrx_word' id='word_1_116' title='bbox 1977 2390 2446 2475; x_wconf 81' lang='lat' dir='ltr'>quadragesima</span> 
     </span>
     <span class='ocr_line' id='line_1_24' title="bbox 448 2484 2434 2576; baseline -0.002 -22"><span class='ocrx_word' id='word_1_117' title='bbox 448 2487 671 2555; x_wconf 81' lang='lat' dir='ltr'>bibitis</span> <span class='ocrx_word' id='word_1_118' title='bbox 723 2486 823 2552; x_wconf 87' lang='lat' dir='ltr'>his</span> <span class='ocrx_word' id='word_1_119' title='bbox 872 2486 1126 2552; x_wconf 85' lang='lat' dir='ltr'>vocibus</span> <span class='ocrx_word' id='word_1_120' title='bbox 1174 2487 1392 2571; x_wconf 61' lang='lat' dir='ltr'>Far-aq</span> <span class='ocrx_word' id='word_1_121' title='bbox 1439 2507 1727 2569; x_wconf 64' lang='lat' dir='ltr'>‹eq-qaum,</span> <span class='ocrx_word' id='word_1_122' title='bbox 1778 2484 2146 2571; x_wconf 52' lang='lat' dir='ltr'>differentia</span> <span class='ocrx_word' id='word_1_123' title='bbox 2176 2488 2434 2576; x_wconf 80' lang='lat' dir='ltr'>jejunii,</span> 
     </span>
     <span class='ocr_line' id='line_1_25' title="bbox 452 2583 1155 2667; baseline -0.007 -15"><span class='ocrx_word' id='word_1_124' title='bbox 452 2590 632 2652; x_wconf 86' lang='lat' dir='ltr'>cetur</span> <span class='ocrx_word' id='word_1_125' title='bbox 679 2584 844 2650; x_wconf 88' lang='lat' dir='ltr'>infra</span> <span class='ocrx_word' id='word_1_126' title='bbox 891 2604 949 2667; x_wconf 90' lang='lat' dir='ltr'>p.</span> <span class='ocrx_word' id='word_1_127' title='bbox 1001 2583 1155 2648; x_wconf 84' lang='lat'>301.</span> 
     </span>
    </p>

    <p class='ocr_par' dir='ltr' id='par_1_14' title="bbox 449 2708 2446 3092">
     <span class='ocr_line' id='line_1_26' title="bbox 633 2708 2446 2800; baseline 0.001 -25"><span class='ocrx_word' id='word_1_128' title='bbox 633 2710 708 2775; x_wconf 91' lang='lat' dir='ltr'>In</span> <span class='ocrx_word' id='word_1_129' title='bbox 759 2708 994 2776; x_wconf 81' lang='lat' dir='ltr'>calcem</span> <span class='ocrx_word' id='word_1_130' title='bbox 1057 2730 1251 2775; x_wconf 86' lang='lat' dir='ltr'>novae</span> <span class='ocrx_word' id='word_1_131' title='bbox 1299 2710 1587 2800; x_wconf 79' lang='lat' dir='ltr'>editionis</span> <span class='ocrx_word' id='word_1_132' title='bbox 1636 2709 1952 2774; x_wconf 89' lang='lat' dir='ltr'>Romanae</span> <span class='ocrx_word' id='word_1_133' title='bbox 2001 2710 2316 2795; x_wconf 87' lang='lat' dir='ltr'>Horologii</span> <span class='ocrx_word' id='word_1_134' title='bbox 2386 2732 2446 2795; x_wconf 79' lang='lat' dir='ltr'>pr</span> 
     </span>
     <span class='ocr_line' id='line_1_27' title="bbox 449 2806 2438 2875; baseline -0.002 0"><span class='ocrx_word' id='word_1_135' title='bbox 449 2809 842 2875; x_wconf 87' lang='lat' dir='ltr'>Paschatum</span> <span class='ocrx_word' id='word_1_136' title='bbox 890 2806 1223 2873; x_wconf 85' lang='lat' dir='ltr'>latinorum</span> <span class='ocrx_word' id='word_1_137' title='bbox 1271 2808 1359 2873; x_wconf 86' lang='lat'>56</span> <span class='ocrx_word' id='word_1_138' title='bbox 1407 2809 1599 2873; x_wconf 85' lang='lat' dir='ltr'>series</span> <span class='ocrx_word' id='word_1_139' title='bbox 1647 2807 2022 2873; x_wconf 77' lang='lat' dir='ltr'>describitur</span> <span class='ocrx_word' id='word_1_140' title='bbox 2069 2809 2143 2873; x_wconf 91' lang='lat' dir='ltr'>ab</span> <span class='ocrx_word' id='word_1_141' title='bbox 2194 2830 2353 2874; x_wconf 86' lang='lat' dir='ltr'>anno</span> <span class='ocrx_word' id='word_1_142' title='bbox 2407 2811 2438 2872; x_wconf 96' lang='grc'>1</span> 
     </span>
     <span class='ocr_line' id='line_1_28' title="bbox 456 2903 2446 2992; baseline -0.002 -18"><span class='ocrx_word' id='word_1_143' title='bbox 456 2908 665 2985; x_wconf 85' lang='grc'>1932,</span> <span class='ocrx_word' id='word_1_144' title='bbox 733 2906 854 2971; x_wconf 87' lang='lat' dir='ltr'>hoc</span> <span class='ocrx_word' id='word_1_145' title='bbox 902 2906 1174 2990; x_wconf 81' lang='lat' dir='ltr'>praefixo</span> <span class='ocrx_word' id='word_1_146' title='bbox 1222 2907 1431 2971; x_wconf 84' lang='lat' dir='ltr'>titulo:</span> <span class='ocrx_word' id='word_1_147' title='bbox 1501 2903 1880 2988; x_wconf 81' lang='grc' dir='ltr'><em>Πασχάλιον</em></span> <span class='ocrx_word' id='word_1_148' title='bbox 1941 2903 2108 2969; x_wconf 83' lang='grc' dir='ltr'><strong><em>κατὰ</em></strong></span> <span class='ocrx_word' id='word_1_149' title='bbox 2169 2904 2284 2992; x_wconf 74' lang='grc' dir='ltr'>τὴν</span> <span class='ocrx_word' id='word_1_150' title='bbox 2347 2903 2446 2988; x_wconf 77' lang='grc' dir='ltr'>ἁγι</span> 
     </span>
     <span class='ocr_line' id='line_1_29' title="bbox 450 2998 2426 3092; baseline 0.001 -23"><span class='ocrx_word' id='word_1_151' title='bbox 450 2998 828 3092; x_wconf 73' lang='grc' dir='ltr'><strong><em>Ἐκκλησίαν</em></strong></span> <span class='ocrx_word' id='word_1_152' title='bbox 870 3007 984 3090; x_wconf 73' lang='grc' dir='ltr'>τῆς</span> <span class='ocrx_word' id='word_1_153' title='bbox 1008 3001 1260 3090; x_wconf 83' lang='grc' dir='ltr'><strong><em>Ῥώμης.</em></strong></span> <span class='ocrx_word' id='word_1_154' title='bbox 1296 3042 1379 3050; x_wconf 91' lang='grc'>-</span> <span class='ocrx_word' id='word_1_155' title='bbox 1410 3003 1491 3069; x_wconf 87' lang='lat' dir='ltr'>Et</span> <span class='ocrx_word' id='word_1_156' title='bbox 1520 3005 1675 3070; x_wconf 85' lang='lat' dir='ltr'>haec</span> <span class='ocrx_word' id='word_1_157' title='bbox 1706 3005 1956 3088; x_wconf 89' lang='lat' dir='ltr'>quidem</span> <span class='ocrx_word' id='word_1_158' title='bbox 1989 3006 2066 3070; x_wconf 91' lang='lat' dir='ltr'>de</span> <span class='ocrx_word' id='word_1_159' title='bbox 2095 3003 2426 3070; x_wconf 88' lang='lat' dir='ltr'>Paschalio</span> 
     </span>
    </p>
   </div>
   <div class='ocr_carea' id='block_1_14' title="bbox 452 3458 2446 3741">
    <p class='ocr_par' dir='ltr' id='par_1_15' title="bbox 452 3458 2446 3741">
     <span class='ocr_line' id='line_1_30' title="bbox 634 3458 2419 3544; baseline 0 -19"><span class='ocrx_word' id='word_1_160' title='bbox 634 3462 996 3544; x_wconf 85' lang='lat' dir='ltr'>Sequuntur</span> <span class='ocrx_word' id='word_1_161' title='bbox 1059 3464 1184 3526; x_wconf 87' lang='lat' dir='ltr'>tres</span> <span class='ocrx_word' id='word_1_162' title='bbox 1233 3460 1477 3525; x_wconf 85' lang='lat' dir='ltr'>tabulae</span> <span class='ocrx_word' id='word_1_163' title='bbox 1526 3459 1792 3524; x_wconf 87' lang='lat' dir='ltr'>slavicae</span> <span class='ocrx_word' id='word_1_164' title='bbox 1818 3511 1832 3537; x_wconf 88' lang='lat'>‚</span> <span class='ocrx_word' id='word_1_165' title='bbox 1897 3483 1930 3524; x_wconf 89' lang='lat' dir='ltr'>e</span> <span class='ocrx_word' id='word_1_166' title='bbox 1979 3458 2204 3542; x_wconf 89' lang='lat' dir='ltr'>quibus</span> <span class='ocrx_word' id='word_1_167' title='bbox 2262 3462 2419 3525; x_wconf 88' lang='lat' dir='ltr'>duae</span> 
     </span>
     <span class='ocr_line' id='line_1_31' title="bbox 454 3556 2446 3641; baseline -0.001 -17"><span class='ocrx_word' id='word_1_168' title='bbox 454 3564 599 3625; x_wconf 87' lang='lat' dir='ltr'>suut</span> <span class='ocrx_word' id='word_1_169' title='bbox 649 3558 1103 3635; x_wconf 89' lang='lat' dir='ltr'>Ruthenorum,</span> <span class='ocrx_word' id='word_1_170' title='bbox 1172 3558 1351 3623; x_wconf 85' lang='lat' dir='ltr'>tertia</span> <span class='ocrx_word' id='word_1_171' title='bbox 1411 3578 1554 3623; x_wconf 85' lang='lat' dir='ltr'>vero</span> <span class='ocrx_word' id='word_1_172' title='bbox 1603 3556 1925 3629; x_wconf 85' lang='lat' dir='ltr'>Slavorum</span> <span class='ocrx_word' id='word_1_173' title='bbox 1989 3558 2446 3641; x_wconf 88' lang='lat' dir='ltr'>meridionaliur</span> 
     </span>
     <span class='ocr_line' id='line_1_32' title="bbox 452 3675 685 3741; baseline 0.009 -22"><span class='ocrx_word' id='word_1_174' title='bbox 452 3675 685 3741; x_wconf 74' lang='lat' dir='ltr'>graeci.</span> 
     </span>
    </p>
   </div>
   <div class='ocr_carea' id='block_1_15' title="bbox 454 3777 2446 4060">
    <p class='ocr_par' dir='ltr' id='par_1_16' title="bbox 454 3777 2446 4060">
     <span class='ocr_line' id='line_1_33' title="bbox 685 3777 2443 3866; baseline 0.002 -24"><span class='ocrx_word' id='word_1_175' title='bbox 685 3780 969 3842; x_wconf 72' lang='lat' dir='ltr'>Primam</span> <span class='ocrx_word' id='word_1_176' title='bbox 1014 3780 1452 3864; x_wconf 80' lang='lat' dir='ltr'>exscripsimus</span> <span class='ocrx_word' id='word_1_177' title='bbox 1500 3777 1592 3850; x_wconf 64' lang='grc' dir='ltr'>ἐκ,</span> <span class='ocrx_word' id='word_1_178' title='bbox 1615 3783 1731 3842; x_wconf 83' lang='grc' dir='ltr'>τοῦ</span> <span class='ocrx_word' id='word_1_179' title='bbox 1778 3777 2278 3866; x_wconf 78' lang='grc' dir='ltr'><strong><em>παραρτήματος</em></strong></span> <span class='ocrx_word' id='word_1_180' title='bbox 2323 3781 2443 3846; x_wconf 90' lang='lat' dir='ltr'>libr</span> 
     </span>
     <span class='ocr_line' id='line_1_34' title="bbox 456 3876 2446 3962; baseline -0.001 -18"><span class='ocrx_word' id='word_1_181' title='bbox 456 3878 694 3944; x_wconf 83' lang='lat' dir='ltr'>siastici</span> <span class='ocrx_word' id='word_1_182' title='bbox 741 3876 1309 3955; x_wconf 86' lang='lat' dir='ltr'>Molitvoslov‚</span> <span class='ocrx_word' id='word_1_183' title='bbox 1359 3878 1463 3962; x_wconf 88' lang='lat' dir='ltr'>qui</span> <span class='ocrx_word' id='word_1_184' title='bbox 1513 3878 1812 3962; x_wconf 88' lang='lat' dir='ltr'>probante</span> <span class='ocrx_word' id='word_1_185' title='bbox 1860 3877 2038 3944; x_wconf 84' lang='lat' dir='ltr'>Rmo.</span> <span class='ocrx_word' id='word_1_186' title='bbox 2091 3879 2446 3962; x_wconf 81' lang='lat' dir='ltr'>Metropolit</span> 
     </span>
     <span class='ocr_line' id='line_1_35' title="bbox 454 3974 2376 4060; baseline -0.001 -17"><span class='ocrx_word' id='word_1_187' title='bbox 454 3976 740 4043; x_wconf 87' lang='lat' dir='ltr'>instituti·</span> <span class='ocrx_word' id='word_1_188' title='bbox 774 3974 1231 4060; x_wconf 84' lang='lat' dir='ltr'>Stauropigiani</span> <span class='ocrx_word' id='word_1_189' title='bbox 1279 3975 1479 4041; x_wconf 90' lang='lat' dir='ltr'>editus</span> <span class='ocrx_word' id='word_1_190' title='bbox 1528 3979 1623 4040; x_wconf 89' lang='lat' dir='ltr'>est</span> <span class='ocrx_word' id='word_1_191' title='bbox 1668 3975 1924 4060; x_wconf 89' lang='lat' dir='ltr'>Leopoli</span> <span class='ocrx_word' id='word_1_192' title='bbox 1973 3997 2134 4041; x_wconf 90' lang='lat' dir='ltr'>anno</span> <span class='ocrx_word' id='word_1_193' title='bbox 2186 3977 2376 4041; x_wconf 84' lang='lat'>1876.</span> 
     </span>
    </p>
   </div>
   <div class='ocr_carea' id='block_1_16' title="bbox 452 4097 2446 4481">
    <p class='ocr_par' dir='ltr' id='par_1_17' title="bbox 452 4097 2446 4481">
     <span class='ocr_line' id='line_1_36' title="bbox 637 4097 2446 4170; baseline 0.001 -6"><span class='ocrx_word' id='word_1_194' title='bbox 637 4097 931 4164; x_wconf 74' lang='lat' dir='ltr'>Alteram</span> <span class='ocrx_word' id='word_1_195' title='bbox 974 4099 1226 4164; x_wconf 82' lang='lat' dir='ltr'>exhibet</span> <span class='ocrx_word' id='word_1_196' title='bbox 1273 4099 1714 4170; x_wconf 84' lang='lat' dir='ltr'>Kalendarium</span> <span class='ocrx_word' id='word_1_197' title='bbox 1765 4100 2251 4166; x_wconf 86' lang='lat' dir='ltr'>Vremennik</span> <span class='ocrx_word' id='word_1_198' title='bbox 2298 4101 2446 4166; x_wconf 70' lang='lat' dir='ltr'>ibid&lt;</span> 
     </span>
     <span class='ocr_line' id='line_1_37' title="bbox 452 4193 2446 4284; baseline -0.001 -20"><span class='ocrx_word' id='word_1_199' title='bbox 452 4205 716 4284; x_wconf 81' lang='lat' dir='ltr'>gatum3</span> <span class='ocrx_word' id='word_1_200' title='bbox 788 4199 978 4262; x_wconf 74' lang='lat' dir='ltr'>tertia</span> <span class='ocrx_word' id='word_1_201' title='bbox 1015 4199 1292 4264; x_wconf 76' lang='lat' dir='ltr'>tandem</span> <span class='ocrx_word' id='word_1_202' title='bbox 1355 4199 1624 4264; x_wconf 89' lang='lat' dir='ltr'>habetur</span> <span class='ocrx_word' id='word_1_203' title='bbox 1681 4199 1748 4263; x_wconf 86' lang='lat' dir='ltr'>in</span> <span class='ocrx_word' id='word_1_204' title='bbox 1804 4193 2240 4284; x_wconf 80' lang='grc' dir='ltr'><em>ἡμερολογίοις</em></span> <span class='ocrx_word' id='word_1_205' title='bbox 2300 4196 2446 4263; x_wconf 77' lang='grc' dir='ltr'>ἅνατ</span> 
     </span>
     <span class='ocr_line' id='line_1_38' title="bbox 456 4295 2446 4388; baseline -0.001 -27"><span class='ocrx_word' id='word_1_206' title='bbox 456 4296 837 4373; x_wconf 87' lang='lat' dir='ltr'>Serborum,</span> <span class='ocrx_word' id='word_1_207' title='bbox 902 4314 1058 4378; x_wconf 88' lang='lat' dir='ltr'>quae</span> <span class='ocrx_word' id='word_1_208' title='bbox 1119 4295 1301 4383; x_wconf 82' lang='lat' dir='ltr'>vulgo</span> <span class='ocrx_word' id='word_1_209' title='bbox 1350 4296 1775 4386; x_wconf 69' lang='lat' dir='ltr'>Mcsjacoslov)</span> <span class='ocrx_word' id='word_1_210' title='bbox 1833 4300 2195 4388; x_wconf 68' lang='lat' dir='ltr'>vostocnoju</span> <span class='ocrx_word' id='word_1_211' title='bbox 2251 4296 2446 4361; x_wconf 55' lang='lat' dir='ltr'>cerkoi</span> 
     </span>
     <span class='ocr_line' id='line_1_39' title="bbox 456 4392 1029 4481; baseline -0.004 -21"><span class='ocrx_word' id='word_1_212' title='bbox 456 4395 697 4481; x_wconf 83' lang='lat' dir='ltr'>scripta</span> <span class='ocrx_word' id='word_1_213' title='bbox 742 4392 1029 4461; x_wconf 82' lang='lat' dir='ltr'>vidimus,</span> 
     </span>
    </p>
   </div>
  </div>
 </body>
</html>
