3514 5391
764 530 869 586 164

763 751 892 806 νοι,
950 726 1029 792 τὸ
1087 729 1302 807 τεῖχος
1360 722 1831 808 περιεκύκλουν,

764 818 879 883 σὺν
926 815 1191 901 δάκρυσι
1251 814 1364 880 τὸν
1416 813 1582 879 Θεὸν
1627 808 1834 877 ἱλεού-

763 939 964 1001 μενοι.
1003 927 1009 932 ’
1063 913 1279 995 Δόξαν
1326 904 1435 975 οἶν
1484 909 1651 976 οὕτω
1696 913 1836 987 τοῖς

764 1014 1151 1101 Ἀγαρηνοῒς,
1177 1006 1270 1089 εἷς
1297 1010 1409 1075 δύο
1436 1009 1832 1095 διαιροῦνται

763 1113 939 1200 μέρη,
988 1111 1090 1176 καὶ
1121 1107 1178 1176 οἳ
1219 1109 1335 1194 μὲν
1357 1108 1521 1174 κατὰ
1550 1107 1830 1190 Βουλγά-

764 1236 888 1294 ρων
905 1209 1341 1296 στρατεύουσι,
1356 1206 1458 1272 καὶ
1476 1202 1837 1271 πίπτουσιν

765 1309 968 1374 ἐκεῖσε
1015 1306 1176 1389 ὑπὲρ
1222 1305 1534 1391 μυριάδας
1582 1304 1718 1369 δύο·
1772 1299 1830 1369 οἱ

766 1407 835 1472 δὲ
884 1401 1442 1494 περιελείφθησαν
1489 1404 1601 1491 τὴν
1639 1403 1836 1467 πόλιν

768 1503 952 1571 ἑλεῖν·
1001 1504 1401 1580 κωλυθέντες
1448 1501 1518 1567 (ἳὲ
1564 1501 1838 1589 ὑπὸτῆς

767 1604 1067 1681 ἆλτ’·σεως,
1131 1602 1468 1691 ὃιηκοίσζς
1530 1600 1664 1666 (ἔπι)
1710 1605 1839 1664 τῶν

770 1702 1064 1767 Γαλάτου
1109 1697 1203 1780 εἷς
1247 1701 1328 1766 τὰ
1355 1697 1534 1789 τείχη
1569 1705 1679 1788 τῆς
1712 1698 1838 1762 πό-

766 1802 941 1885 λεως,
991 1799 1386 1881 ἀναχθέντες
1430 1794 1716 1882 περι’που
1761 1796 1837 1861 τι)

765 1900 1102 1983 λεγόμενον
1127 1898 1502 1963 Σωσθένιον
1529 1892 1834 1980 γίνονται,

1414 524 1573 580 Festa
1610 524 1816 580 mobilia
1853 525 1904 579 in
1941 521 2364 592 Quadragesima.

1941 723 2069 800 bat,
2106 721 2379 787 lacrimis
2400 720 2603 785 Deum
2643 717 3005 802 propitians,

1946 820 2276 886 Communi
2323 819 2511 905 igitur
2555 819 2807 883 decreto
2838 817 3009 900 Aga·-

1942 919 2075 984 reni
2122 919 2185 982 in
2215 919 2370 983 duas
2402 921 2611 1002 partes
2635 915 3008 990 dividuntur,

1944 1022 2005 1083 et
2027 1017 2128 1082 alii
2155 1015 2402 1100 quidem
2430 1016 2491 1079 in
2519 1014 2819 1099 Bulgaros
2839 1032 3014 1076 arma

1945 1117 2170 1192 ferunt,
2222 1116 2327 1180 ubi
2374 1115 2533 1178 duae
2580 1113 2820 1177 illorum
2872 1131 3009 1194 my-

1945 1215 2149 1279 riades
2209 1214 2609 1278 occumbunt.
2702 1209 2817 1291 Qui
2867 1229 3011 1273 vero

1946 1315 2018 1377 ad
2073 1312 2542 1395 occupationem
2595 1310 2767 1374 urbis
2814 1308 3013 1373 relicti

1946 1418 2106 1487 sunt,
2156 1409 2438 1494 impediti
2486 1429 2523 1473 a
2568 1412 2804 1482 catena,
2853 1425 3013 1490 quae

1946 1530 1980 1574 a
2022 1508 2244 1575 Galata
2292 1509 2368 1572 ad
2407 1507 2579 1571 urbis
2607 1505 2848 1569 moenia
2878 1524 3013 1588 per-

1945 1609 2147 1693 tingit,
2219 1606 2586 1671 deferuntur
2645 1606 2719 1668 ad
2784 1603 3010 1668 locum.

1946 1725 2130 1790 quem
2197 1704 2602 1769 Sosthenium
2669 1702 3008 1773 nominant.

1945 1804 2049 1869 ubi
2101 1823 2291 1887 quum
2333 1802 2645 1867 violentus
2674 1800 2877 1884 aquilo
2909 1821 3010 1864 ex-

1947 1902 2239 1982 stitisset,
2307 1901 2602 1984 pleraque
2660 1920 2732 1964 ex
2798 1918 3013 1963 eorum

765 1997 946 2063 κᾶκεῖ
991 1995 1225 2079 ἀνέμου
1268 1994 1501 2079 βορίου
1533 1997 1833 2078 καταῤῥα-

766 2095 1000 2180 γέντος,
1047 2096 1128 2160 τὰ
1170 2094 1385 2160 πολλὰ
1430 2099 1559 2158 τῶν
1589 2088 1839 2158 πλοίων

770 2193 976 2258 αὐτῶν
1022 2192 1338 2280 διερῥάγη,
1396 2191 1501 2256 καὶ
1552 2189 1838 2277 διεφθά-

768 2313 985 2381 ρησαν·
1054 2288 1111 2356 οὶ
1177 2290 1248 2355 δὲ
1308 2286 1840 2375 περιλειφθέντες

768 2391 933 2474 λιμῷ
981 2388 1245 2478 σφοδρῷ
1290 2386 1701 2473 περιέπεσον,
1752 2387 1840 2464 ὠς

768 2488 876 2553 καὶ
911 2482 1341 2574 ιῖνθρωπίνων
1372 2491 1623 2572 σαρκῶν
1657 2484 1836 2572 ἅψα-

1947 1999 2207 2084 navigiis
2254 1997 2538 2063 diffracta
2583 2002 2644 2062 et
2689 1997 3016 2062 submersa

1947 2103 2122 2163 sunt:
2173 2101 2236 2161 at
2280 2097 2565 2161 residuos
2611 2101 2784 2160 tanta
2816 2095 3016 2160 sames

1946 2196 2150 2279 coepit
2177 2195 2510 2273 incessere,
2541 2200 2610 2258 ut
2646 2194 2723 2258 ab
2762 2214 2869 2258 osu
2897 2194 3018 2257 hu-

1947 2314 2268 2358 manarum
2290 2294 2568 2357 carnium
2591 2292 2703 2356 sibi
2725 2312 2841 2356 non
2862 2297 3016 2356 tem·

1948 2398 2270 2475 perurent,
2335 2391 2802 2473 commistisque
2863 2396 3018 2453 ster-

1946 2491 2194 2553 coribus
2253 2493 2667 2554 vescerentur.
2777 2489 3016 2553 Deinde

774 2637 917 2643 ——-
1146 2634 1198 2641 --

774 2717 805 2770 Ι.
845 2716 895 2782 2,
934 2732 977 2769 c.
1018 2716 1068 2781 1,
1108 2714 1293 2768 ibidem
1330 2715 1453 2766 tom.
1496 2712 1639 2779 143).
1715 2713 1809 2767 Du
1848 2713 2073 2782 Gange
2123 2714 2330 2767 tandem
2382 2713 2511 2767 hanc
2564 2730 2677 2767 csse
2716 2730 2890 2767 veram
2928 2729 3016 2767 no-

742 2796 918 2855 ⁴minis
956 2798 1047 2859 τῆς
1083 2791 1409 2861 ὁδηγητρίας
1446 2809 1654 2846 causam
1693 2786 1982 2862 existimat,
2031 2795 2182 2865 quod,
2234 2810 2385 2864 quum
2425 2812 2495 2847 ss,
2535 2794 2791 2863 Deiparac
2844 2795 3017 2861 imago

769 2892 801 2928 a
839 2893 880 2928 ε.
918 2873 1059 2927 Luca
1097 2873 1302 2942 depicta
1339 2888 1537 2926 summa
1573 2874 1824 2942 religione
1862 2890 1924 2927 ac
1959 2876 2293 2928 veneratione
2333 2891 2364 2927 a
2402 2873 2695 2928 CPolitanis
2741 2875 3016 2939 coleretur,

768 2955 959 3009 nullam
1010 2954 1258 3007 adversus
1310 2953 1487 3005 hostes
1537 2954 1914 3022 expeditionem
1968 2955 2288 3024 susceperint
2340 2954 2680 3023 imperatores
2732 2972 2794 3008 ac
2843 2955 3015 3019 duces,

769 3035 889 3105 quin
927 3034 1068 3103 prius
1106 3050 1219 3087 eam
1246 3033 1430 3086 devote
1459 3033 1777 3086 salutassent
1814 3051 1874 3087 ac
1901 3035 2278 3088 sanctissimam
2299 3033 2582 3102 Virginem,
2621 3039 2678 3088 ut
2703 3035 2822 3088 riae
2846 3051 3016 3089 comes

770 3132 861 3169 seu
892 3115 1063 3184 potius
1089 3113 1310 3168 duofrix
1336 3113 1432 3167 sibi
1458 3114 1623 3177 fieret,
1663 3119 1840 3167 essent
1864 3115 2079 3183 precati.
2131 3115 2261 3167 Hinc
2290 3114 2611 3183 potissimum
2637 3116 2830 3169 factum
2856 3115 3016 3181 addit,

770 3212 862 3249 cur
899 3195 1057 3248 etiam
1095 3199 1214 3263 post
1250 3198 1570 3262 reportatam
1610 3194 1882 3248 victoriam
1919 3194 1968 3247 in
2009 3194 2222 3247 eandem
2261 3195 2392 3248 hanc
2427 3198 2537 3246 τῶν
2573 3193 2793 3262 ὁδηγῶν
2837 3194 3016 3249 aedem

771 3292 827 3329 sc
866 3275 1191 3338 conferrent,
1248 3278 1305 3327 ut
1343 3274 1427 3343 qui
1466 3274 1666 3329 faustos
1723 3291 1783 3327 ac
1824 3290 2096 3344 prosperos
2144 3291 2316 3328 rerum
2367 3290 2574 3329 suarum
2612 3291 2881 3329 successus
2920 3274 3016 3328 Dei

769 3355 1012 3424 genitrici
1051 3355 1423 3408 adscriberent.
1498 3353 1598 3407 Sed
1638 3355 1746 3423 ipse
1786 3360 1968 3409 auctor
2005 3355 2271 3419 videndus,
2324 3355 2408 3425 qui
2449 3355 2510 3408 de
2550 3358 2884 3409 sacrosancta
2919 3354 3016 3407 hac

772 3436 1031 3504 Deiparae
1072 3438 1160 3499 τῆς
1198 3433 1523 3502 ὁδηγητρίας
1560 3435 1783 3503 imagine
1838 3435 2000 3505 deque
2039 3436 2155 3489 aliis
2193 3436 2258 3489 ad
2296 3435 2509 3489 eandem
2549 3435 2809 3505 expressis
2848 3435 3016 3488 imita·

772 3516 993 3570 tionibus
1033 3516 1181 3585 plura
1218 3516 1349 3569 scitu
1388 3515 1535 3568 utilia
1574 3516 1837 3583 congessit
1878 3517 1986 3570 GP.
2018 3517 2220 3570 Christ.
2260 3517 2292 3570 l.
2319 3518 2370 3582 4,
2409 3521 2536 3570 sect.
2558 3516 2608 3582 2,
2635 3532 2684 3568 n.
2705 3516 2791 3568 24.
2839 3514 3017 3583 Imago

772 3599 863 3661 τῆς
898 3593 1237 3665 ὁδηγητρίας,
1275 3595 1430 3663 vulgo
1468 3595 1536 3649 de
1574 3596 1717 3649 Itria
1756 3596 1911 3663 dicta,
1951 3597 2108 3650 etiam
2146 3597 2198 3651 in
2236 3597 2424 3664 Sicilia,
2474 3601 2527 3651 et
2563 3597 2832 3650 Messanae
2871 3611 3017 3665 prae-

773 3677 935 3746 cipue,
975 3676 1186 3740 colitur,
1237 3675 1531 3745 Romaeque
1565 3676 1679 3745 ,ipsi
1732 3676 1887 3730 Siculi
1939 3677 2031 3730 sub
2086 3678 2264 3731 eodem
2302 3678 2453 3731 titulo
2504 3677 2775 3731 ecclesiam
2827 3676 3018 3730 habent

772 3756 1047 3826 propriam,
1088 3756 1172 3810 ubi
1206 3756 1545 3809 communiter
1569 3757 1819 3826 Delium-a
1851 3757 2150 3811 CPolitana
2189 3765 2421 3823 vocatur,
2459 3761 2613 3827 prout
2637 3756 2901 3811 doceberis
2927 3773 3020 3825 per

772 3836 973 3889 Fas-tos
992 3836 1282 3889 Mariano-s·
1309 3838 1414 3905 (pp.
1436 3838 1558 3901 359,
1579 3838 1725 3903 362),
1766 3838 1829 3890 ab
1868 3837 1960 3890 Ho
1979 3838 1994 3891 l
2012 3854 2058 3889 w
2077 3854 2104 3891 e
2120 3838 2194 3892 ck
2234 3839 2401 3892 editos
2427 3838 2667 3906 Friburgi
2694 3854 2777 3907 ap.
2798 3837 3017 3902 Herder,

775 3917 931 3980 1892,
969 3916 1303 3986 laudatosque
1342 3917 1393 3969 in
1428 3917 1766 3987 „zeitschrift
1795 3918 1878 3971 fiir
1901 3917 2046 3971 kath.
2073 3917 2386 3987 Theologie“
2415 3919 2570 3986 1893,
2608 3934 2692 3988 pp.
2718 3918 3017 3973 132—136.

773 3996 869 4061 Qui
908 3996 1011 4049 alia
1049 3996 1110 4049 de
1148 3997 1246 4050 hac
1283 3997 1505 4066 imagine
1544 4014 1760 4051 noscere
1798 3999 1968 4067 cupit,
2021 3999 2166 4066 legat
2204 3999 2463 4068 proprium
2511 3999 2572 4052 de
2620 4015 2682 4053 ea
2718 4000 3018 4068 opusculum

773 4075 1139 4129 Michaelis
1190 4076 1610 4144 Justiniani,
1680 4079 1950 4147 vulgatum
2005 4078 2198 4132 Romae
2255 4081 2394 4150 typis
2447 4079 2575 4134 Rev,
2633 4080 2775 4134 Cam.
2834 4083 3016 4150 Apost.

774 4169 857 4209 an.
898 4157 1065 4222 1656,
1123 4173 1219 4210 nec
1270 4162 1559 4226 postremas
1604 4158 1984 4228 Raphaelis
2023 4158 2356 4214 Garrucci
2415 4176 2564 4213 curas
2614 4161 2875 4229 negligat,
2932 4162 3016 4231 qui

775 4236 1017 4305 pleraque
1054 4237 1223 4290 omnia
1260 4254 1391 4306 quae
1430 4239 1642 4292 eandem
1679 4239 2012 4308 hodigitriam
2050 4239 2311 4293 illustrare
2338 4244 2568 4309 possunt,
2608 4241 2794 4294 iterum
2821 4258 3018 4296 summo

775 4317 944 4369 studio
982 4317 1257 4387 exquisivit
1295 4323 1350 4371 et
1386 4319 1529 4372 brevi
1568 4319 1786 4388 quidem.
1836 4320 1925 4372 sed
1964 4320 2162 4373 erudito
2202 4321 2565 4374 commentario
2606 4320 2900 4389 complexus
2937 4326 3018 4375 est

777 4396 825 4449 in
864 4396 1213 4530 ΕζρςιἿὶιηιῖοΙΓ
1228 4401 1352 4452 urle
1389 4399 1654 4452 cristiana
1692 4400 1786 4453 nei
1809 4399 1987 4469 primi
2020 4403 2127 4453 οΙΙο
2165 4402 2332 4455 secoli
2366 4401 2509 4455 della
2548 4401 2752 4457 chiesa.
2791 4408 2930 4456 tomo
2965 4406 3016 4473 3,

778 4491 861 4544 pp.
976 4484 1073 4530 -ι
1116 4517 1127 4530 .
