3514 5391
669 610 676 617 ἱ
783 534 887 588 118
1433 533 1594 587 Festa
1631 532 1837 587 mobilia
1875 533 1926 586 in
1964 530 2388 601 Quadragesima.

1585 643 1642 649 -——
1699 642 2403 649 m—-—
2468 642 2481 647 ⁴
2508 644 2561 649 .-
2602 646 2611 649 -
2652 644 2685 649 ..-
2726 644 2775 649 --

961 733 1082 785 Der
1097 733 1428 801 fr‘o'mmsten
1469 729 1582 783 med
1606 728 2144 800 darc-hlauchtiqsten
2168 728 2496 783 Monarchin
2529 728 2905 794 (namentlich),
2942 727 3035 781 die

782 812 953 883 eifri9
990 812 1272 877 annhnmt,
1309 810 1422 864 und
1456 809 1787 881 certheidiqt
1819 810 1910 864 die
1947 810 2262 865 christliche
2297 809 2572 880 Εεὶίῃίοη,
2608 808 2723 863 und
2755 808 3036 863 bes-chmel

781 892 871 946 die
907 891 973 945 K
966 892 1118 946 irrite
1160 890 1386 955 Christi,
1424 890 1648 957 cerleilt,
1705 906 1735 943 o
1774 891 1951 957 Hert,
2000 890 2424 961 Gluckseliqlceit
2467 889 2583 944 und
2630 889 2836 944 Friede
2850 930 2868 955 ,
2922 889 3038 944 und

785 971 1120 1026 Gesandlaeeit
1155 966 1268 1025 un‘d
1291 970 1443 1035 Heil,
1483 970 1653 1025 Gluclc
1690 972 1746 1025 in
1786 972 1930 1026 allen
1969 971 2129 1026 ihren
2166 971 2696 1039 Unterneltmunqen,
2732 970 2862 1040 Sieq
2898 970 3035 1024 uber

783 1052 893 1197 {nge
928 1052 1054 1141 ihre
1087 1050 1331 1200 ⁴Issn‘nde,
1378 1050 1493 1105 und
1527 1051 1742 1106 erhalte
1790 1052 1875 1106 sie
1911 1052 2045 1107 niele
2081 1052 2275 1106 Jahre.
2316 1083 2381 1091 —
2421 1051 2623 1106 Chor:
2681 1051 2821 1106 Viele
2854 1050 3037 1105 Jahre

875 1148 1056 1186 eunm
1073 1148 1105 1186 a
1165 1171 1179 1186 .

967 1222 1088 1276 Der
1134 1221 1513 1292 qottseliqsten
1562 1222 1931 1277 kaiser-lichen
1972 1222 2208 1277 Familie
2223 1263 2241 1288 ,
2295 1222 2430 1277 niele
2472 1221 2668 1276 Jahre.
2721 1251 2783 1260 —
2837 1221 2922 1276 Ch
2940 1237 3033 1275 or:

801 1303 942 1358 Viele
977 1302 1156 1357 Jahre
1192 1302 1558 1369 (Dreimal).

963 1393 1086 1447 Den
1119 1391 1494 1465 qottseliqsten
1526 1391 1991 1463 qeseteqebenden
2033 1391 2285 1461 Collegae,
2338 1358 2608 1446 Generals
2651 1391 2765 1446 und
2802 1394 3036 1445 (ἔοικεν-

782 1489 954 1528 nem-s
989 1473 1092 1527 der
1127 1472 1321 1529 Smdte
1339 1493 1363 1544 ;
1400 1475 1503 1529 der
1538 1473 1888 1530 christiin-laen
1919 1474 2119 1528 Armee
2154 1514 2168 1527 .
2208 1513 2221 1527 .
2262 1513 2275 1526 .
2330 1472 2472 1527 Viele
2488 1472 2684 1527 Jahre.
2726 1502 2790 1513 -
2830 1472 2872 1527 C
2886 1472 2919 1526 h
2934 1488 2965 1526 o
2979 1489 3034 1526 r:

801 1553 943 1608 Viele
979 1553 1157 1608 Jahre
1196 1554 1550 1623 (Dreimal).

967 1659 1052 1718 Ut
1090 1668 1290 1719 autem
1331 1661 1623 1734 eJ’usmodi
1664 1661 2134 1718 acclamationes
2174 1658 2351 1717 citius
2390 1666 2633 1732 possent
2671 1661 2847 1732 longe
2886 1660 3036 1719 late·

788 1757 900 1813 que
941 1740 1207 1812 diffundi,
1246 1744 1486 1814 officium
1524 1741 1885 1796 orthodoxiae
1921 1740 2037 1812 (bin
2060 1739 2468 1811 pracoslavija)
2506 1741 2743 1813 proprio
2768 1746 2925 1799 tomo
2954 1759 3037 1799 se·
3112 1758 3125 1775 ³

787 1822 1047 1895 paratim
1090 1822 1311 1881 editum
1353 1828 1448 1881 est
1484 1823 1547 1880 in
1571 1821 1817 1883 Russia,
1856 1820 2122 1895 praefixo
2148 1820 2327 1879 titulo
2348 1821 2742 1876 Poslbdovanie
2766 1821 3037 1892 υιιειίἓζῐιι

775 1901 1171 1971 μναυοειατζία.
1244 1902 1344 1961 De
1384 1921 1455 1962 eo
1493 1908 1628 1977 post
1665 1902 2110 1976 metropolitam
2147 1901 2563 1973 Eugenium
2599 1901 2826 1972 (Slovar
2850 1901 3038 1957 istori-

789 1983 951 2049 beslc„
987 1983 1228 2038 Lexicon
1267 1983 1559 2055 historia),
1598 1990 1903 2041 auctorem
1942 1983 2141 2056 operis
2179 1983 2495 2037 Istorifieslc.
2548 1983 2802 2041 obobren.
2854 1984 3037 2054 boqos-

788 2063 962 2118 lukeb.
991 2064 1122 2134 lmiq
1141 2065 1592 2135 qreko-rossffslc.
1617 2065 1820 2131 berszi,
1855 2064 2066 2119 Notitia
2091 2063 2355 2119 historica
2374 2063 2639 2118 librorum
2657 2063 3039 2134 liturqicoram

789 2143 1048 2198 ecclesiae
1078 2161 1504 2215 ymno-rassae
1540 2144 1807 2218 aliosque
1845 2144 2168 2218 scriptores
2206 2160 2321 2201 non
2360 2143 2451 2201 ita
2486 2144 2718 2215 pridem
2755 2143 2887 2203 fuse
2914 2151 3040 2204 tra·

792 2225 983 2282 otavit
1007 2223 1063 2283 N
1081 2225 1101 2283 i
1120 2225 1241 2283 kol
1260 2225 1374 2284 ski
1392 2270 1406 2291 ‚
1445 2225 1729 2284 sacerdos
1747 2223 2256 2298 Petropolit'anus,
2284 2224 2345 2283 in
2366 2241 2546 2299 opere
2566 2224 2793 2283 russice
2813 2224 3039 2300 scripto

790 2303 860 2358 de
895 2305 1350 2372 anathematibus,
1385 2306 1448 2364 in
1486 2323 1597 2378 quo
1635 2312 1839 2364 tamen
1877 2306 2066 2364 multa
2101 2305 2503 2379 reperiuntur,
2541 2322 2693 2378 quae
2732 2305 3037 2364 doctorum

792 2384 1256 2457 reprehensione
1296 2404 1409 2445 non
1449 2387 1756 2446 carebunt.
2832 2386 2836 2390 ’

972 2565 1411 2632 Dominica
1458 2568 1509 2632 I.
1567 2565 2288 2653 Quadrayesimae.

973 2691 1302 2759 Dominiea
1347 2694 1547 2778 prima
1575 2692 2102 2780 Quadragesimae
2132 2693 2370 2760 LatInis
2400 2694 2476 2761 ab
2507 2694 2770 2762 Introitu
2806 2695 3037 2762 Missae

794 2794 1052 2856 vocatur
1096 2792 1455 2870 Invocavit5
1521 2792 1596 2858 ab
1646 2791 1985 2878 Evangelio
2045 2793 2169 2857 diei
2230 2792 2549 2858 Diabolus
2606 2795 2901 2874 recessim
2961 2795 3037 2859 ab

795 2889 1010 2955 ordine
1057 2910 1244 2974 quem
1291 2895 1462 2957 tenet
1510 2912 1546 2956 a
1589 2890 1878 2975 passione
1926 2890 2177 2956 Domini
2230 2888 2579 2964 Quintana.

971 2996 1047 3063 In
1093 2997 1483 3063 Kalendariis
1532 2997 1817 3064 croaticis
1864 3003 1927 3063 et
1973 2998 2231 3064 serbicis
2262 2998 2417 3064 ritus
2448 2998 2619 3064 latini
2647 3005 3039 3084 nuncupatur

794 3094 1076 3184 nedjelja
1123 3096 1305 3178 biota,
1353 3096 1415 3164 h.
1468 3118 1543 3176 e.,
1592 3097 1933 3161 Dominiea
1965 3119 2168 3182 pura,
2217 3098 2486 3176 nomine,
2536 3102 2606 3162 ut
2649 3099 2910 3178 videtur,
2961 3099 3037 3163 ab

797 3193 1196 3260 orientalibus
1244 3200 1582 3280 assumpt0‚
1632 3196 1778 3279 quia
1822 3196 1886 3259 in
1932 3195 2055 3260 ritu
2101 3215 2328 3282 graeco
2375 3196 2507 3262 dies
2554 3195 2659 3262 hic
2691 3197 3041 3262 dominicus

796 3289 909 3377 τὴν
954 3291 1254 3377 καθαρὰν
1299 3288 1652 3377 ἑβδομάδα,
1698 3292 2155 3358 hebdomadam
2172 3317 2429 3381 puram,
2478 3296 2786 3361 terminat.
2849 3295 3041 3361 Forte

799 3390 988 3455 etiam
1032 3392 1176 3457 inde
1224 3412 1452 3458 nomen
1498 3392 1725 3471 habet,
1788 3393 1952 3476 quod
1984 3382 2075 3458 'in
2136 3391 2451 3477 plerisque
2508 3393 2788 3459 ecclesiis
2833 3393 3042 3459 latinis

799 3488 1052 3555 ultimus
1099 3491 1231 3556 dies
1278 3497 1444 3558 esset
1488 3492 1775 3577 praeviae
1811 3491 2307 3578 punflcationis,
2371 3512 2495 3577 qua
2539 3492 2754 3558 fideles
2801 3493 2879 3558 ad
2928 3493 3039 3559 ob-

800 3588 1173 3654 servantiam
1223 3590 1824 3677 quadragesimalem
1873 3590 2417 3674 praeparabantur.

982 3695 1142 3762 Galli
1209 3717 1352 3762 eum
1418 3698 1584 3763 diem
1646 3698 2049 3762 Dominicam
2114 3698 2509 3762 brandonum
2577 3698 2678 3784 (la
2725 3698 2869 3785 sete
2931 3695 3043 3798 dfe

802 3793 1180 3879 brandons),
1242 3795 1542 3860 hararum
1589 3796 1765 3884 (jour
1811 3795 1921 3859 des
1969 3795 2220 3877 bures),
2265 3795 2566 3881 focorum
2625 3796 3038 3882 appellabant.

803 3894 967 3975 quod
1016 3893 1132 3958 sub
1181 3914 1506 3979 vesperam
1543 3895 1809 3980 juvenes
1855 3894 2033 3962 aliive
2062 3895 2172 3959 toti
2218 3895 2281 3960 in
2312 3894 2609 3960 laetitiam
2642 3893 2819 3960 effusi
2848 3894 3040 3960 bran-

804 3989 1073 4056 donibus
1097 3992 1177 4076 ¹),
1246 4013 1355 4058 seu
1418 3992 1701 4077 buri8¹)‚
1768 3992 1833 4058 h.
1884 4014 1959 4070 e.,
2026 3993 2268 4058 facibus
2330 3992 2608 4058 accensis
2671 4011 3040 4064 concursare

765 4228 772 4234 ,
990 4172 1028 4238 ¹)
1069 4170 1303 4225 Bromio
1341 4175 1395 4225 et
1432 4171 1665 4238 brunda,
1701 4171 1837 4238 titio,
1875 4171 1963 4225 fax
2001 4171 2202 4237 ardena
2242 4186 2273 4225 a
2310 4170 2531 4236 Brund,
2567 4187 2692 4224 voce
2728 4170 3040 4239 germanica.

803 4252 888 4306 Sic
926 4251 989 4305 de
1027 4251 1230 4321 ignibus
1275 4252 1326 4305 in
1363 4251 1633 4321 pervigilio
1683 4269 1726 4306 S.
1763 4252 1977 4308 Joannis
2014 4252 2167 4322 Bapt.
2219 4251 2427 4305 accendi
2476 4250 2643 4306 solitis
2699 4252 2867 4321 (juxta
2903 4251 3043 4305 dicta

805 4339 943 4386 tomo
981 4334 1046 4398 1,
1099 4349 1183 4402 pp.
1224 4332 1528 4401 188-189)
1586 4349 1747 4402 agens
1798 4332 2153 4386 Durandus
2203 4331 2481 4385 Rational.
2528 4330 2562 4385 Ι.
2602 4333 2651 4386 7.
2702 4347 2748 4385 c.
2788 4332 2879 4398 14,
2934 4331 3039 4385 ait:

807 4412 1020 4468 Ferunt
1053 4413 1216 4466 etiam
1255 4411 1500 4466 brandus
1534 4412 1647 4467 sice
1672 4415 1838 4484 faces
1872 4416 1929 4467 et
1958 4428 2079 4467 cum
2116 4411 2230 4467 iuis
2264 4412 2599 4467 citcumeunt
2631 4428 2785 4467 arca.

986 4490 1029 4558 ¹)
1070 4492 1266 4547 Burae
1303 4492 1473 4563 (bure)
1514 4493 1815 4550 vocabulum
1852 4493 2184 4563 Lotharingis
2235 4496 2290 4546 et
2325 4492 2666 4550 Barrensibus
2713 4493 2847 4547 idem
2884 4492 3040 4560 valet,
