3514 5391
857 566 966 619 330
1575 565 1737 619 Festa
1774 565 1982 619 mobilia
2019 569 2138 635 post
2173 561 2390 619 Pascha.

859 763 1186 836 appellant,
1226 762 1470 820 assidet.
1542 760 1746 819 Finito
1802 761 2054 833 prandio
2115 767 2178 820 et
2226 761 2394 833 signo
2447 760 2587 819 dato
2638 761 2697 817 in
2745 759 2938 818 contio
2988 757 3101 829 (ita

858 842 973 915 ipsi
1012 846 1230 900 vocant
1267 843 1676 915 campanulam
1728 858 1803 900 ex
1853 859 1995 900 aere
2048 840 2478 913 fabrefactam)
2535 857 2734 900 omnes
2786 846 3104 911 assurgunt

862 928 920 981 et
973 924 1275 997 conceptis
1324 923 1602 997 precibus
1656 922 1882 981 discum
1934 923 2099 981 illum
2154 938 2280 981 cum
2333 939 2517 996 pane,
2577 921 2676 994 qni
2714 925 2958 990 noevoeytoe
2996 926 3101 988 est,

860 1003 1230 1077 ephemerius
1270 1003 1549 1061 sustollit.
1622 1001 2008 1061 Postmodum
2059 1008 2333 1060 reserato
2373 1002 2757 1074 panagiario,
2813 1007 2876 1060 et
2911 998 3102 1059 frusto

861 1084 965 1142 illo
1005 1101 1035 1142 e
1075 1101 1228 1158 pane
1270 1085 1465 1143 exciso
1506 1099 1792 1141 converso
1830 1088 1897 1141 ut
1937 1083 2089 1141 mica
2127 1083 2286 1141 nuda
2324 1083 2594 1157 superior
2619 1083 2716 1154 sit,
2753 1086 3104 1155 praesentat

861 1164 1084 1231 abbati,
1123 1164 1223 1237 qui
1261 1165 1544 1223 extremis
1585 1165 1794 1237 digitis
1831 1164 2106 1223 miculam
2148 1164 2366 1237 arripit
2403 1169 2467 1223 et
2503 1164 2593 1222 ori
2625 1163 2968 1238 impositam
3006 1163 3103 1223 ab·

858 1245 1065 1316 sumit;
1123 1245 1336 1305 deinde
1375 1246 1515 1305 aliis
1552 1246 1855 1304 monachis
1894 1251 2137 1306 servato
2175 1245 2383 1306 ordine
2422 1244 2698 1315 offertur,
2756 1244 2855 1318 qui
2894 1244 3099 1303 eodem

860 1325 1027 1383 modo
1068 1325 1340 1384 miculam
1383 1344 1457 1384 ex
1495 1326 1851 1400 panagiario
1890 1324 2174 1386 auferunt
2210 1334 2274 1385 et
2311 1326 2641 1385 comedunt.
2716 1325 2864 1384 Tum
2915 1326 3102 1384 abbas

859 1406 1056 1466 vinnm
1096 1407 1274 1466 calici
1314 1406 1570 1466 infusum
1609 1407 1783 1478 bibit,
1823 1424 1992 1480 quem
2034 1423 2234 1466 omnes
2261 1412 2602 1480 sequuntur,
2644 1412 2709 1465 et
2731 1406 2953 1479 gratiis
2973 1404 3105 1464 Deo

861 1487 1015 1545 actis
1054 1487 1383 1548 discedunt.
1424 1519 1488 1529 —
1529 1488 1615 1546 Et
1649 1489 1747 1546 hic
1776 1493 1870 1546 est
1897 1488 2096 1547 modus
2124 1488 2434 1546 exaltandi
2459 1488 2797 1562 panagiam‚
2836 1485 3104 1559 quamvis

862 1568 968 1625 alii
1020 1568 1138 1625 alio
1191 1585 1416 1641 quoque
1466 1569 1634 1628 modo
1684 1575 2069 1643 praeparent.
2158 1568 2313 1627 Nam
2366 1570 2741 1635 saeculares,
2794 1583 2968 1640 quum
3021 1583 3106 1624 so·

837 1649 1041 1718 „lemni
1080 1650 1351 1709 convivio
1390 1650 1552 1709 cives
1592 1650 1926 1724 excipiunt,
1976 1655 2110 1724 post
2146 1666 2409 1707 mensam
2449 1649 2509 1707 in
2548 1649 2859 1707 dexteram
2910 1648 3107 1706 adole·

861 1729 1131 1800 sce-ntuli,
1171 1746 1244 1787 ex
1283 1730 1444 1788 clero
1483 1734 1703 1801 tamen,
1739 1731 2043 1804 paululum
2084 1735 2453 1788 contractam
2508 1736 2571 1788 et
2607 1730 2782 1788 volae
2822 1728 3107 1787 sinistrae

861 1810 1194 1883 impositam
1235 1828 1309 1868 ex
1347 1826 1500 1884 pane
1539 1815 1925 1884 praeparant,
1966 1817 2027 1868 et
2064 1810 2365 1883 conceptis
2403 1811 2680 1883 precibus
2713 1808 2999 1869 sacerdos
3025 1808 3110 1866 ibi

862 1895 1068 1948 astans
1107 1890 1330 1963 primus
1383 1891 1594 1950 micam
1646 1891 1899 1965 accipit,
1957 1897 2165 1965 postea
2214 1892 2351 1950 aliis
2403 1892 2753 1950 adolescens
2804 1889 3107 1963 suggerit;

860 1969 1008 2042 quod
1034 1976 1321 2044 remanet,
1343 1971 1548 2045 ipsein
1570 1972 1841 2030 manibus
1863 1974 2117 2030 maxima
2146 1989 2273 2030 cnm
2298 1972 2688 2031 veneratione
2711 1971 3020 2030 consumit.
3046 2000 3108 2009 —-

861 2050 979 2108 His
1018 2051 1145 2125 ipse
1186 2050 1289 2110 Gro
1308 2068 1407 2110 ar.
1446 2051 1716 2119 αὐτόπτης
1751 2053 1980 2112 subdit:
2022 2051 2215 2127 Quum
2233 2053 2505 2112 Allatins
2533 2053 2653 2111 alio
2683 2068 2909 2125 qnoque
2938 2050 3109 2109 modo

860 2133 1216 2205 praeparari
1255 2132 1607 2204 consentiat,
1647 2149 1819 2206 quem
1844 2134 1972 2207 ipse
2000 2135 2380 2192 observatum
2406 2133 2673 2208 probavi,
2713 2139 2969 2206 accepta
2994 2131 3110 2191 viri

861 2213 1205 2272 amicissimi
1254 2215 1458 2286 venia,
1517 2214 1886 2287 subjungam.
1974 2213 2234 2273 Remota
2284 2227 2491 2273 mensa
2541 2232 2572 2272 e
2622 2213 2883 2272 fratrum
2938 2219 3112 2272 coetu

862 2293 1049 2365 affuit,
1104 2295 1202 2367 qui
1243 2289 1416 2354 alios‘
1429 2294 1802 2368 poenitentia
1839 2295 2200 2368 praemissa,
2251 2296 2362 2354 hoe
2400 2301 2495 2354 est
2532 2293 2796 2367 corporis
2834 2293 3111 2352 Incurva-

866 2374 1028 2432 tione
1079 2381 1433 2445 veneratUS,
1487 2374 1668 2432 dixit:
1727 2374 2039 2445 Εὐλογεῖτε,
2092 2379 2328 2447 Πατέρες
2363 2375 2531 2444 ἅγιοι,
2583 2373 2983 2444 συγχωρήσαῐέ
3012 2392 3115 2444 μοι

861 2459 934 2521 τῷ
955 2453 1276 2524 ἁμαρτωλῷ.
1334 2454 1583 2514 Cunctis
1608 2453 1663 2509 Ὁ
1694 2456 1828 2514 Θεὸς
1851 2457 2202 2529 συγχωρήσῃ,
2237 2456 2747 2530 respondentibus,
2788 2454 3114 2527 imaginem

858 2535 933 2593 B.
973 2535 1245 2608 Virginis
1298 2536 1356 2595 in
1419 2552 1582 2594 muro
1630 2536 1885 2610 positam
1939 2537 2197 2595 adorans
2254 2554 2326 2595 ac
2362 2536 2540 2595 thure
2579 2532 2991 2608 suffumigans,
3030 2533 3112 2592 vi-

864 2616 1058 2674 cinum
1110 2616 1357 2689 imagini
1408 2632 1620 2690 panem
1675 2617 1735 2675 in
1775 2617 1939 2675 disco
1975 2618 2300 2690 repositum
2341 2617 2624 2676 extremis
2663 2614 2866 2674 aufert
2903 2614 3113 2687 digitis

861 2703 925 2756 et
960 2697 1020 2756 in
1059 2698 1314 2757 omnium
1354 2703 1671 2770 conspectu
1705 2699 1926 2771 elevat,
1966 2698 2168 2758 dicens
2204 2703 2349 2770 μέγα
2386 2698 2448 2751 τὸ
2477 2699 2674 2768 ὄνομα.
2732 2695 3111 2769 subjunxere

862 2777 1060 2835 cuncti
1099 2781 1190 2843 τῆς
1225 2774 1388 2846 ἁγίας
1432 2777 1686 2850 Τριοὶδος.
1772 2778 1890 2837 Ille
1928 2784 2174 2849 παναγία
2217 2778 2476 2843 Θεοτόκε,
2525 2778 2721 2845 βοήθει
2758 2776 2911 2848 ἡμῖν.
2990 2777 3112 2835 Re-

859 2857 1152 2930 spondent
1203 2857 1313 2916 alii
1363 2862 1482 2918 ταῖς
1534 2857 1697 2925 αὐτῆς
1733 2863 2045 2929 πρεσβείαις
2080 2859 2111 2912 ὁ
2157 2860 2292 2920 Θεὸς
2339 2860 2556 2927 ἐλέησον
2604 2861 2696 2912 καὶ
2732 2861 2914 2913 σῶσον
2954 2856 3111 2926 ἡμᾶς.

860 2936 996 2996 Mox
1035 2938 1301 2997 omnibus
1357 2955 1607 2998 accenso
1659 2940 1836 2997 thure
1888 2940 2147 3013 expiatis
2199 2940 2540 3012 τραπεζάρου
2586 2938 2979 2998 refectorarii
3017 2937 3113 2995 ob·

860 3018 1066 3090 sequio
1114 3018 1446 3078 buccellam
1502 3018 1753 3079 divisam
1808 3036 2007 3079 omnes
2057 3038 2500 3095 consumpsere;
2560 3027 2622 3078 et
2671 3034 2979 3078 commune
3016 3034 3111 3091 po·

863 3098 1055 3157 culum
1094 3097 1404 3171 Deiparae
1443 3102 1676 3159 nomine
1714 3101 2091 3161 benedictum
2132 3102 2402 3161 devotius
2441 3101 2787 3160 exhausere.

1037 3279 1229 3345 Ritus
1252 3280 1584 3367 paschalis
1609 3282 1962 3367 panaqiam
1988 3283 2060 3347 in
2092 3283 2354 3348 ecclesia
2387 3280 2697 3364 elevandi,
2745 3282 2816 3345 in
2870 3280 2909 3343 '1
2916 3279 3109 3366 'ypico

853 3379 1314 3464 praescriptus.

972 3521 1128 3595 Πῶς
1191 3517 1473 3607 inpostea
1541 3520 1577 3610 ἡ
1646 3517 1887 3605 παναγί
1893 3547 1933 3587 α

863 3612 1013 3703 ὅλης
1056 3621 1168 3705 τῆς
1213 3613 1577 3703 ἑβδομάδος
1629 3625 1742 3708 τῆς
1789 3619 1934 3686 δια-

862 3709 1258 3801 καινησίμου.
1334 3715 1532 3805 Ὑψοῖ
1575 3718 1689 3805 τὴν
1734 3741 1931 3801 προς-

863 3812 1071 3900 (Γορὰν
1102 3813 1318 3898 λέγων·
1389 3817 1677 3903 Χριστὸς
1704 3816 1937 3905 ἀνέστη

863 3909 934 3976 ἐκ
963 3917 1215 3997 νεκρῶν,
1251 3912 1321 3979 ἐκ
1352 3910 1588 4001 τρίτου.
1679 3914 1751 3981 Ὁ
1778 3915 1934 3993 λαὸς

865 4005 1282 4097 ἀποκρίνεται
1348 4009 1562 4096 λέγων·
1636 4011 1935 4102 ,Ἀληθῶς

865 4106 1115 4197 ἀνέστη·
1162 4109 1270 4174 καὶ
1296 4114 1478 4176 ποιεῖ
1505 4117 1783 4198 σταυροῦ
1825 4111 1935 4177 τύ-

865 4228 1013 4271 πτον·
1063 4213 1535 4294 προςκυνοῦμεν
1582 4209 1779 4292 αὐτοῦ
1823 4210 1936 4298 τὴν

862 4329 957 4389 τρι
970 4304 1195 4392 ήμερον
1218 4301 1481 4394 ἔγερσιν.
1533 4300 1697 4373 Εἶτα
1717 4308 1935 4373 ἀσπα-

864 4403 1118 4487 ζόμεθα
1132 4404 1245 4491 τὴν
1257 4400 1602 4488 παναγιάν,
1624 4405 1702 4473 οὐ
1713 4405 1934 4490 μέντοι

864 4497 1178 4585 ἐσθίομεν
1202 4502 1395 4590 αὐτὴν
1423 4503 1606 4591 μέχρι
1631 4509 1749 4571 τοῦ
1769 4510 1933 4589 σαβ-

2150 3524 2284 3607 Qua
2329 3524 2568 3590 ratione
2615 3514 2901 3603 παναγιά
2961 3541 3110 3587 cun-

2045 3624 2159 3689 etis
2207 3622 2617 3689 hebdomadis
2648 3619 2934 3687 Paschae
2982 3619 3110 3685 die-

2042 3723 2162 3788 bus
2223 3721 2516 3788 elevetur.
2624 3719 2844 3784 Elevat
2905 3724 3110 3783 autem

2044 3841 2269 3905 panem,
2290 3818 2614 3896 SacerdOS‚
2641 3818 2889 3882 dicens:
2932 3812 3110 3880 Chri-

2044 3928 2176 3982 stus
2202 3918 2486 3982 surrexit
2516 3939 2556 3980 a
2578 3915 2863 3993 mortuis,
2910 3934 3111 3999 usque

2043 4017 2259 4094 terti03
2309 4013 2573 4100 populus
2622 4018 2827 4079 autem
2861 4032 3112 4097 respon·

2044 4116 2180 4180 det:
2258 4113 2412 4177 Vere
2461 4113 2743 4177 surrexit
2787 4113 2880 4196 (et
2926 4132 3110 4176 cruce

2044 4233 2111 4278 se
2141 4211 2393 4297 signat),
2427 4210 2798 4275 triduanam
2829 4213 2965 4298 ejus
2990 4210 3111 4274 Re-

2045 4312 2489 4375 surrectionem
2517 4331 2907 4373 veneramur.
2990 4307 3109 4373 Pa-

2044 4430 2189 4475 nem
2244 4408 2469 4474 deinde
2529 4406 2917 4483 osculantur,
2987 4425 3108 4470 non

2045 4512 2253 4575 tamen
2285 4507 2637 4589 comedunt,
2682 4512 2825 4572 ante
2853 4502 3107 4571 Sabbati
