3514 5391
649 484 787 548 Χυρ.
809 479 873 534 ε’.
902 482 1012 533 τῶν
1029 482 1303 545 monach.
1356 483 1583 560 Μαρίας
1602 484 1694 548 τῆς
1711 485 2039 550 Αἰγυπτίας.
2078 483 2226 538 Dom.
2248 483 2525 538 Passionis.
2603 486 2705 541 197

456 682 807 752 nentissimi
874 682 1141 751 auctoris
1187 692 1230 749 t.
1278 685 1342 761 4,
1406 704 1464 768 p.
1516 684 1622 750 84.
1726 684 1970 768 Quippe
2031 685 2239 770 gravis
2301 690 2397 750 001
2457 690 2704 751 contro-

459 781 675 859 versia,
726 782 1026 866 quidnam
1074 781 1224 847 illud
1254 781 1646 869 fermentum
1691 782 1791 861 sit,
1842 784 2007 866 quod
2040 803 2088 849 0.
2121 782 2509 849 Melchiades
2529 784 2707 870 Papa

446 903 571 965 per
616 877 918 945 ecclesias
963 902 1043 945 ex
1086 890 1455 945 consecratu
1499 880 1784 967 episcopi
1827 880 2027 965 diriqi
2062 882 2252 966 jussit
2277 883 2346 968 ¹),
2396 902 2467 948 ac
2515 903 2564 951 0.
2600 882 2705 948 In-

456 978 781 1044 nocentius
828 978 1006 1063 Papa
1031 978 1081 1043 I.
1130 979 1266 1064 ipse
1302 977 1695 1066 presbyteris
1745 979 1849 1042 die
1898 979 2209 1044 domnico
2256 981 2318 1046 in
2349 980 2545 1047 titulis
2576 982 2705 1047 suis

457 1096 636 1141 sacra
678 1075 1055 1143 facientibus
1097 1101 1216 1163 per
1262 1075 1578 1164 acolythos
1624 1078 1817 1160 misit,
1864 1088 1936 1142 ut
1979 1100 2046 1142 se
2093 1102 2134 1142 a
2181 1078 2505 1164 Povztfficis
2552 1103 2707 1145 com-

454 1176 747 1239 munione
792 1199 924 1240 11οη
955 1176 1329 1264 judicarent
1373 1185 1706 1262 separatos
1731 1175 1805 1260 ²),
1855 1177 2146 1260 quodque
2191 1179 2446 1243 tandem
2491 1178 2555 1243 in
2596 1200 2705 1244 an-

457 1273 647 1357 tiquis
692 1273 869 1339 libris
916 1274 1242 1339 ritualibus
1287 1274 1411 1339 hoc
1458 1273 1733 1340 Sabbato
1783 1274 2039 1361 aPapa
2085 1275 2239 1339 dan·
2266 1274 2514 1362 legitur.
2579 1276 2704 1342 Alii

458 1392 600 1437 cum
649 1372 1032 1450 Baroni0‚
1083 1370 1320 1439 Annal.
1373 1372 1462 1436 ad
1508 1395 1613 1438 an.
1663 1374 1817 1455 313,
1866 1394 1928 1438 n.
1975 1373 2063 1438 49
2126 1378 2189 1439 01
2237 1374 2350 1439 Du
2400 1373 2702 1460 Gange,

464 1470 668 1536 Gloss.
722 1468 835 1537 lat.
885 1492 942 1538 v,
975 1469 1384 1557 fermentum,
1434 1490 1506 1536 eo
1554 1472 1806 1537 nomine
1854 1470 2204 1555 simplicem
2248 1494 2474 1557 panem
2515 1473 2705 1539 bene-

458 1569 696 1634 dictum
743 1589 854 1635 seu
904 1589 1110 1635 meras
1156 1567 1440 1656 euloqias
1485 1569 1873 1655 intelligunt;
1924 1570 2024 1635 alii
2075 1590 2218 1636 vero
2264 1571 2449 1658 longe
2497 1571 2706 1657 plures

440 1665 756 1753 ferme-nti
798 1687 952 1734 voce
999 1689 1083 1733 ss.
1134 1667 1569 1734 eucharistiam
1619 1667 1822 1752 ipsam
1867 1668 2180 1754 designari
2226 1670 2470 1747 docent,
2520 1674 2707 1754 atque

458 1766 522 1831 in
568 1766 645 1832 iis
692 1767 805 1832 viri
852 1765 1196 1833 doctissimi
1227 1765 1443 1831 Card.
1479 1765 1963 1832 Thomasins
2008 1765 2052 1832 l.
2085 1786 2159 1840 0.,
2212 1765 2428 1833 Oard.
2461 1768 2704 1846 Bona,

464 1866 696 1929 Rerum
742 1864 955 1951 liturq.
1008 1883 1060 1931 c.
1110 1864 1224 1943 233
1289 1863 1585 1950 Pagius
1633 1864 1710 1929 ad
1760 1864 1861 1932 cit.
1913 1884 2011 1930 an.
2061 1865 2211 1944 313,
2261 1886 2365 1932 nn.
2421 1866 2703 1945 17-18,

466 1962 1028 2040 Μο111110111110,
1079 1962 1156 2026 de
1203 1984 1418 2050 azymo
1467 1981 1520 2028 c.
1558 1963 1673 2041 10;
1724 1983 2083 2048 nomenque
2112 1968 2247 2029 tum
2277 1984 2354 2029 ex
2381 1964 2708 2049 disciplina

465 2064 663 2128 arcani
710 2066 845 2128 tum
895 2083 968 2127 ex
998 2061 1344 2147 symbolica
1387 2061 1677 2127 fermenti
1725 2061 2179 2148 significatione
2208 2066 2515 2147 repetunt.
2580 2062 2704 2128 Ve-

466 2162 802 2227 nerandnm
866 2161 1018 2227 illud
1079 2164 1539 2226 sacramentum
1600 2160 1803 2238 enim,
1872 2180 1985 2245 pro
2044 2160 2290 2226 illorum
2354 2165 2702 2245 temporum

467 2260 927 2337 consuetudine,
976 2280 1100 2343 qua
1144 2279 1358 2325 sacrae
1405 2258 1495 2324 rei
1544 2277 1842 2324 arcanum
1888 2259 2164 2342 profanis
2212 2264 2423 2346 tegere
2456 2258 2705 2325 affecta-

466 2358 627 2437 bant,
690 2378 887 2443 quum
937 2359 1013 2423 ad
1061 2356 1358 2423 ecclesias
1407 2356 1775 2434 mitteretur,
1839 2362 2127 2422 vocatum
2176 2365 2271 2424 est
2299 2358 2705 2445 fermentum,

464 2462 545 2533 ut,
593 2457 1126 2541 quemadmodum
1157 2457 1533 2522 fermentum
1561 2455 1621 2520 in
1650 2455 1917 2522 farinam
1947 2456 2299 2522 immissum
2328 2457 2509 2541 eique
2527 2477 2706 2537 ,com-

469 2557 724 2621 mixtum
772 2560 969 2620 totam
1018 2555 1431 2641 conglutinat,
1499 2555 1584 2620 ita
1642 2555 1732 2620 eis
1793 2555 2107 2639 quoddam
2168 2556 2460 2622 unitionis
2522 2561 2708 2640 atque

467 2654 922 2721 communionis
970 2657 1221 2720 mutuae
1270 2653 1583 2719 vinculum
1632 2673 1773 2720 esse
1820 2653 2295 2741 significaretur.
2373 2654 2550 2738 Quod
2582 2655 2706 2723 ser-

468 2757 763 2832 mentum,
814 2753 1015 2836 inquit
1060 2752 1536 2818 Thomasius
1580 2752 1622 2818 l.
1673 2772 1745 2830 c.‚
1796 2752 1958 2819 sorte
2003 2752 2125 2818 hoc
2173 2752 2444 2820 Sabbato
2493 2756 2704 2820 datum

468 2851 646 2917 suerit
691 2850 1006 2936 acolythis
1053 2851 1456 2933 finitimorum
1504 2851 1960 2936 episcoporum,
2010 2856 2079 2918 ut
2125 2853 2400 2937 episcopi
2447 2853 2565 2937 ipsi
2607 2854 2706 2919 die

469 2956 675 3016 0011010
736 2949 1021 3016 Paschae
1082 2949 1145 3014 in
1207 2949 1458 3033 publica
1510 2949 1848 3016 Missamm
1919 2949 2277 3016 celebritate
2341 2951 2705 3035 particulam

386 3106 398 3123 ,
470 3049 753 3115 fermenti
801 3070 840 3114 a
884 3047 1059 3133 Papa
1104 3047 1446 3113 consecrati
1496 3052 1638 3132 post
1685 3047 2020 3127 Ganonem,
2069 3049 2177 3114 ubi
2224 3049 2480 3115 dicitur:
2505 3082 2508 3083 ⁷
2532 3050 2710 3114 Haec

468 3147 818 3213 commioetio
867 3147 1152 3234 corporis
1198 3155 1259 3210 ct
1305 3146 1637 3233 sanquinis
1684 3156 1816 3229 etc„
1864 3147 1926 3212 in
1974 3144 2231 3233 calicem
2280 3152 2704 3214 consecratum

470 3242 908 3311 immitterent:
968 3250 1030 3310 et
1075 3244 1239 3311 inde.
1266 3249 1399 3310 tum
1446 3244 1582 3329 ipsi,
1632 3250 1765 3310 tum
1815 3244 2031 3330 plebes
2077 3243 2198 3311 illis
2246 3247 2516 3312 creditae
2564 3268 2709 3313 san-

468 3344 714 3427 guinem
762 3342 1019 3408 Domini
1079 3344 1364 3409 bibentes
1412 3344 1911 3409 communionem
1976 3362 2119 3409 cum
2166 3343 2446 3410 Romano
2492 3345 2707 3411 Ponti-

472 3440 582 3506 fice
628 3462 778 3525 prae
827 3461 895 3507 00
942 3441 1197 3519 ferrent,
1245 3443 1393 3507 dum
1442 3462 1518 3508 ex
1566 3441 1847 3526 ejusdem
1878 3442 2345 3508 consecratione
2393 3446 2709 3527 utcunque

471 3541 1015 3606 communicarent.
1108 3540 1192 3606 Et
1250 3561 1401 3607 sane
1466 3542 1544 3607 de
1606 3540 1983 3607 eucharistia
2045 3562 2083 3606 a
2140 3539 2437 3606 Romanis
2497 3540 2710 3606 Ponti-

472 3638 685 3704 ficibus
732 3638 812 3703 ad
860 3638 1185 3724 episcopos
1231 3639 1626 3719 transmissa,
1690 3644 1985 3723 tanquam
2035 3637 2490 3705 ecclesiasticae
2538 3660 2708 3705 com-

472 3737 776 3802 munionis
801 3741 967 3815 11010,
1018 3737 1300 3803 meminit
1330 3758 1375 3803 0.
1412 3736 1710 3804 Irenaeus
1740 3738 1904 3822 apud
1936 3737 2141 3803 Ense
2159 3736 2241 3815 b.,
2290 3737 2463 3801 Hine.
2497 3736 2708 3803 eccles.

472 3834 508 3899 l.
553 3834 614 3913 5,
664 3856 718 3903 0.
770 3835 859 3900 24
881 3835 953 3919 ⁸).
1008 3873 1087 3883 —
1138 3835 1321 3902 Hunc
1367 3856 1608 3902 morem
1656 3840 1863 3901 autem
1910 3835 2097 3901 dandi
2145 3835 2522 3901 fermentum
2571 3842 2712 3922 post

651 4112 692 4181 ¹)
732 4115 1056 4167 Anastas.
1083 4112 1283 4180 Bibl.‚
1322 4113 1537 4168 Hister.
1564 4113 1632 4169 de
1656 4113 1745 4167 vit.
1775 4113 1930 4166 Rom.
1960 4111 2102 4177 PP..
2140 4110 2274 4180 apud
2289 4110 2479 4178 beligne,
2507 4109 2650 4165 Patr.
2674 4112 2707 4167 1.

473 4198 510 4247 1.
550 4196 682 4262 127,
733 4209 822 4263 pp.
862 4193 1247 4259 1499—1500;
1304 4194 1660 4259 Duchesne,
1717 4192 1840 4248 Lib.
1891 4192 2049 4247 Pont.
2105 4194 2169 4258 (0.
2209 4191 2521 4257 Miltiades),
2579 4195 2618 4245 t.
2661 4194 2709 4257 1,

472 4288 553 4343 ψ’
591 4274 957 4423 mii—3926
991 4353 1233 4419 Decem..
1270 4370 1315 4407 ο.
1353 4355 1405 4421 5,
1443 4354 1563 4409 ibid.
1603 4357 1641 4407 t.
1679 4353 1768 4419 20,
1807 4368 1891 4422 pp.
1924 4352 2223 4407 ase—557.

648 4433 695 4505 ⁸)
735 4433 887 4503 Apud
924 4433 1113 4505 Migne,
1151 4432 1296 4487 Patr.
1334 4449 1414 4505 gr.
1452 4437 1492 4488 t.
1529 4434 1616 4502 20,
1653 4449 1738 4502 pp.
1778 4432 2079 4489 507—508.
