3514 5391
1376 1747 1474 1827 IN
1476 1745 1984 1829 TBODUG'I'IO.

714 1945 784 2009 F
778 1953 929 2008 esta
958 1941 1244 2019 mobilia,
1294 1936 1511 2026 ἑορταὶ
1548 1936 1798 2028 mmai
1843 1942 2067 2027 (slav.
2107 1943 2463 2030 prazdniki
2489 1942 2802 2031 dwikimyi

496 2045 653 2108 sive
706 2041 1124 2129 podwikniffl
1178 2061 1475 2105 rumen.
1526 2041 1839 2104 cerbatori
1882 2041 2319 2107 echimbatorie
2368 2042 2496 2107 sive
2544 2041 2799 2127 mobile)

504 2144 666 2208 dies
722 2141 875 2206 festi
927 2143 1247 2215 vocantur,
1316 2140 1421 2222 qui
1483 2141 1620 2204 stati
1686 2161 1808 2204 non
1858 2145 2033 2217 sunt,
2100 2141 2208 2206 sed
2274 2141 2459 2206 certis
2519 2141 2680 2205 inter
2735 2161 2800 2205 se

509 2240 759 2323 spatiis
830 2238 1018 2303 divisi
1083 2239 1315 2302 varium
1376 2237 1703 2303 Paschatis
1769 2258 2089 2304 recursum
2156 2240 2371 2304 ordine
2437 2243 2797 2322 sequuntur.

510 2338 610 2402 1⁴31:
664 2337 976 2421 quoniam
1028 2336 1230 2419 ipsum
1278 2337 1525 2402 Pascha
1572 2358 1608 2402 a
1652 2337 1802 2402 luna
1843 2339 1942 2403 14.
1995 2339 2175 2423 primi
2210 2339 2441 2420 mensis
2475 2340 2704 2422 pendet
2730 2340 2798 2422 ¹),

518 2455 642 2499 eos
697 2434 843 2499 dies
891 2435 955 2498 in
1005 2432 1254 2500 Oriente
1303 2436 1490 2501 etiam
1520 2434 1707 2520 festa
1756 2434 2016 2500 lunaria
2063 2436 2445 2525 (komarzjja)
2503 2437 2669 2501 dicta
2713 2437 2800 2501 le-

520 2538 801 2618 guntur.
1184 2539 1188 2544 ’
2510 2548 2519 2555 “

728 2640 929 2706 Festa
974 2639 1229 2706 mobilia
1272 2645 1514 2707 veteres
1557 2641 1734 2725 festa
1764 2643 2127 2729 conceptiva
2176 2641 2587 2726 appellabant,
2639 2643 2804 2726 quod

530 2761 571 2803 a
623 2740 1109 2824 magistratibus
1171 2740 1266 2806 vel
1323 2741 1749 2806 sacerdotibus
1814 2742 2143 2825 quotannis
2204 2742 2684 2826 conciperentur
2742 2742 2801 2805 in

532 2837 682 2903 dies
720 2842 929 2903 certos
958 2838 1055 2904 vel
1081 2838 1266 2904 etiam
1293 2839 1584 2916 incertOS,
1614 2845 1685 2903 ut
1710 2844 1924 2904 auctor
1949 2845 2044 2904 est
2069 2839 2156 2903 M.
2187 2839 2287 2903 'Pe
2306 2860 2336 2903 r
2356 2859 2389 2903 e
2408 2844 2505 2903 nt.
2535 2838 2800 2917 VarrO,

535 2934 623 2999 dc
692 2933 846 3022 Ziny.
900 2935 1012 3001 lat.
1034 2986 1051 3017 ‚
1119 2937 1158 3002 l.
1218 2937 1275 3006 5.
1345 2958 1397 3002 c.
1448 2938 1522 3015 33
1605 2938 1770 3000 diem
1831 2938 2154 3023 concipere
2215 2939 2376 3002 enim
2439 2939 2802 3002 tantundem

538 3031 717 3097 valet
780 3053 853 3098 ac
914 3038 1227 3121 conceptis
1286 3036 1521 3112 verbis,
1591 3036 1655 3101 h.
1706 3057 1781 3113 e.‚
1850 3037 2258 3100 determinata
2322 3037 2524 3120 aliqua
2570 3037 2806 3101 ratione

540 3137 854 3215 certaque
916 3133 1243 3198 verborum
1306 3134 1574 3199 formula
1637 3134 1803 3198 diem
1865 3133 2174 3198 indicare.
2287 3134 2449 3223 Hinc
2507 3140 2568 3199 et
2615 3134 2805 3200 feriae

540 3230 959 3315 conceptivae
1006 3251 1115 3295 seu
1164 3243 1494 3318 conceptae
1543 3232 2032 3317 appellabantur,
2093 3233 2131 3298 l.
2186 3254 2260 3310 c.,
2310 3235 2474 3316 quod
2521 3255 2646 3299 non
2694 3233 2804 3298 ha-

540 3332 779 3394 berent
829 3331 1033 3394 certos
1081 3330 1571 3414 constitutosque
1619 3332 1771 3407 dieS,
1823 3332 1930 3395 sed
1967 3333 2132 3395 varie
2165 3351 2275 3415 pro
2310 3332 2452 3395 anni
2487 3333 2619 3397 vice
2662 3351 2801 3397 cum

538 3426 928 3492 auctoritate
990 3426 1373 3506 dicerentur,
1446 3435 1512 3492 ut
1560 3428 1959 3512 Compitalia,
2030 3425 2322 3505 Latinae,
2390 3429 2802 3496 Sementivae.

535 3524 793 3607 Quodsi
841 3544 989 3589 vero
1035 3525 1263 3590 ibidem
1316 3528 1593 3605 addatur,
1643 3528 2037 3613 conceptiva-3
2086 3550 2234 3607 esse,
2285 3550 2441 3612 quae
2487 3551 2615 3591 non
2661 3538 2806 3591 sunt

536 3620 851 3701 annales,
901 3643 1026 3687 non
1071 3623 1192 3689 hoc
1240 3625 1642 3708 significatur,
1692 3646 1816 3690 non
1847 3627 2039 3690 fuisse
2089 3646 2192 3691 eas
2223 3626 2550 3709 quotannis
2592 3626 2803 3692 obser-

532 3729 765 3796 vatas,
837 3722 951 3786 sed
1013 3741 1135 3785 non
1184 3723 1519 3789 recurrisse
1570 3725 1789 3788 eodem
1838 3725 1937 3788 die
2000 3725 2217 3807 quovis
2266 3743 2425 3788 anno
2488 3744 2599 3789 seu
2646 3725 2806 3788 intra

526 3823 764 3907 ipsum
814 3818 963 3883 anni
1011 3819 1302 3902 spatium,
1353 3826 1414 3884 at
1464 3822 1645 3886 modo
1694 3825 1894 3897 antea,
1961 3822 2150 3885 modo
2195 3826 2427 3904 postea,
2478 3821 2806 3905 quotannis

523 3926 786 3986 tamen.

728 4023 1000 4090 Latinos
1047 4023 1243 4089 secuti
1288 4023 1478 4102 festa,
1547 4045 1705 4109 quae
1773 4026 1957 4089 certis
2018 4026 2319 4108 statisque
2383 4025 2526 4089 anni
2588 4025 2807 4090 diebus

512 4147 659 4194 non
718 4123 1028 4200 haerent,
1097 4122 1159 4187 in
1211 4126 1652 4189 commentario
1700 4123 1821 4187 hoe
1867 4128 2077 4189 nostro
2125 4124 2262 4187 dies
2309 4125 2699 4208 concaptivos
2747 4128 2809 4186 et

510 4220 815 4293 mobiles
866 4220 1407 4286 indiscriminatim
1456 4242 1527 4286 ac
1574 4221 1924 4306 promiscue
1971 4223 2268 4288 dicemus.

600 4366 991 4380 ’,9μῷὴρ-

732 4454 780 4518 ¹)
826 4450 893 4505 V.
936 4449 1149 4505 inferius
1187 4455 1367 4505 notata
1401 4468 1485 4521 pp.
1524 4452 1810 4507 282—285
1849 4457 1902 4505 et
1939 4454 2060 4508 642.
