3514 5391
824 566 1072 630 Κυριακη
1112 565 1209 614 τοῦ
1247 560 1469 630 Πάσχα.
1524 563 1793 618 Dominica
1828 563 2258 619 ResurrectioniS.

411 759 575 839 μετὰ
625 760 895 848 νεφέλης
943 758 1053 824 καὶ
1100 763 1496 847 φωτοποιῶν

405 854 721 940 Ἀγγέλων
768 857 1270 945 παρισταμένων
1318 856 1492 945 αὐτῇ,

411 959 504 1040 τῷ
566 954 709 1042 ἀέρι
761 949 1187 1044 ἐπὶφαίνεται
1206 1009 1220 1038 ,
1283 961 1357 1021 Χ
1368 951 1447 1021 αι’
1463 996 1494 1005 -

410 1076 627 1139 ρετε,
707 1053 1022 1138 λέγονσα,
1110 1052 1239 1119 ὅτι
1303 1079 1403 1139 με
1425 1053 1494 1120 θ’

410 1150 508 1236 ὐμ
526 1157 632 1226 ῶν
677 1147 846 1237 εἶμι
884 1152 1139 1230 πάσας
1165 1151 1297 1230 τὰς
1325 1151 1494 1241 ἡμέ-

409 1272 566 1336 ρας·
598 1256 803 1316 vos-to
835 1249 905 1316 ἐκ
936 1256 1053 1315 τοῦ
1089 1246 1244 1316 Υἶοῦ
1273 1251 1350 1316 τὸ
1375 1275 1494 1334 χα-

408 1348 689 1434 ροποεόν
715 1349 941 1427 αὐτοῖς
960 1348 1371 1417 ἐπιδιδοῢσα.
1414 1346 1488 1416 Oi

409 1446 478 1512 δὲ
539 1445 905 1538 ΠῙαθιγταῖ,
975 1454 1090 1514 τοῦ
1156 1448 1495 1534 θαύματος

409 1543 864 1630 ἐκπλαγέντες,
914 1545 1056 1612 ἀντὶ
1079 1553 1212 1628 τοῦ,
1261 1553 1322 1612 Κ
1332 1547 1413 1635 ύρ
1428 1572 1450 1612 ι
1464 1572 1497 1612 ε

407 1643 676 1734 Ἰησοῖ-
706 1644 1064 1733 Χριστὲ,
1114 1641 1497 1730 Παναγία

2559 565 2666 620 329

1613 760 1874 842 Christe,
1925 763 2454 828 exclamaverunt:
2506 763 2671 827 San-

1604 862 1890 925 ctissima
1912 861 2225 947 Deipara,
2253 884 2539 926 succurre
2561 883 2673 925 ‘no-

1606 958 1741 1023 bis!
1832 959 1935 1024 Ad
1982 960 2387 1043 sepulchrum
2449 960 2671 1025 deinde

1605 1058 1936 1141 profectiS,
1974 1059 1977 1060 ⁷
2014 1079 2135 1123 non
2202 1058 2470 1124 inventis
2540 1058 2674 1143 ejus

1603 1155 1901 1241 1·eliquiiS‚
1937 1171 2305 1240 persuasum
2331 1164 2443 1235 est,
2493 1158 2672 1223 tertio

1602 1254 1703 1319 die
1752 1256 1949 1319 instar
1993 1253 2105 1318 filii
2137 1255 2232 1319 sui
2273 1275 2528 1339 corpore
2558 1255 2673 1320 ite-

1603 1373 1743 1417 rum
1810 1356 2129 1436 assumpto
2191 1373 2228 1417 a
2272 1354 2533 1418 mortuis
2580 1374 2674 1419 re·

1605 1452 1948 1517 surrexisse
2014 1454 2075 1515 et
2140 1452 2200 1515 in
2268 1451 2509 1517 coelum
2574 1473 2672 1517 as-

1604 1554 1923 1634 sumptam
1940 1547 2336 1639 cumChristo
2352 1549 2414 1616 in
2428 1550 2673 1615 saecula

1604 1648 1993 1714 saeculorum
2043 1655 2324 1733 regnare.
2401 1649 2625 1715 Amen.
2674 1708 2684 1718 .

414 1742 827 1824 Θεοτόκε,
901 1743 1209 1832 βοήθει
1271 1743 1492 1830 ἡμῖν,

415 1841 926 1930 ιῖνεκραύγασαν.
1023 1835 1189 1908 Εἶτα
1234 1848 1326 1928 τῷ
1371 1842 1560 1932 τάᾳῳ
1591 1840 2092 1929 προσελθόντες,
2141 1839 2246 1906 καὶ
2275 1841 2362 1931 μὴ
2388 1842 2675 1930 εὑρόντες

407 1942 853 2030 τόιπανάγιον
885 1939 1075 2030 αὐτῆς
1113 1947 1329 2027 Σῶμα,
1380 1937 1790 2030 ἐπείσθησαν
1840 1940 2124 2030 ἀληθῶς,
2173 1938 2274 2005 ὅτι
2316 1940 2671 2027 σύσσωμος,

409 2040 608 2122 ζῶσα,
659 2040 777 2107 καὶ
827 2038 1178 2130 τριήμερος,
1229 2039 1313 2118 (ὗς
1360 2040 1395 2106 ὁ
1456 2035 1613 2118 Υἱὸς
1660 2039 1871 2128 αὐτῆς,
1921 2039 1992 2105 ἐκ
2040 2044 2272 2124 νεκρῶν
2318 2039 2670 2121 ἀναστᾶσα,

409 2139 516 2204 καὶ
563 2144 959 2224 μεταστᾶσα
1002 2134 1115 2216 ἐἷς
1162 2137 1467 2226 οὐρανοὶ-ς
1511 2137 1930 2226 μεταβέβηκε,
1980 2137 2109 2220 [aim
2158 2143 2424 2225 Χριστῷ
2479 2144 2673 2224 βασι-

412 2237 693 2330 λεύουσα
741 2233 840 2315 εἷς
883 2235 1034 2314 τοὺς
1081 2231 1318 2315 αἰῶνας
1361 2242 1491 2308 τῶν
1538 2232 1804 2302 αἶιίνων.
1896 2234 2114 2324 Ἀμήν.

591 2380 703 2439 Sic
753 2380 942 2453 igitur
979 2384 1282 2448 παναγίαν,
1340 2381 1410 2438 h.
1437 2397 1516 2453 e.‚
1572 2380 1920 2452 generalem
1970 2380 2139 2439 illam
2190 2382 2671 2440 consuetudinem

415 2462 756 2520 buccellam
811 2462 983 2535 panis
1034 2466 1198 2519 certo
1249 2460 1501 2534 quodam
1549 2460 1987 2520 benedictionis
2036 2461 2160 2519 ritu
2211 2462 2560 2522 comedendi
2597 2465 2673 2522 ab

411 2543 558 2614 ipsis
595 2542 924 2614 Apostolis
971 2547 1256 2615 repetunt
1293 2541 1535 2600 Graeci.
1608 2540 1953 2615 Imperator
1989 2541 2049 2599 in
2089 2543 2247 2614 aula,
2304 2544 2576 2601 monachi
2616 2544 2673 2600 iu

411 2622 822 2694 monasterii8‚
877 2621 1090 2694 vulgus
1129 2623 1188 2680 in
1228 2622 1503 2681 ecclesiis
1552 2623 1652 2680 vel
1702 2623 1764 2680 in
1804 2621 2070 2680 domibus
2120 2622 2317 2680 ritum
2353 2623 2507 2681 hunc
2542 2641 2674 2698 pcr-

411 2706 654 2763 ficinnt:
712 2721 834 2777 qua
871 2703 1103 2762 ratione
1143 2704 1388 2778 expleat
1424 2705 1768 2779 imperator,
1808 2709 2234 2762 commonstrat
2272 2703 2556 2775 Codin.,
2608 2706 2675 2759 de

414 2785 633 2856 Officiis
675 2786 814 2851 GP„
855 2801 902 2842 c.
939 2782 1053 2854 7¹).
1131 2785 1449 2844 Monachos
1489 2802 1562 2843 ea
1600 2802 1664 2843 se
1704 2785 2017 2844 devotione
2058 2784 2408 2844 exercentes
2448 2786 2536 2843 ita
2574 2785 2674 2843 de-

411 2864 631 2924 scribit
668 2864 745 2922 L.
787 2865 1144 2926 Allatius
1184 2867 1337 2941 apud
1379 2865 1599 2925 Goar.
1639 2867 1698 2923 in
1739 2866 1991 2924 eundem
2031 2864 2266 2928 Codin.‚
2316 2866 2353 2923 1.
2393 2882 2466 2924 c.:
2526 2866 2674 2939 Quis

410 2946 492 3003 sit
531 2946 918 3004 Graecorum
968 2946 1084 3005 iste
1137 2948 1287 3005 ritus
1339 2947 1546 3021 paucis
1596 2946 1938 3019 expediam,
1995 2953 2059 3003 ut
2109 2946 2208 3018 qui
2259 2951 2351 3004 tot
2388 2962 2576 3019 nugas
2615 2946 2675 3003 in

414 3026 674 3085 medinm
715 3024 1062 3099 proferunt,
1114 3027 1240 3099 jam
1283 3027 1561 3085 desinant
1598 3027 1860 3100 ineptire
1875 3026 1940 3098 ²).
2014 3026 2354 3099 Antequam
2404 3028 2674 3085 monachi

413 3107 472 3164 in
510 3123 786 3164 mensam
826 3108 1173 3179 procedant,
1214 3108 1309 3167 cui
1347 3108 1406 3166 id
1447 3124 1592 3167 onus
1629 3108 1918 3166 incumbit
1955 3106 2075 3179 (illi
2100 3107 2398 3179 ἐφημέριον
2432 3108 2674 3179 vocant)

414 3187 471 3244 in
509 3187 680 3245 disco
722 3188 852 3248 sive
879 3189 1139 3247 scutella
1177 3189 1296 3260 (illi
1322 3196 1665 3262 nuncupant
1688 3187 2086 3259 παναγιάριον)
2125 3194 2433 3262 acceptum
2459 3205 2671 3261 panem

417 3267 493 3325 ad
533 3268 742 3326 instar
779 3268 973 3327 crucis
1013 3270 1071 3328 in
1113 3276 1365 3342 quatuor
1404 3270 1623 3329 dividit
1657 3275 1868 3344 partes
1897 3269 2197 3341 aequales,
2237 3285 2309 3327 ex
2336 3269 2554 3342 angulo
2593 3269 2676 3327 in·

417 3347 632 3406 teriori
670 3347 850 3421 panis
891 3350 1191 3409 abscindit
1226 3350 1482 3409 frustum
1523 3351 1714 3409 cultro
1754 3350 2125 3422 circumiens,
2166 3349 2315 3407 adeo
2352 3356 2420 3407 ut
2458 3367 2528 3407 ex
2558 3366 2675 3408 una

417 3435 594 3501 parte
650 3429 862 3501 anguli
913 3432 1286 3490 acuminatus
1335 3433 1443 3498 sit,
1502 3449 1575 3489 ex
1615 3432 1815 3490 altera
1853 3429 2138 3489 circulari
2175 3429 2368 3501 figura
2407 3429 2675 3500 trigonus

418 3509 818 3582 imperfectus
857 3518 1190 3585 appareat3-
1238 3519 1301 3571 et
1337 3513 1423 3571 sic
1462 3513 1721 3572 excisum
1777 3529 1879 3570 suo
1917 3513 2046 3569 loco
2095 3527 2215 3568 nna
2267 3527 2395 3569 cum
2442 3510 2675 3581 reliquo

419 3605 574 3660 pane
613 3590 797 3648 simul
833 3596 1001 3650 unito
1039 3593 1343 3665 relinquit.
1417 3591 1644 3651 Panem
1684 3593 1772 3651 sic
1812 3591 2313 3656 accommodatum
2354 3590 2476 3648 alia
2501 3596 2675 3662 parte

423 3669 574 3728 disci
614 3672 902 3743 cooperit.
977 3671 1080 3730 Ita
1133 3673 1286 3731 enim
1328 3673 1525 3732 discus
1578 3673 1683 3731 ille
1724 3678 2106 3746 comparatur
2145 3670 2392 3729 cardine
2446 3688 2520 3729 ex
2558 3687 2675 3729 una

422 3758 595 3822 parte
637 3767 772 3808 cum
813 3752 1138 3826 superioris
1191 3754 1383 3825 partis
1432 3755 1598 3812 oculo
1652 3754 2000 3826 colligatus,
2050 3758 2118 3810 ut
2156 3751 2324 3810 modo
2362 3768 2696 3825 capsarum⁴

424 3829 790 3897 includatur,
829 3832 922 3890 sin
962 3834 1150 3893 minus
1189 3836 1341 3893 velo.
1404 3834 1489 3893 Et
1525 3836 1611 3893 sic
1651 3835 1898 3909 apponit
1936 3834 1995 3892 in
2025 3850 2243 3903 mensa,
2282 3833 2342 3890 in
2373 3850 2488 3906 qua
2516 3833 2674 3891 solus

429 3911 616 3968 abbas
656 3912 760 3970 vel
798 3928 1242 3988 proegumenu3‚
1282 3917 1380 3989 qui
1418 3917 1655 3975 scilicet
1691 3916 1930 3976 abbatis
1969 3931 2212 3973 munere
2254 3920 2433 3971 antea
2472 3912 2676 3971 defun-

430 3996 556 4049 ctus
594 3990 823 4059 fuerat,
864 3995 963 4053 vel
991 3997 1088 4067 qui
1116 3997 1370 4066 abbatia,
1411 3996 1676 4055 dumille
1705 3998 1895 4067 abest,
1933 3996 2122 4054 locum
2144 3999 2332 4063 tenet,
2371 3999 2434 4051 et
2459 3994 2676 4046 δίκαιον

615 4199 656 4265 ι)
696 4198 850 4268 Apud
886 4199 1074 4267 Migne,
1112 4201 1255 4255 Patr.
1294 4217 1375 4270 gr.
1415 4204 1455 4255 t.
1496 4202 1616 4268 157,
1653 4218 1737 4270 pp.
1778 4203 2006 4257 79-80,

608 4276 656 4345 ²)
697 4277 756 4330 In
794 4277 877 4331 his
916 4279 1104 4333 eminet
1139 4280 1374 4334 Franc.
1413 4281 1687 4347 Junius,
1728 4282 1811 4351 qui
1850 4278 1915 4334 ad
1954 4280 2177 4335 Codin.
2217 4281 2316 4334 l.c.
2355 4280 2526 4349 inepte
2554 4280 2675 4333 scri-

428 4356 520 4424 bit,
561 4361 849 4424 παναγίαν
901 4374 1013 4412 esse
1063 4372 1238 4414 vocem
1290 4361 1564 4415 barbaram
1615 4377 1679 4413 ex
1727 4360 1915 4414 Latino
1952 4361 2124 4430 panis
2178 4365 2231 4414 et
2268 4360 2467 4414 Gracco
2504 4357 2676 4426 ιῗγιος,

432 4436 829 4506 significareque
869 4453 1068 4505 panem
1118 4456 1149 4493 a
1187 4441 1540 4495 sacerdotibus
1579 4444 1977 4507 consecratum·
2015 4442 2125 4509 ejus
2164 4456 2308 4513 usum
2347 4456 2378 4493 a
2416 4439 2581 4507 Gallis
2626 4440 2677 4513 in

434 4515 707 4571 Graeciam
730 4516 1082 4587 'importatum
1114 4534 1227 4573 esse
1267 4524 1365 4574 etc.
2245 4512 2249 4518 ’
2645 4540 2650 4544 ·
