3514 5391
810 506 879 559 26
1396 506 1555 561 Festa
1591 507 1798 562 mobilia
1834 512 1954 562 ante
1993 506 2465 577 Quadragesimam.

809 702 931 773 ἕκτῃ
999 707 1096 755 τοῦ
1157 701 1326 772 άγίου
1386 704 1879 773 μεγαλομάρτυρος

811 787 1146 853 Δημητρίου·
1200 783 1321 852 ἔχει
1375 782 1480 853 μὲν
1529 780 1562 850 ἦ
1620 783 1880 851 θειοτάτη

809 877 911 916 σου
959 864 1145 933 ψυχή,
1203 867 1295 916 καὶ
1342 864 1602 935 ἄμωμος,
1652 864 1877 934 άοίδιμε

810 943 1115 1016 Δημήτριε,
1193 944 1293 1012 τὴν
1354 944 1620 1017 οὐράνιον
1680 944 1876 1015 Ἰερου-

812 1024 990 1095 σαλὴμ
1031 1021 1453 1096 κατοικητήριον.
1540 1028 1651 1079 Καὶ
1697 1025 1877 1085 αὖθις·

810 1109 899 1164 Εἰς
944 1106 1011 1157 τά
1049 1105 1396 1178 υπερκόσμια
1443 1105 1772 1176 σκηνώματα
1815 1106 1876 1159 τό

808 1186 1028 1257 πνεῦμά
1050 1202 1167 1251 σου,
1191 1187 1466 1258 Δημήτριε
1481 1187 1695 1259 μάρτυς
1719 1191 1875 1259 σοφέ,

812 1267 1055 1338 Χριστός
1099 1267 1130 1320 o‘
1183 1268 1320 1328 Θεὸς
1368 1267 1678 1340 προσήκατο
1725 1268 1875 1321 άαώ-

803 1366 997 1415 αητον.
1093 1351 1203 1401 Καὶ
1258 1349 1524 1418 αλλαχοῦ·
1602 1352 1692 1416 Τῷ
1760 1353 1876 1403 6εῶ

804 1428 1163 1489 ἀδιαλείπτως
1234 1428 1653 1502 παριστάμενος.
1769 1434 1875 1482 Καὶ

805 1506 972 1563 πάλιν
1022 1509 1369 1581 τρανότερον·
1433 1514 1549 1563 Τοῦ
1598 1516 1875 1581 μακαρίου

804 1590 997 1658 ἔτυχες
1032 1592 1228 1651 τέλους,
1280 1589 1690 1661 παριστάμενος
1732 1598 1873 1661 Χρι-

805 1675 932 1736 στῷ·
1005 1671 1224 1731 ἐκτενῶς
1292 1673 1507 1726 ἱκέτευε.
1613 1676 1722 1724 Καὶ
1787 1671 1874 1725 αὖ·

808 1753 930 1804 Νῦν
983 1749 1281 1822 πρόσωπον
1336 1756 1586 1822 Χριστοῦ
1634 1757 1875 1824 καθορᾷς

806 1832 875 1884 σύ
933 1832 1070 1901 πρός
1124 1832 1449 1904 πρόσωπον,
1519 1832 1562 1886 ιδ
1618 1833 1871 1904 Κύριλλε·

808 1914 913 1967 τῶν
963 1912 1243 1984 ἐσόπτρων
1291 1913 1524 1982 ἀληθείᾳ
1573 1916 1870 1975 λυθέντων,

804 1991 1019 2060 ἦνιόθης
1056 2009 1158 2047 σου
1199 1997 1271 2062 τῷ
1306 1995 1479 2064 ἔρωτι.
1539 1998 1648 2048 Καὶ
1686 1996 1869 2049 πάλιν·

806 2073 1142 2144 Μνημόνευε
1182 2078 1269 2127 καὶ
1308 2074 1478 2145 ἡμῶν,
1531 2073 1717 2145 Πάτερ
1754 2082 1871 2128 Βα-

804 2156 985 2217 σίλειε,
1026 2155 1303 2226 παρεστώς
1328 2160 1390 2229 τῇ
1417 2156 1615 2228 Τριάδι
1641 2160 1704 2229 τῇ
1729 2155 1871 2226 ὁμο-

804 2239 991 2303 ουσίῳ.
1064 2235 1351 2304 ’Λλλαχοῦ
1387 2236 1462 2290 δὲ·
1513 2240 1622 2289 Καὶ
1672 2241 1778 2290 νῦν
1814 2237 1871 2290 ἐν

803 2314 1062 2385 οὐρανοῖς
1112 2322 1220 2371 τῶν
1257 2316 1537 2388 ἐσόπτρων
1572 2318 1868 2375 λυθέντων,

802 2394 1074 2460 Ἀντώνιε,
1125 2402 1379 2470 καθαρῶς
1415 2397 1728 2457 ἐποπτεύεις
1774 2397 1870 2464 τὴν

804 2476 974 2545 άγίαν
1028 2477 1270 2549 Τριάδα,
1328 2479 1687 2548 ἐντυγχάνων
1733 2478 1870 2549 άμέ-

756 2570 761 2575 *
805 2572 925 2618 σως.
1022 2557 1247 2611 Καὶ’ἐν
1303 2564 1417 2618 τοῖς
1471 2563 1572 2612 τοῦ
1619 2556 1872 2630 μεγάλου

808 2641 1100 2710 Γεωργίου,
1140 2644 1213 2708 πῆ
1247 2644 1354 2711 μέν
1386 2656 1538 2712 φησι·
1581 2643 1687 2693 Καὶ
1714 2639 1872 2705 ἐδέξω

803 2722 858 2773 ἐκ
912 2725 1057 2774 Θεοῦ
1115 2720 1214 2776 τόν
1264 2727 1354 2789 τῆς
1403 2725 1552 2790 νίκης
1600 2737 1702 2775 σου
1752 2724 1871 2773 στέ-

803 2815 1004 2870 φανον·
1042 2806 1120 2868 πῆ
1154 2801 1233 2855 δέ·
1270 2802 1704 2873 Συμβασιλεύεις
1729 2808 1870 2872 Χρι-

806 2887 916 2950 στῷ
931 2881 1305 2954 λαμπρότατα,
1327 2883 1623 2956 πορφύραν
1637 2884 1690 2948 ἐξ
1703 2884 1870 2952 αἳμα-

804 2982 893 3022 τος
929 2961 1302 3033 ἐνδυσάμενος
1349 2963 1615 3036 φαιδράν·
1661 2965 1751 3016 καὶ
1799 2967 1874 3032 τῷ

802 3042 1052 3114 σκήπτρῳ
1114 3048 1221 3096 τῶν
1271 3043 1465 3098 ἄθλων
1526 3057 1628 3098 σου
1680 3042 1871 3098 εὐκοσ-

800 3123 1111 3194 μούμενος,
1168 3127 1257 3175 καὶ
1294 3123 1550 3194 στεφάνῳ
1588 3128 1679 3191 τῆς
1711 3124 1873 3191 δόξης

801 3204 1117 3276 διαπρέπων
1154 3203 1495 3276 άπεράντους
1540 3208 1616 3264 εἰς
1653 3209 1866 3265 αἰῶνας.

804 3289 911 3338 Καὶ
950 3284 1215 3354 ἀλλαχοῦ·
1279 3284 1535 3356 Σήμερον
1584 3289 1685 3338 τοῦ
1725 3293 1867 3355 Χρι-

802 3370 939 3419 στοῦ
993 3365 1023 3418 ὁ
1074 3365 1289 3437 μάρτυς
1346 3365 1703 3437 θριαμβεύων
1772 3368 1869 3433 τήν

802 3446 1031 3513 πλάνην,
1070 3445 1476 3516 καταλαμβάνει
1514 3449 1580 3498 τά
1617 3445 1865 3515 οὐράνια·

800 3530 887 3578 καὶ
925 3527 983 3580 ἐν
1022 3526 1208 3597 θρόνῳ
1245 3526 1403 3594 δόξης
1446 3529 1520 3595 τῷ
1556 3531 1866 3597 καθημένῳ,

802 3613 1101 3680 προσφέρει
1165 3612 1254 3673 τῆς
1314 3612 1528 3678 σφαγῆς
1590 3607 1650 3660 τό
1710 3604 1865 3679 αἷμα.

804 3691 911 3741 Καὶ
948 3691 1020 3755 ἐν,
1043 3691 1201 3755 ἄλλῳ·
1241 3688 1295 3743 Ὁ
1331 3688 1579 3760 λαμπρός
1615 3690 1868 3759 άριστεύς

806 3769 1083 3840 Γειόργιος,
1123 3770 1181 3821 ἐν
1219 3773 1282 3842 τῇ
1310 3769 1511 3837 ἐνδόξῳ
1550 3765 1721 3823 αὐτοῦ
1756 3770 1865 3822 (ἔθ-

800 3849 950 3916 λήσει
1000 3851 1094 3909 τάς
1150 3850 1263 3903 ι’ἱνω
1313 3851 1581 3921 δυνάμεις
1636 3851 1867 3921 εὐφραί-

802 3949 939 3994 νων,
995 3933 1084 3982 καὶ
1122 3932 1227 3984 σῦν
1265 3930 1455 3990 αὐταῖς
1495 3930 1870 4001 ἀγαλλόμενος

800 4015 919 4065 νῦν.
996 4011 1089 4064 Ἐν
1125 4010 1183 4064 δὲ
1221 4016 1285 4083 τῇ
1310 4011 1468 4084 ἐνάτη
1497 4016 1596 4065 τοῦ
1618 4012 1868 4081 μεγάλου

802 4091 1058 4154 Παύλου,
1122 4091 1358 4144 Ἰουνίου
1423 4096 1635 4164 εἰκοστῇ
1689 4093 1848 4165 ἐνάτῃ

802 4177 924 4226 Νῦν
973 4172 1073 4224 οὐκ
1121 4173 1179 4224 ἐν
1216 4176 1576 4242 αἰνίγμασιν,
1633 4171 1759 4227 οὐδὲ
1812 4176 1869 4227 ἐν

799 4252 1044 4323 ἐσόπτρῳ
1064 4252 1291 4323 Χριστός
1304 4267 1391 4304 σοι
1408 4252 1548 4305 ὀπτά
1556 4272 1718 4307 νεται·
1733 4257 1869 4324 πρὸς

802 4336 1099 4404 πρόσωπον
1136 4334 1193 4387 δὲ
1223 4335 1436 4404 μᾶλλον
1474 4335 1667 4406 ὁρᾶται
1694 4336 1863 4406 πρόσ-

803 4436 968 4474 ωπον,
1010 4417 1220 4469 τελείαν
1257 4431 1345 4466 σοι
1384 4417 1483 4482 τήν
1519 4415 1689 4480 δόξαν
1726 4416 1865 4467 ‹im›-

1988 708 2042 758 et
2077 706 2423 760 immaculata
2436 746 2455 771 ,
2505 707 2748 775 hqloriose
2785 707 3055 771 Demetri,

1987 785 2266 841 coelestem
2305 801 2417 856 pro
2451 786 2787 840 habitatione
2819 784 3053 841 Jerusa-

1985 866 2107 920 lem.
2202 849 2273 921 Et
2330 867 2550 921 iterum:
2622 867 2690 921 In
2752 866 3054 922 alit-aman-

1985 947 2165 1003 danas
2187 946 2350 1002 sedes
2373 946 2774 1003 immaculatam
2798 948 3052 1017 spiritam

1986 1031 2136 1081 tuam
2150 1068 2168 1093 ,
2233 1029 2457 1098 sapiens
2512 1031 2731 1098 martyr
2782 1029 3053 1093 Demetri,

1992 1108 2245 1163 Christus
2279 1109 2438 1164 Deus
2489 1109 2708 1178 recepit.
2794 1108 2864 1163 Et
2897 1109 3049 1163 alibi:

1985 1190 2105 1243 Deo
2142 1189 2366 1244 assidue
2401 1190 2688 1245 assistens.
2749 1186 2820 1243 Et
2840 1205 3047 1245 rursus:

1985 1270 2344 1341 Manifestias
2392 1270 2745 1326 beatitudiuis
2785 1273 2955 1341 finem
2990 1287 3051 1325 es

1983 1353 2298 1406 consecutus
2335 1352 2555 1407 Christo
2591 1351 2861 1406 assistens
2874 1392 2890 1417 ,
2942 1354 3050 1406 toto

1983 1432 2146 1487 corde
2170 1432 2484 1502 deprecare.
2548 1432 2616 1486 Et
2639 1434 2853 1487 iterum:
2892 1432 3051 1487 Nunc

1983 1516 2041 1566 tn
2082 1513 2292 1568 Christi
2337 1513 2537 1569 vultam
2584 1513 2819 1569 intueris
2869 1513 2926 1567 in
2952 1512 3048 1583 fa-

1983 1592 2116 1648 ciem
2131 1635 2144 1661 ,
2224 1610 2256 1648 o
2314 1595 2519 1665 C'yrille
2533 1635 2549 1659 ,
2623 1594 2858 1664 speculis
2921 1609 3048 1647 aere

1983 1676 2300 1745 confractis,
2348 1678 2441 1729 tao
2484 1674 2665 1729 divino
2707 1674 2893 1728 amori
2911 1674 3046 1743 jan-

1982 1758 2100 1809 ctas
2152 1772 2228 1811 es.
2326 1755 2396 1810 Et
2450 1772 2654 1810 rursus:
2726 1754 3047 1811 Recordare

1980 1836 2178 1902 nostri,
2203 1839 2373 1906 pater
2410 1835 2649 1902 Basilie,
2697 1836 3045 1891 consubstan-

1980 1917 2107 1971 tiali
2127 1916 2387 1972 Trinitati
2407 1916 2692 1975 assistens.
2765 1916 2930 1973 Alibi:
2969 1916 3051 1971 Et

1980 2014 2120 2053 nunc
2166 1999 2222 2053 in
2260 1997 2454 2063 coelis,
2507 1994 2743 2067 speculis
2777 1996 3046 2067 effractis,

1915 2109 1920 2115 -
1982 2080 2211 2146 Antoni,
2265 2079 2480 2133 sincere
2526 2082 2772 2133 sanctam
2822 2076 3047 2147 inspicis

1985 2158 2303 2214 stinitatem
2348 2160 2488 2215 citra
2525 2158 2760 2214 medium
2797 2173 3044 2228 conpres-

1978 2257 2092 2295 sus.
2173 2240 2244 2294 Et
2292 2240 2355 2294 de
2403 2256 2590 2308 magno
2641 2238 2865 2308 Georgio
2927 2254 3043 2308 par-

1979 2321 2073 2375 tim
2106 2321 2292 2391 inquit:
2337 2320 2602 2375 Victoriae
2637 2323 2765 2374 tuae
2790 2334 3042 2374 coronam

1978 2401 2250 2472 recepisti,
2269 2401 2459 2471 partim
2479 2416 2625 2455 vero:
2668 2400 2796 2454 Cum
2827 2399 3044 2454 Christo

1978 2499 2183 2553 reynas
2217 2481 2659 2552 splendidissima
2685 2497 2756 2535 ex
2779 2480 3047 2549 sanquine

1966 2580 2225 2634 purpura
2251 2562 2493 2628 indutas,
2517 2565 2571 2616 et
2593 2565 2804 2632 sceptro
2822 2564 3043 2615 ‘tuorum

1980 2644 2334 2700 certaminum
2354 2647 2604 2708 ornatus,
2636 2646 2690 2697 et
2711 2657 2910 2697 corona
2931 2642 3043 2713 qlo-

1979 2726 2103 2780 riae
2131 2724 2447 2795 conspicuas
2483 2723 2539 2778 in
2566 2724 2780 2795 infinita
2806 2723 3045 2777 saecula.

1979 2807 2050 2860 Et,
2085 2807 2234 2861 alibi:
2287 2806 2467 2860 Hodie
2516 2808 2734 2874 martyr
2781 2803 2850 2858 de
2880 2819 3044 2873 pere-

1975 2889 2290 2957 qrinatione
2325 2885 2670 2955 triumphans
2694 2883 2769 2937 ad
2791 2883 3044 2939 coelestia

1966 2968 2251 3038 pervenit,
2298 2970 2351 3021 et
2385 2967 2442 3020 in
2475 2963 2693 3035 qloriae
2728 2964 2924 3018 throno
2959 2981 3043 3018 se-

1978 3049 2130 3103 denti
2163 3050 2330 3120 offert
2362 3045 2681 3118 sanquinem
2719 3045 2919 3100 caedis.
2976 3044 3046 3099 Et

1979 3131 2030 3183 in
2068 3131 2198 3184 alio:
2239 3128 2484 3199 Insignis
2521 3132 2575 3182 et
2595 3131 2858 3184 strennus
2878 3127 3042 3180 Geor-

1972 3211 2100 3280 9ias
2137 3210 2192 3265 in
2229 3225 2328 3263 suo
2361 3209 2602 3279 ¹qlorioso
2628 3206 2929 3263 certamine
2953 3222 3042 3260 sn-

1964 3307 2180 3361 pernas
2187 3293 2491 3360 potestates
2508 3289 2815 3359 laetificans
2833 3289 2886 3341 et
2902 3302 3044 3341 nnnc

1975 3388 2083 3425 nna
2122 3387 2238 3425 cam
2278 3370 2414 3440 ipsis
2450 3370 2722 3424 exultans.
2796 3367 2854 3421 In
2890 3381 3040 3432 nona,

1976 3453 2036 3504 de
2052 3468 2237 3520 magno
2258 3451 2434 3516 Panic,
2460 3450 2492 3506 J
2494 3450 2599 3504 unii
2617 3450 2864 3503 vicesima
2880 3464 3039 3502 nona:

1975 3533 2133 3586 Nunc
2177 3549 2282 3587 non
2321 3532 2378 3586 in
2416 3532 2724 3601 aeniqmate
2774 3545 2947 3598 neque
2983 3529 3040 3582 in

1974 3612 2187 3682 speculo
2228 3612 2482 3666 Christus
2519 3627 2551 3664 a
2591 3614 2643 3664 te
2679 3609 3005 3680 conspicitur
3021 3626 3041 3670 ,-

1976 3693 2081 3747 imo
2119 3693 2172 3746 in
2203 3692 2410 3763 faciem
2433 3692 2619 3762 facies
2642 3690 2926 3760 aspicitur,
2961 3690 3039 3743 in·

1976 3776 2185 3842 teqram
2224 3772 2325 3825 tibi
2357 3770 2660 3825 divinitatis
2677 3769 2914 3839 qloriam
2952 3768 3040 3823 de-

1975 3857 2176 3922 teqens.
2251 3852 2320 3905 Et
2369 3852 2418 3905 in
2470 3852 2613 3904 aliis:
2665 3850 2782 3905 Pro
2823 3850 3041 3904 Christo

1963 3932 2157 4002 passi,
2222 3950 2252 3987 o
2310 3932 2682 3986 decertatores
2742 3934 3040 4000 martyres,

1976 4013 2191 4068 animas
2226 4013 2282 4066 in
2321 4013 2495 4067 coelos
2530 4011 2745 4065 habetis
2780 4011 2836 4064 in
2873 4026 3038 4064 manu

1977 4095 2100 4149 Dei.
2174 4094 2244 4148 Et
2267 4109 2472 4147 rursus:
2519 4091 2637 4156 Tui,
2678 4090 2913 4157 Christe,
2950 4107 3037 4144 sa-

1977 4176 2222 4230 cerdotes
2257 4172 2485 4243 justitia
2546 4171 2727 4226 induti
2779 4171 2958 4225 sancti
3004 4188 3037 4223 a

1976 4255 2191 4309 saeculo
2254 4252 2498 4321 pandent
2513 4293 2528 4316 ,
2590 4251 2824 4305 divinam
2889 4254 3039 4304 tuam

1963 4333 2424 4404 pulchritudinem
2489 4331 2697 4385 clarius
2750 4330 3038 4384 intuentes.

1975 4415 2042 4469 Et
2081 4415 2128 4468 in
2156 4414 2298 4468 aliis:
2338 4413 2496 4466 Nanc-
2513 4427 2616 4466 non
2638 4411 2692 4464 in
2714 4411 3039 4480 aeniqmate‚
