3514 5391
803 508 872 559 90
1450 507 1607 560 Festa
1645 508 1851 562 mobilia
1890 509 1939 561 in
1980 507 2400 577 Quadragesima.

1623 620 1913 627 ff*ff<-.—.*—-
2008 621 2045 625 --
2224 621 2323 625 ffl—
2642 621 2807 626 ----,-
2864 621 2895 625 0⁴
2916 621 2971 625 --

804 705 962 773 casas
998 705 1092 759 Ιιέΐ
1128 707 1272 776 cepe,
1310 706 1364 763 h.
1406 722 1474 775 e.,
1501 705 1640 776 finis
1675 704 2029 759 hebdomadis
2066 708 2157 771 τῆς
2192 710 2426 775 τυρινῆς.
2501 706 2585 763 Et
2624 705 2686 762 id
2724 710 2889 763 recte
2928 704 3052 776 qui·

797 785 947 842 dem.
1023 786 1267 857 Verum,
1320 787 1472 858 quod
1510 786 1797 844 hesterna
1832 785 2183 855 Dominica,
2237 803 2388 859 quae
2427 787 2583 844 hanc
2619 786 3047 844 hebdomadem

797 865 1031 931 clausit,
1070 867 1289 925 ibidem
1327 867 1654 939 hungarice
1693 872 1941 924 vocetur
1976 867 2278 938 esirhaqyo
2304 869 2599 937 oasdrnap,
2637 866 2922 921 Dominica
2958 866 3047 919 ab·

793 947 1017 1002 lationis
1039 949 1328 1019 pinquium
1368 947 1493 1006 sive
1533 948 1746 1018 adimas,
1804 954 1868 1005 et
1904 963 2017 1005 non
2057 948 2325 1019 mjhaqyo
2362 948 2670 1017 nascit-nup,
2722 947 2784 1004 id
2822 946 3045 1019 duplici

793 1028 867 1085 de
907 1044 1089 1087 causa
1124 1029 1368 1102 probari
1422 1045 1535 1086 non
1586 1045 1759 1101 posse
1813 1028 2071 1086 videtur.
2147 1026 2230 1085 Et
2267 1028 2458 1100 primo
2496 1027 2749 1100 quidem,
2801 1026 2940 1099 quia
2980 1025 3040 1082 id

790 1107 1090 1181 proprium
1130 1113 1220 1166 est
1258 1109 1403 1168 ritui
1441 1126 1683 1181 graeco,
1735 1114 1803 1166 ut
1839 1109 2163 1168 hebdomas
2203 1126 2240 1166 a
2276 1108 2597 1167 Dominica
2651 1108 2915 1180 proxime
2954 1124 3044 1165 se-

790 1189 1009 1261 quenti,
1060 1195 1344 1262 tanquam
1386 1207 1423 1247 a
1460 1190 1714 1248 termino
1754 1206 1887 1261 suo,
1946 1207 2155 1248 nomen
2201 1191 2447 1248 habeat.
2522 1189 2730 1261 Unde,
2789 1189 2945 1247 sicut
2981 1188 3041 1245 in

790 1269 1069 1341 originali
1105 1269 1374 1339 ἑβδομάδι
1412 1274 1604 1342 τυρινῇ
1660 1270 2124 1344 appellationem
2179 1270 2347 1329 dedit
2399 1287 2650 1343 sequens
2686 1268 2913 1340 κυριακὴ
2953 1273 3042 1334 τῆς

788 1348 1206 1419 &uomodo-eme,
1262 1357 1325 1409 et
1363 1351 1423 1409 in
1460 1351 1835 1410 versionibus
1875 1351 2236 1409 authenticis
2287 1350 2443 1425 apud
2481 1349 2754 1410 Slavos
2801 1351 3038 1405 sedmica

785 1432 1020 1499 syr-nasa
1058 1438 1432 1504 nuncupatur
1470 1448 1506 1489 a
1544 1432 1789 1505 propria
1831 1448 1937 1489 sua
1962 1431 2298 1498 Dominica‚
2339 1448 2492 1504 quae
2518 1431 2737 1502 nedblja
2761 1436 3037 1502 syropust-

785 1512 919 1580 naja
959 1518 1068 1582 est,
1108 1517 1171 1569 et
1209 1513 1366 1584 apud
1403 1512 1779 1571 Rumenos
1819 1512 2101 1571 similiter
2135 1514 2469 1583 septeman'a
2495 1511 2751 1566 brandiei
2785 1527 2823 1569 a
2850 1511 3034 1566 Domi-

783 1592 933 1646 nec'a
971 1593 1238 1646 lasatului
1271 1593 1339 1647 de
1365 1593 1600 1647 brandia
1618 1610 1637 1646 .·
1675 1593 1765 1651 ita
1792 1599 1855 1651 et
1879 1593 2226 1666 hungariae,
2255 1610 2327 1651 ex
2355 1593 2623 1666 eJ’usdem
2649 1593 2802 1649 ritus
2828 1591 3035 1663 graeci

784 1670 1001 1744 indole,
1039 1672 1358 1731 Dominica
1394 1673 1523 1744 illa,
1562 1689 1598 1730 a
1636 1690 1751 1746 qua
1791 1675 1951 1743 eujus
1986 1674 2081 1728 het
2115 1690 2325 1731 nomen
2350 1673 2599 1743 invenit,
2638 1671 2908 1742 vajhaqyd
2946 1689 3033 1726 oa-

782 1753 992 1824 sat-nup
1032 1753 1150 1812 dici
1189 1755 1386 1813 debet.
1429 1786 1491 1793 —
1532 1755 1794 1813 Accedit.
1833 1773 1917 1829 ee,
1957 1755 2109 1828 quod
2147 1771 2317 1813 secus
2345 1755 2558 1812 merito
2584 1752 2909 1812 timendum
2935 1753 3031 1820 sit,

784 1850 873 1900 ne,
925 1836 1214 1893 vocabulo
1251 1836 1553 1906 ssirlzaqyo
1590 1837 1868 1906 casdrnap
1916 1851 2235 1909 perperam
2288 1841 2564 1907 accepto,
2622 1832 2873 1905 insignis
2924 1833 3029 1891 ille

783 1916 904 1984 περὶ
945 1917 1033 1981 τῆς
1069 1914 1461 1987 α’ποτυρώσεως
1495 1914 1679 1969 κανών
1728 1916 2027 1974 ecclesiae
2076 1915 2390 1974 orientalis
2445 1916 2628 1974 aliter
2664 1913 2897 1971 omnino
2945 1914 3028 1971 iu·

781 1994 1112 2068 telligatur,
1152 2012 1223 2054 ac
1260 1997 1594 2069 propositus
1636 1997 1696 2054 in
1731 1995 2062 2069 exemplari
2098 2013 2316 2068 graeco
2343 2002 2453 2054 est.
2513 1995 2705 2069 Quum
2733 1994 2888 2051 enim
2917 2009 3029 2052 vox

779 2076 902 2130 ssit-
937 2076 1284 2136 indistincte
1323 2094 1490 2135 omne
1528 2094 1714 2150 genus
1753 2077 1935 2147 adipis
1972 2093 2077 2135 seu
2102 2077 2411 2147 pinguium,
2450 2076 2660 2148 quibus
2701 2074 3026 2147 adipantnr

780 2154 916 2226 cibi,
965 2173 1266 2229 peraeque
1318 2157 1643 2230 significet,
1694 2164 1906 2215 nomen
1957 2158 2338 2231 compositum
2391 2155 2691 2226 esirleaqyd
2728 2155 3028 2224 vasdrnap,

781 2237 1068 2292 Dominica
1105 2239 1332 2294 tollendi
1365 2240 1578 2310 adipi-9,
1633 2239 1889 2314 simplici
1939 2240 2243 2312 bonaeque
2296 2238 2437 2296 fidei
2486 2237 2706 2296 homini
2745 2236 3024 2305 insinuat,

783 2331 894 2387 per
931 2316 1361 2376 hebdomadam
1399 2318 1640 2390 τυρινήν,
1680 2336 1831 2392 quae
1868 2320 1984 2378 hac
2009 2320 2295 2374 Dominica
2331 2319 2624 2373 ablationis
2647 2318 2867 2387 adipum
2904 2325 3023 2374 ter·

783 2395 1058 2468 minatur,
1097 2415 1261 2457 usum
1293 2399 1487 2473 adipis
1512 2401 1736 2467 bubuli,
1776 2400 1956 2471 suilli,
1995 2400 2180 2472 ovilli,
2218 2399 2479 2458 anserini
2509 2399 2871 2469 aliorumque
2900 2396 3022 2454 ani-

781 2478 1020 2535 malium
1059 2496 1191 2537 esse
1231 2496 1594 2551 concessum,
1647 2482 1801 2553 quod
1838 2487 2035 2547 tamen
2077 2480 2330 2553 genuino
2369 2480 2569 2537 sensui
2607 2494 2891 2537 canonum
2928 2494 3019 2534 re·
3065 2539 3071 2547 ,

776 2564 1017 2628 pugnat.
1080 2558 1182 2616 Ad
1219 2561 1698 2633 praecavendum
1739 2578 2003 2619 errorem
2031 2562 2216 2633 igitur
2239 2560 2586 2619 retinendus
2614 2563 2707 2617 est
2731 2557 3039 2616 terminus

771 2636 1082 2709 originalis
1134 2643 1225 2707 τῆς
1273 2638 1664 2712 ἄποτυρώσεως
1720 2645 1897 2715 atque
1950 2642 2027 2700 ad
2079 2642 2319 2699 literam
2372 2641 2696 2700 vertendus
2747 2637 3015 2708 cajhaqyo

767 2720 1061 2790 rastirnap,
1099 2720 1299 2793 sicque
1329 2738 1400 2779 ex
1426 2722 1552 2795 ipso
1579 2739 1687 2780 usu
1715 2722 1997 2794 liturgico
2036 2738 2235 2779 omnes
2261 2727 2428 2779 recte
2456 2721 3013 2793 interpretabuntur

767 2798 1106 2855 Dominicam
1145 2802 1438 2857 ablationis
1474 2804 1640 2868 casei,
1692 2803 1878 2874 butyri
1926 2802 2290 2875 aliorumque
2341 2801 2802 2870 lacticiniorum,
2859 2815 3009 2871 quae

765 2879 909 2946 sola,
961 2881 1210 2939 seclusis
1248 2883 1522 2955 adipibus
1562 2884 1779 2955 coctiS,
1830 2900 1938 2956 per
1978 2883 2225 2942 eandem
2262 2883 2418 2940 hanc
2454 2880 2879 2941 hebdomadem
2920 2882 3009 2943 τῆς

765 2958 1087 3029 τυροφιὲγου
1128 2961 1416 3020 adhibere
1455 2964 1616 3022 licet.

940 3039 998 3098 N
1001 3057 1070 3098 ec
1097 3041 1287 3100 minus
1315 3044 1638 3116 improbari
1665 3045 1834 3103 nobis
1862 3045 2046 3103 aliam
2075 3045 2405 3103 versionem
2433 3045 2794 3118 profitemur,
2833 3058 3005 3114 quam

763 3120 1027 3178 tabellae
1065 3119 1350 3180 festorum
1393 3125 1690 3182 mobilium
1746 3125 2042 3182 ecclesiae
2081 3125 2395 3183 orientalis
2447 3124 2666 3183 ibidem
2717 3125 3005 3181 insertam

761 3200 1089 3271 reperimus
1110 3200 1171 3272 ¹),
1213 3203 1484 3261 nimirum
1510 3209 1763 3275 κυριακῆς
1788 3208 1887 3257 τοῦ
1914 3204 2132 3258 ἀσώτου
2160 3207 2222 3264 in
2246 3206 2507 3260 betcened
2529 3206 2824 3273 nascit-nup,
2860 3202 2914 3259 h.
2936 3218 3005 3267 e.,

761 3279 977 3335 Domita.
1015 3282 1478 3353 Septuaqesimae.
1534 3284 1800 3343 Praeter
1825 3287 1980 3344 enim
2008 3304 2179 3359 quam
2216 3288 2367 3359 quod
2392 3286 2532 3345 idea
2562 3284 3006 3356 Septuayesimae

758 3358 1110 3420 Latinorum
1150 3364 1382 3422 omnino
1420 3366 1621 3424 aliena
1646 3368 1727 3424 sit
1755 3368 1832 3423 ab
1861 3383 2013 3425 anno
2041 3367 2453 3428 ecclesiastico
2480 3365 2790 3425 orientalis
2817 3362 3002 3422 eccle-

759 3439 885 3498 siae
926 3441 1096 3515 eique
1135 3444 1314 3502 illata
1353 3461 1464 3503 nou
1502 3446 1618 3504 nisi
1659 3445 2059 3508 confusionem
2097 3447 2323 3519 pariat,
2375 3465 2485 3521 per
2521 3444 2809 3519 ejusmodi
2857 3442 3000 3500 mix-

759 3528 955 3579 turam
995 3524 1418 3583 elementorum
1459 3525 1781 3585 latinorum
1823 3534 1885 3585 et
1920 3543 2271 3599 graecorum
2301 3527 2543 3601 peccari
2568 3525 2736 3584 nobis
2762 3523 3002 3582 videtur

759 3608 967 3661 contra
1006 3621 1206 3662 omnes
1234 3605 1372 3663 illas
1391 3606 1548 3678 ¹iuris
1572 3608 2097 3681 praescriptioneS,
2136 3609 2344 3681 quibus
2371 3609 2675 3679 utriusque
2703 3603 2999 3663 ecclesiae

757 3682 908 3740 ritus
948 3684 1008 3742 in
1045 3685 1303 3757 pristina
1339 3703 1448 3745 sua
1484 3689 1749 3760 puritate
1789 3694 1965 3761 atque
2004 3689 2357 3762 integritate
2396 3694 2595 3747 sartus
2642 3701 2876 3758 semper
2913 3691 2999 3742 te-

758 3767 1001 3836 ctusque
1040 3766 1272 3824 servari
1302 3766 1551 3839 jubetur
1567 3767 1629 3839 ²).
1706 3767 1772 3827 Si
1812 3786 1953 3841 ergo
1992 3771 2393 3829 necessarium
2432 3769 2636 3840 fuerit,
2673 3767 2734 3824 in
2768 3765 2997 3824 Kalen-

757 3843 944 3902 dariis
974 3845 1250 3904 civilibus
1278 3848 1445 3906 mixti
1469 3849 1609 3921 styli
1634 3867 1849 3907 aunum
1882 3851 2355 3909 ecclesiasticum
2382 3851 2752 3915 orientalem,
2792 3848 2996 3919 lingua

759 3924 993 3996 vulgari
1034 3926 1322 3994 adhibita,
1361 3930 1563 4002 populi
1592 3931 2002 3988 consuetudini
2035 3933 2297 3999 tradere,
2337 3938 2527 4003 erunt,
2566 3933 2868 3992 sententia
2896 3953 2994 3993 no-

756 4009 902 4075 stra,
943 4007 1377 4078 appellationes
1415 4009 1720 4080 festorum,
1761 4018 2041 4082 quantum
2082 4012 2213 4071 fieri
2245 4013 2483 4086 poterit,
2524 4013 2600 4070 ad
2637 4019 2879 4075 verbum
2920 4035 2992 4077 ex

756 4083 1035 4156 originali
1071 4089 1507 4161 exprimendae,
1549 4096 1726 4161 atque
1754 4091 1893 4148 inde
1921 4099 2174 4165 quatuor
2197 4094 2429 4166 priores
2454 4092 2805 4156 Dominicae
2824 4097 2993 4156 Trio·

756 4164 856 4235 dii,
884 4182 1034 4237 quae
1058 4165 1587 4241 Quadragesimam
1614 4173 1994 4243 antecedunt,
2024 4174 2135 4231 hac
2156 4173 2342 4232 ferme
2365 4174 2598 4233 ratione
2621 4177 2989 4239 efferendae:

938 4382 954 4412 1

932 4393 977 4530 ’ζ
1015 4383 1372 4530 gzgfdgunt,
1412 4482 1541 4534 quae
1581 4482 1644 4521 ex
1675 4469 1792 4538 jure
1832 4470 2151 4524 enotavimus
2192 4476 2311 4526 tom.
2356 4474 2401 4532 l,
2439 4487 2521 4542 pp.
2561 4475 2789 4529 30-31.
