3514 5391
840 549 946 604 726
1790 547 2125 616 Appendices.

844 754 1130 818 firmetur,
1171 751 1462 810 consistat
1498 749 1658 807 inter
1694 749 1925 808 fratres
1965 750 2190 808 caritas
2229 755 2292 808 et
2331 749 2666 821 concordia,
2703 750 2951 825 populus
2991 768 3089 808 ca·

846 833 1105 892 tholicae
1143 830 1530 907 professionis
1570 835 1632 888 et
1666 829 1916 903 pietatis
1954 828 2171 888 officiis
2209 828 2475 889 fideliter
2511 830 2844 888 inhaereat.

1024 913 1405 988 Quapropter
1452 915 1586 983 post
1625 915 1795 968 actas
1834 908 2100 969 Coelesti
2137 910 2462 970 Pastorum
2516 910 2787 984 Principi
2834 912 3087 983 gratiaS,

765 994 773 1002 '
845 996 944 1067 qui
964 994 1150 1054 Vobis
1189 1011 1292 1052 suo
1318 991 1620 1067 praesidio
1661 989 1874 1063 adfuit,
1912 997 1981 1049 ut
2008 992 2299 1050 communi
2336 992 2487 1050 bono
2514 992 2714 1065 gregis
2739 991 2930 1050 vestri
2956 1009 3088 1049 con·

847 1075 1158 1145 suleretis‚
1210 1071 1514 1132 Pontificii
1554 1072 1741 1129 nostri
1781 1071 2044 1130 muneris
2082 1088 2214 1130 esse
2254 1071 2548 1144 ducimuS,
2599 1072 2786 1130 Vobis
2837 1071 3084 1130 effusam

847 1154 1237 1226 meritamque
1277 1154 1543 1212 tribuere
1569 1152 1807 1210 laudem
1837 1168 1942 1225 pro
1969 1152 2043 1211 iis
2082 1169 2232 1226 quae
2259 1153 2540 1225 religioso
2567 1154 2763 1211 studio
2795 1153 3088 1226 gessistis¹

849 1242 911 1294 et
945 1235 1330 1293 vehementer
1365 1234 1688 1302 hortamur,
1740 1238 1808 1291 ut
1845 1233 1905 1290 in
1944 1237 2149 1291 sancto
2185 1234 2486 1307 proposito
2522 1233 2778 1292 firmiter
2812 1251 3089 1308 perseve-

848 1323 1054 1375 rantes
1091 1315 1214 1373 Dei
1253 1319 1315 1372 et
1351 1313 1669 1372 Ecclesiae
1709 1329 1927 1371 causae
1968 1317 2208 1371 strenue
2250 1312 2635 1372 adlaboretis.

1025 1396 1099 1455 Id
1138 1411 1312 1471 porro
1351 1400 1695 1468 spectantes
1732 1393 1953 1451 merita
1989 1399 2198 1452 vestra
2235 1394 2390 1468 apud
2427 1394 2623 1453 Deum
2662 1396 2978 1468 augebitis,
3027 1403 3090 1455 et

849 1480 1032 1537 totius
1070 1476 1348 1536 Nationis
1384 1475 1733 1546 Ruthenae,
1787 1474 1977 1533 Nobis
2017 1475 2659 1547 commendatissimas,
2715 1493 2920 1535 veram
2961 1494 3090 1551 pro·

850 1559 1200 1633 speritatem
1236 1555 1676 1632 promovebitis.

1027 1640 1411 1712 Largitorem
1447 1638 1733 1695 bonorum
1773 1636 2024 1696 omnium
2064 1636 2260 1712 Deum
2300 1635 2371 1695 O.
2409 1637 2484 1709 M.
2539 1654 2611 1695 ex
2664 1636 2840 1695 corde
2879 1637 3090 1712 adpre·

851 1737 1071 1792 camur,
1107 1725 1175 1779 ut
1210 1718 1364 1778 votis
1405 1735 1442 1775 a
1478 1717 1682 1777 Vobis·
1702 1707 2005 1791 expressis
2043 1704 2300 1791 benig'ne
2337 1725 2566 1777 annuat
2613 1723 2676 1776 et
2713 1717 3088 1811 imploratam

854 1802 1261 1875 Apostolicam
1299 1798 1791 1858 Benedictionem
1830 1797 2036 1870 Vobis,
2073 1797 2226 1859 Ven.
2263 1797 2538 1870 Fratres
2578 1805 2642 1856 et
2677 1798 2957 1857 universo
2995 1818 3092 1872 po-

850 1885 987 1957 pulo
1025 1883 1302 1943 Eutherio
1338 1887 1724 1955 peramanter
1761 1879 2146 1953 impertimus.

1028 1965 1255 2022 Datum
1282 1962 1511 2034 Romae
1552 1961 1709 2036 apud
1734 1958 1797 2019 S.
1822 1959 2071 2028 Petrum
2111 1961 2207 2020 die
2232 1959 2307 2030 20
2325 1960 2470 2080 Maii
2493 1959 2674 2020 Anno
2701 1961 2857 2029 1895,
2887 1961 3092 2021 Ponti·

853 2046 1066 2105 ficatus
1102 2043 1312 2103 Nostri
1336 2059 1503 2101 anno
1524 2039 1768 2103 XVIII
1789 2040 1848 2112 ¹)-

1543 2250 1599 2298 2.
1632 2233 2008 2310 Catalogus
2023 2227 2399 2296 ‘festor-uin.

1470 2368 1543 2435 Ι.
1622 2367 1892 2432 Festa
1950 2359 2448 2433 immobilia.

854 2517 1205 2601 Septembii
1245 2515 1343 2580 die
1439 2514 1497 2579 8.
1569 2512 1878 2596 Nativitas
1927 2477 1998 2610 Β.
2055 2480 2125 2577 V.
2176 2511 2433 2577 Mariae.

1267 2665 1292 2690 „
1396 2612 1495 2678 14.
1533 2589 1873 2676 Exultatio
1921 2605 1971 2675 8.
1981 2599 2256 2675 Crucis.
2455 2611 2474 2630 ⁶

1258 2764 1291 2809 ,⁷⁷
1389 2713 1534 2776 26.
1565 2710 1926 2776 Metastasis
1941 2730 2002 2775 8.·
2023 2709 2283 2776 ,Ioannis
2304 2709 2741 2827 Evangelistzie
2773 2711 3083 2813 (transfer.

1406 2816 1413 2825 ’
1564 2809 1628 2874 in
1676 2808 2118 2904 Dominicam).

858 2929 1107 2995 Octobri
1227 2928 1326 2992 die
1437 2928 1492 2990 1.
1540 2890 1891 3019 Protectio
1940 2925 2013 2989 B.
2063 2923 2139 2991 V.
2189 2924 2276 2989 M.
2329 2924 2645 3009 (transfer.
2695 2924 2757 2990 in
2809 2925 3020 3005 Dom.)

1268 3078 1293 3103 „
1393 3025 1498 3090 26.
1572 3023 1833 3088 Festum
1882 3044 1929 3088 8.
1988 3023 2285 3089 Demetrii
2329 3024 2647 3108 martyris.

1268 3176 1293 3201 „
1391 3124 1497 3189 31.
1569 3121 1833 3187 Festum
1902 3141 1950 3186 8.
2016 3112 2344 3273 Josaphati
2407 3121 2698 3221 martyris
2775 3120 3085 3204 (transfer.

1159 3301 1169 3315 .
1534 3222 1650 3285 :in
1684 3220 1918 3311 Dom.).
2207 3242 2216 3259 ·
2859 3253 2863 3257 -

858 3339 1200 3416 Novembri
1230 3340 1479 3421 ‘dies-8
1487 3381 1505 3404 .·
1538 3404 1541 3409 ,
1569 3337 1833 3402 'Festum'
1881 3356 1930 3402 8.
1979 3266 2324 3421 Michaelis
2355 3326 2766 3422 Archangeli.
2965 3342 2996 3401 ’.

1075 3462 1122 3483 .·
1245 3428 1295 3514 '‚‚
1396 3424 1997 3515 21..‘Praesentatio
2031 3434 2131 3500 ·.B·
2167 3430 2254 3513 V
2296 3424 2840 3498 M.
2935 3434 2942 3443 “

864 3540 1343 3613 Ι)888ω1)ι·ἰ··”ἁίθ
1390 3545 1495 3608 ··6.
1568 3543 1831 3608 Festum
1873 3562 1958 3611 8.·
1953 3539 2240 3611 ·NicoTai.
2559 3560 2564 3567 ·

1196 3702 1205 3711 .
1271 3695 1327 3721 „,
1440 3644 1500 3707 9.
1568 3640 1978 3722 Immaculata
2025 3638 2362 3733 Conceptio
2410 3581 2482 3705 Β
2526 3640 2629 3709 V:
2659 3640 2762 3725 Μ.

1148 3746 1152 3755 ’
1270 3794 1296 3819 „
1396 3740 1499 3806 25.
1573 3726 1882 3825 Nativitas
1931 3738 2006 3804 D
2013 3737 2137 3821 N.
2167 3739 2248 3825 J.
2299 3737 2411 3805 Ch.
2571 3746 2576 3753 '
2665 3732 2688 3754 ''

1005 3893 1075 3919 ῃ,
1255 3865 1298 3917 1„
1398 3840 1500 3913 26.
1574 3821 1833 3904 Festum
1881 3826 2168 3922 Synaxis·
2189 3814 2272 3904 Β
2322 3837 2411 3903 Μ.
2463 3836 2565 3901 Ψ
2587 3805 2652 3905 et
2691 3798 3026 3921 josephi?-

1002 3968 1053 4021 η·
1095 3981 1099 3985 -
1267 3990 1302 4013 ,,
1362 3939 1503 4003 ’27.
1577 3937 1840 4001 Festum
1886 3958 1935 4002 8.
1987 3936 2286 4020 Stephani
2333 3910 2741 4033 Protomar't.

864 4056 1158 4139 Januario
1249 4055 1348 4121 die
1444 4054 1501 4120 1.
1575 4042 1977 4118 Circumcisio
2023 4055 2088 4116 et
2135 4071 2183 4118 s,
2235 4050 2446 4116 Basilii
2493 4051 2582 4117 M.
2607 4066 2612 4075 ·

856 4140 860 4147 ’
960 4156 964 4161 ’
1267 4204 1302 4228 ,.
1444 4151 1504 4217 6
1576 4130 1999 4235 Theophanis.
2069 4184 2077 4195 ·
2781 4192 2799 4211 .

1267 4304 1301 4328 .‚
1397 4250 1501 4317 30
1574 4250 1834 4315 Festum
1903 4269 1984 4315 88.
2041 4218 2281 4325 Basilii
2364 4232 2655 4334 Gregorii
2722 4254 2784 4312 et
2843 4204 3087 4313 Joannis

1574 4346 1933 4437 Chrysost.

1045 4510 1090 4573 ι)
1128 4510 1265 4565 Edit.
1306 4511 1392 4565 cit.
1432 4474 1516 4582 pp.
1554 4507 1739 4564 XLIX.
