3514 5391
967 542 1329 599 Kalendarium
1368 543 1762 601 christianorum
1800 564 1840 601 3.
1880 541 2122 601 Thomas.
2553 546 2659 602 653

401 748 653 816 rogant,
719 760 796 802 an
833 744 973 801 illas
1010 743 1224 802 literas
1274 742 1518 802 nosset?
1589 742 1942 816 Respondit,
1989 743 2202 802 literas
2242 761 2373 804 esse
2408 746 2657 819 priscas,

401 822 619 893 quibus
679 824 916 896 antiqui
969 823 1268 897 sapientes
1323 823 1676 894 utebantur;
1749 823 2117 897 negligentia
2167 840 2308 883 vero
2363 825 2655 884 hominum

398 899 636 961 factum
690 918 854 975 esse,
906 910 973 961 ut
1013 920 1215 961 earnm
1269 902 1525 975 cognitio
1577 902 1887 973 interiret;
1945 903 2085 975 quin
2142 903 2322 962 etiam
2374 906 2656 978 linguam,

398 998 518 1052 qua
560 992 748 1042 erant
787 984 1156 1057 descriptae,
1214 1000 1250 1041 a
1286 983 1492 1057 paucis
1545 983 1857 1041 admodum
1895 983 2106 1041 teneri.
2183 983 2523 1043 Admonent
2565 986 2655 1043 illi

395 1059 876 1135 Brachmanam,
931 1070 999 1121 ut
1036 1064 1096 1122 in
1136 1064 1330 1121 altare
1371 1063 1671 1122 ascendat.
1760 1062 2020 1121 Restitit
2070 1063 2189 1128 ille,
2249 1071 2312 1122 et
2360 1063 2653 1123 nefarium

393 1138 642 1201 facinus
685 1161 818 1203 esse
858 1144 1027 1210 dixit,
1067 1145 1280 1214 altare,
1321 1143 1379 1200 in
1417 1160 1527 1215 quo
1566 1160 1666 1201 res
1706 1144 1912 1201 divina
1956 1144 2147 1213 fieret,
2187 1144 2456 1202 humanis
2495 1146 2655 1218 pedi·

395 1221 508 1279 bus
551 1225 921 1283 conculcari.
1013 1224 1247 1283 Invitus
1299 1230 1492 1282 tamen
1545 1224 1756 1294 subiit,
1816 1229 1877 1282 et
1920 1224 2133 1282 literas
2179 1226 2462 1298 perlegit,
2519 1243 2655 1299 qna-

394 1319 530 1361 rum
570 1305 700 1363 vim
744 1322 876 1363 eam
916 1322 1048 1362 esse
1088 1304 1254 1375 dixit,
1303 1312 1370 1363 nt
1406 1321 1524 1363 una
1562 1311 1703 1362 nota
1741 1304 1946 1363 decem
2000 1310 2062 1363 et
2099 1305 2431 1377 quindecim
2472 1313 2535 1364 et
2572 1308 2654 1364 vi·

392 1384 557 1453 ginti
612 1386 935 1446 literarum
988 1384 1183 1443 officio
1234 1384 1602 1458 fungeretur.
1691 1385 2008 1443 Sententia
2056 1401 2198 1443 vero
2236 1386 2544 1443 literarum
2596 1387 2653 1443 in

390 1481 636 1524 summa
677 1468 829 1526 haec
869 1472 992 1526 est:
1036 1467 1288 1521 Thomam
1329 1466 1590 1525 divinum
1629 1466 1819 1525 virum
1859 1464 2045 1524 fuisse
2087 1483 2123 1523 a
2147 1464 2267 1523 Dei
2306 1465 2446 1535 filio,
2486 1468 2654 1539 cujns

390 1551 535 1603 erat
578 1547 930 1621 discipulus
969 1548 1030 1606 in
1069 1565 1172 1605 eas
1212 1564 1347 1606 oras
1387 1547 1631 1619 Sagami
1667 1547 1829 1619 regis
1856 1552 2120 1620 tempore
2148 1547 2404 1616 missum,
2441 1554 2509 1605 nt
2532 1546 2652 1607 Dei

387 1628 616 1684 summi
659 1628 878 1686 notitia
914 1635 1123 1702 gentes
1163 1629 1302 1687 illas
1329 1628 1623 1699 erudiret3
1663 1628 1861 1700 ibique
1888 1628 2167 1701 templum
2200 1628 2551 1699 extruxisse,
2592 1638 2653 1686 et.

388 1723 494 1764 res
539 1708 942 1767 admirabiles
982 1709 1279 1779 effecisse,
1332 1716 1508 1779 atque
1549 1709 1817 1780 tandem,
1870 1724 2040 1781 quum
2079 1708 2327 1777 genibus
2366 1706 2537 1766 flexis
2577 1710 2652 1767 ad

389 1802 646 1845 crucem
705 1788 870 1846 illam
924 1788 1138 1847 affixus
1188 1789 1514 1847 orationem
1569 1788 1647 1846 ad
1695 1787 1893 1846 Deum
1944 1787 2255 1858 funderet,
2314 1806 2350 1845 a
2403 1790 2648 1861 quodam

387 1865 799 1927 Brachmana
835 1868 1020 1927 fuisse
1058 1869 1235 1927 hasta
1275 1869 1644 1927 transfixum.
1719 1867 1972 1927 Crucem
2023 1885 2164 1926 vero
2218 1869 2483 1940 ejnsdem
2536 1872 2650 1927 viri

389 1950 776 2008 sanctissimi
817 1967 1025 2008 cruore
1064 1951 1316 2009 tinctam·
1355 1951 1433 2009 ad
1471 1950 1813 2008 memoriam
1853 1950 2093 2008 virtutis
2143 1950 2304 2008 illius
2343 1950 2652 2024 sempiter-

387 2044 533 2087 nam
579 2031 862 2090 relictam
901 2029 1100 2091 fuisse.
1189 2031 1365 2089 Haec
1404 2037 1539 2089 erat
1576 2030 1905 2096 sententia,
1958 2047 2107 2103 quae
2146 2031 2344 2088 literis
2394 2032 2651 2089 contine·

388 2110 601 2168 batur.
676 2111 854 2170 Fecit
875 2116 1072 2169 autem
1093 2111 1376 2183 majorem
1399 2111 1574 2168 fidem
1600 2112 1751 2169 alius
1775 2112 2038 2183 ejnsdem
2060 2115 2264 2168 sectae
2287 2110 2381 2169 vir
2411 2112 2649 2170 aliunde

392 2192 772 2261 accersituS,
823 2192 1067 2264 grandis
1121 2192 1431 2250 admodum
1468 2196 1614 2249 natu
1673 2198 1734 2249 et
1772 2191 2108 2263 sapientiae
2161 2192 2432 2264 opinione
2482 2210 2649 2267 prae-

391 2276 597 2337 stans,
633 2272 733 2344 qui
771 2272 984 2331 literas
1021 2273 1081 2330 in
1120 2273 1367 2331 eandem
1408 2274 1769 2330 sententiam
1808 2273 2243 2346 interpretatus
2283 2272 2406 2331 est“
2431 2274 2491 2344 ¹).

587 2361 883 2421 Veterum
934 2363 1088 2420 hanc
1139 2363 1474 2436 scripturae
1532 2363 2089 2436 interpretationem
2147 2368 2346 2421 tamen
2405 2381 2647 2423 assensu

391 2456 501 2497 suo
530 2460 652 2499 non
681 2445 1066 2516 comprobant
1091 2443 1458 2502 recentiores
1484 2443 1820 2516 linguarum
1850 2444 2230 2502 orientalium
2265 2451 2648 2515 scrutatores.

391 2519 549 2579 licet
590 2522 844 2581 nondum
885 2524 1181 2598 quidpiam
1222 2524 1373 2582 certi
1411 2525 1781 2594 invenerint,
1832 2525 1982 2597 quod
2021 2524 2080 2581 in
2123 2524 2250 2595 ejus
2288 2525 2477 2583 locum
2518 2528 2648 2583 snb-

394 2602 662 2662 stituere
699 2612 957 2677 possent.
1031 2604 1231 2663 Novas
1270 2604 1817 2677 interpretationes
1858 2620 2001 2676 quas
2040 2605 2389 2663 hariolando
2418 2607 2651 2677 excogi-

393 2686 633 2754 tarunt,
671 2684 827 2756 vide,
868 2687 918 2743 si
956 2686 1175 2759 placet,
1213 2685 1273 2743 in
1315 2684 1709 2757 „zeitschrift
1744 2683 1847 2744 fiir
1882 2685 2047 2743 kath.
2074 2683 2450 2759 Theologie“,
2491 2688 2646 2750 1896,

395 2777 495 2836 pp.
536 2765 906 2837 612—6132).

585 2852 850 2914 Festum,
879 2855 1031 2927 quod
1059 2855 1115 2913 in
1135 2855 1512 2914 Kalendario
1529 2857 1606 2929 (p.
1628 2856 1759 2924 672)
1787 2857 2082 2928 signatum
2105 2862 2198 2913 est
2224 2858 2330 2914 sub
2352 2857 2526 2914 titulo
2545 2859 2648 2912 Mi-

392 2932 649 2987 raculum
689 2934 891 3004 lapidis
926 2953 971 2990 s.
1007 2936 1235 2990 stonum
1273 2937 1537 3005 Apostoli,
1574 2937 1923 3009 perhibetur
1961 2937 2294 2994 institutum
2334 2939 2428 3003 „in
2454 2955 2646 2992 memo-

395 3012 548 3066 riam
588 3013 833 3080 sudoris,
870 3017 965 3085 qui
1000 3034 1030 3071 e
1066 3027 1377 3071 marmorea
1418 3018 1530 3072 diei
1571 3019 1803 3072 Tleomae
1840 3035 1889 3073 c!
1901 3035 1997 3073 ace
2033 3019 2290 3072 scaturiit
2312 3035 2453 3072 anno
2480 3020 2647 3072 1557.

397 3093 455 3145 in
496 3094 832 3164 Meliapore:
869 3097 1013 3166 quod
1047 3102 1309 3153 ostentam
1335 3100 1556 3168 pluries
1586 3103 1775 3168 postea
1816 3101 1984 3154 risum
2024 3102 2161 3154 est.“
2232 3098 2410 3157 Licet
2448 3107 2642 3158 autem

398 3174 751 3232 solemnitas
801 3176 1086 3248 liturgica
1134 3179 1235 3235 uni
1284 3179 1403 3236 diei
1445 3180 1527 3236 18.
1565 3178 1852 3237 Decemb.
1904 3180 1985 3236 sit
2024 3178 2237 3250 affixa,
2296 3180 2642 3239 miraculum

397 3252 592 3324 ipsum
647 3260 851 3314 tamen
901 3274 1011 3330 per
1061 3264 1245 3315 totum
1285 3258 1627 3317 Adventum
1679 3260 1953 3332 populari
1993 3260 2307 3318 devotione
2348 3261 2643 3320 laboriose

399 3341 725 3408 sancteque
766 3338 1124 3406 celebratur,
1165 3339 1650 3410 quemadmodum
1688 3340 2005 3397 luculentis
2044 3341 2405 3399 testimoniis
2434 3343 2641 3401 allatis

399 3421 700 3473 ostensum
743 3423 834 3475 est
871 3419 932 3476 in
975 3417 1398 3488 „Zeitschrift“
1441 3420 1478 3477 1.
1520 3437 1567 3476 c.
1606 3437 1660 3492 p.
1699 3420 1823 3476 609.

583 3611 625 3682 ¹)
669 3612 746 3667 Ex
784 3613 1032 3668 relatione
1071 3615 1294 3684 episcopi
1334 3615 1664 3669 Cochinensis
1702 3616 1771 3669 ad
1808 3616 1958 3670 Card.
1998 3617 2275 3673 Henricum
2312 3621 2467 3687 facta,
2507 3622 2639 3689 apud

401 3689 586 3746 Osor.
627 3689 928 3762 Hieron,
978 3696 1064 3748 De
1116 3696 1281 3749 rebus
1333 3696 1710 3749 Emmanuelis
1745 3697 1917 3764 reffl‘S,
1967 3697 1998 3750 l.
2038 3699 2089 3760 3,
2142 3699 2219 3752 ed.
2269 3700 2442 3753 Colon.
2486 3702 2639 3768 1580,

579 3853 626 3920 ²)
664 3854 878 3924 Effigies
915 3856 1081 3910 crucis
1131 3871 1242 3910 cum
1292 3856 1621 3925 inscript-ione
1672 3873 1826 3925 saepe
1880 3859 1976 3911 fuit
2025 3875 2221 3912 summa
2270 3860 2537 3928 diligentia
2587 3867 2639 3913 ot

401 3935 509 4002 pari
545 3935 645 3989 fide
695 3935 760 3989 ad
800 3937 1047 4005 originale
1087 3935 1348 4005 exemplar
1387 3951 1649 4005 expressa.
1724 3937 1781 3992 In
1822 3939 2189 4005 „Zeitschrift“
2244 3941 2275 3993 l.
2317 3959 2358 3994 c.
2409 3940 2534 3995 duas
2574 3959 2637 3995 ex

399 4015 684 4084 praecipuis
723 4018 1130 4083 memoravimus,
1170 4015 1510 4085 antiquiorem
1549 4018 1915 4072 Athanasii
1952 4019 2264 4084 Kircher,
2308 4020 2478 4073 Cleina
2517 4022 2638 4075 illn-

400 4096 594 4161 strata,
635 4111 684 4163 p.
707 4095 793 4160 55,
833 4096 954 4151 edit.
977 4095 1255 4150 Amstelod.
1280 4097 1435 4162 1667,
1475 4102 1529 4149 et
1557 4100 1897 4152 recentiorem
1926 4100 1993 4152 D.
2018 4099 2270 4154 But-nell,
2309 4099 2638 4166 Mangalorac·

399 4175 661 4245 vulgatam
700 4193 782 4229 an.
828 4180 976 4232 1873.
