3514 5391
790 529 893 582 122
1429 529 1585 583 Festa
1624 530 1830 584 mobilia
1868 530 1918 584 in
1956 529 2381 599 Quadragesima.

1467 642 1670 649 ...ῃ-.-

964 728 1294 817 Jejunium
1338 738 1611 813 quatuor
1658 739 2001 815 temporum
2044 730 2228 794 veris.

965 852 1098 918 Hae
1145 852 1542 919 hebdomada
1587 851 1790 929 Latini
1836 854 2099 943 jejunia
2160 864 2430 940 quatuor
2491 863 2837 940 temporum
2882 852 3032 918 cele-

787 950 1038 1014 bramus
1072 951 1244 1017 feriis
1271 951 1381 1018 IV.
1433 957 1495 1016 et
1542 951 1649 1018 VI.
1702 956 1764 1017 et
1796 952 2077 1018 sabbato.
2154 953 2250 1018 De
2274 952 2367 1029 iis,
2404 957 2653 1037 praeter
2681 952 2830 1018 alias
2859 953 3033 1037 leges

785 1049 1257 1128 ecclesiasticas
1317 1053 1510 1136 agunt
1556 1055 1797 1135 septem
1845 1052 2080 1135 priores
2129 1072 2397 1117 canones
2446 1051 2874 1117 Distinetionis
2925 1051 3028 1117 76.

787 1149 1036 1214 Deereti
1083 1149 1383 1226 Gratiani,
1434 1169 1509 1213 ex
1556 1149 1783 1233 quibus
1825 1150 2222 1216 manifestum
2275 1153 2388 1227 est,
2439 1149 2557 1215 hae
2599 1150 3030 1216 observatione

783 1247 846 1311 id
891 1247 1009 1313 sibi
1059 1246 1214 1313 velle
1262 1245 1607 1313 Ecclesiam
1658 1248 2128 1327 occidentalem,
2178 1252 2248 1314 ut
2294 1249 2357 1314 in
2405 1252 2670 1333 quatuor
2700 1249 2843 1314 anni
2890 1269 3028 1334 par-

783 1345 950 1411 tibus
997 1346 1186 1411 veluti
1229 1347 1301 1410 in
1345 1356 1628 1431 quatuor·
1647 1347 1871 1411 mundi
1900 1347 2274 1412 cardinibus
2304 1347 2348 1432 ¹)
2398 1368 2509 1431 pro
2541 1348 2813 1431 acceptis
2846 1346 3028 1412 bene·

783 1443 941 1509 ficiis
989 1443 1123 1509 Deo
1170 1445 1405 1531 gratias
1454 1465 1735 1531 agamus
1802 1450 1873 1509 ut
1919 1445 2189 1511 divinam
2239 1466 2423 1530 opem
2473 1465 2799 1511 exoremus
2847 1449 3029 1528 atque

782 1541 881 1606 his
930 1542 1347 1625 poenitentiae
1393 1544 1687 1627 operibus
1736 1548 1951 1609 nostra
1978 1545 2240 1610 erimina
2271 1545 2610 1630 expientur,
2664 1549 2732 1609 ut
2762 1543 3029 1627 denique

783 1641 1037 1706 idoneos
1103 1640 1312 1707 altaris
1379 1642 1693 1708 ministros
1759 1664 1796 1707 a
1850 1642 1984 1708 Deo
2050 1643 2492 1727 impetremus;
2562 1664 2705 1708 nam
2770 1642 3029 1708 sabbato

783 1742 1047 1823 quatuor
1093 1744 1446 1825 temporum
1491 1741 1805 1807 solemnes
1854 1741 2219 1808 elericorum
2269 1742 2687 1807 ordinationes
2720 1761 3027 1828 peragun-

782 1844 902 1904 tur.
997 1837 1121 1904 Sed
1167 1841 1245 1906 de
1292 1839 1391 1905 his
1431 1840 1683 1925 jejuniis
1732 1841 2122 1907 commodius
2171 1860 2430 1927 agemus
2480 1840 2725 1924 proprio
2773 1839 2927 1906 loce.

959 2000 1155 2065 Feria
1199 2000 1297 2068 VI.
1354 2002 1604 2065 Festum
1651 2000 1909 2066 lanceae
1956 2012 2016 2066 et
2061 2000 2381 2065 clavorum
2427 1975 2519 2067 D.
2565 2001 2654 2066 N.
2702 2001 2771 2067 J.
2829 1997 2936 2066 Ch.

958 2127 1220 2192 Festum
1267 2127 1328 2191 in
1377 2126 1674 2192 honorem
1726 2148 1775 2193 s,
1828 2127 2097 2204 lanceae,
2159 2127 2425 2192 instante
2474 2126 2692 2192 Oarolo
2741 2126 2850 2192 IV.
2916 2126 3032 2191 im-

780 2229 1098 2307 peratore,
1162 2227 1222 2289 in
1272 2226 1607 2291 Germania
1669 2231 1732 2291 et
1781 2225 2083 2291 Bohemia
2144 2224 2586 2290 celebrandum
2647 2225 2886 2309 primus
2935 2225 3029 2290 in-

780 2322 971 2387 dulsit
1016 2322 1415 2389 Innocentius
1462 2323 1589 2388 PP.
1643 2324 1771 2401 VI„
1835 2325 1895 2391 d.
1949 2324 2052 2390 13.
2102 2323 2290 2390 Febr.
2348 2323 2538 2402 1353,
2588 2323 2755 2407 quod
2800 2322 3029 2388 deinde

780 2421 1138 2488 authentico
1188 2423 1410 2488 Officio
1475 2424 1837 2489 distInetum
1900 2424 2266 2499 auctoritate
2315 2424 2377 2489 S.
2430 2423 2549 2488 Bit.
2605 2420 2831 2506 Gongr.
2884 2441 3025 2486 eum

781 2525 1078 2586 consueta
1124 2520 1402 2587 clausula
1448 2523 1857 2606 approbatum
1909 2528 2036 2588 est:
2106 2522 2276 2601 „Pro
2322 2522 2558 2609 qratia,
2607 2522 2772 2585 citra
2818 2528 3029 2583 tamen

781 2615 1306 2704 approbationem
1333 2619 1708 2708 reliquiae‘st
1779 2621 2039 2688 Caetera
2063 2641 2227 2706 quae
2253 2616 2791 2697 adinventionem,
2828 2622 3026 2683 trans-

778 2716 1093 2794 lationem,
1131 2719 1365 2785 eultum
1399 2741 1449 2786 s,
1483 2721 1736 2786 lanceae
1769 2721 2097 2806 pertinent,
2131 2741 2205 2785 ex
2231 2720 2588 2788 Gretser.
2621 2718 2730 2803 (de
2755 2740 2804 2783 s.
2828 2740 3025 2799 mace,

778 2820 822 2879 t.
875 2815 933 2879 1.
985 2820 1295 2903 syntagm.
1347 2839 1436 2884 ee.
1490 2817 1692 2904 7—8)
1741 2827 1803 2884 et
1852 2819 2295 2885 Benedieto
2344 2817 2465 2884 ΡΡ.
2516 2816 2685 2882 XIV.
2745 2813 2877 2902 (De
2925 2840 3024 2880 ca-

777 2915 984 2976 noniz.
1036 2913 1074 2980 l
1124 2914 1186 2990 4,
1237 2928 1394 2998 part.
1446 2917 1506 2993 2,
1559 2938 1611 2982 e.
1662 2918 1771 2997 24,
1821 2939 1880 2983 n.
1931 2917 2007 2996 63
2058 2939 2111 2982 e.
2161 2916 2269 2992 25,
2317 2937 2420 2981 nn.
2468 2914 2771 2981 54-552
2821 2935 2876 2979 e.
2916 2915 3021 2980 31.

780 3031 837 3075 n
895 3010 1002 3094 13)
1069 3011 1131 3076 in
1179 3012 1432 3079 brevem
1495 3036 1806 3081 summam
1869 3017 2122 3081 redacta
2176 3014 2431 3080 exhibet
2479 3012 3024 3090 Kirchenloezcon,

777 3113 820 3173 t.
874 3109 932 3185 7,
984 3130 1086 3193 pp.
1142 3111 1599 3189 1419-1421,
1649 3114 1795 3180 edit.
1847 3114 1906 3179 2.

1735 3387 2051 3394 --—-————-

825 3575 1195 3664 Κυριακὴ
1240 3576 1589 3664 δευτέρα
1643 3583 1800 3643 τῶν
1979 3579 2413 3643 Βοηιίπὶοα
2460 3577 2551 3642 II.
2611 3573 2991 3649 Quadra·

1057 3679 1559 3764 warewast).
2114 3677 2486 3764 yesimae.
2591 3673 2865 3740 Vacat.

931 3819 1157 3982 lSlaV.
1210 3820 1491 3911 Nedera
1534 3822 1593 3887 2.
1631 3833 1856 3908 Ροειας
1902 3842 2197 3887 rumen.
2252 3816 2619 3883 Domineo’a
2657 3822 2720 3885 2.
2765 3840 2808 3882 a
2830 3842 3018 3905 pare·

774 3941 927 3981 seme
956 3940 1090 3984 om.

952 4043 1024 4109 Iu
1075 4050 1280 4110 vetere
1328 4047 1710 4112 Graecorum
1760 4046 2203 4112 catholicorum
2240 4036 2602 4129 ἀκολουθίᾳ
2628 4042 2864 4109 nullum
2901 4041 3021 4108 hoe

774 4142 874 4207 die
922 4143 1230 4208 dominico
1279 4144 1509 4209 festum
1559 4147 1847 4222 occurrit,
1914 4146 2023 4210 sed
2070 4149 2318 4230 praeter
2364 4141 2791 4228 Evangelium,
2855 4142 3018 4227 quod

774 4240 852 4304 de
891 4239 1258 4326 paralytico
1307 4266 1433 4329 per
1481 4252 1700 4307 tectum
1748 4246 1818 4308 in
1862 4242 2128 4330 qrabato
2190 4243 2458 4306 demisso
2514 4251 2861 4327 sanamque
2921 4261 3018 4306 se·

960 4403 997 4462 ⁸)
1039 4363 1118 4454 lta
1157 4420 1199 4456 s.
1237 4400 1364 4455 Leo
1403 4401 1469 4455 Μ.
1508 4402 1658 4459 relat.
1699 4420 1812 4458 ean.
1851 4404 2039 4473 Hujus
2074 4401 2451 4458 observantiae
2487 4403 2538 4455 6.
2577 4400 2712 4455 Dist.
2751 4401 2837 4455 cit.

954 4480 998 4550 ²)
1038 4482 1323 4538 Ferendum
1361 4499 1461 4537 non
1500 4489 1598 4549 est,
1637 4490 1697 4539 ut
1731 4484 1797 4540 H.
1836 4485 1980 4552 Alta,
2028 4485 2061 4539 1.
2102 4503 2145 4539 e.
2185 4501 2235 4555 p.
2274 4485 2396 4552 212,
2435 4486 2709 4542 secundam
2748 4485 2879 4541 hanc
2916 4485 3011 4542 Do·
