3514 5391
782 492 849 546 12
1365 491 1525 546 Festa
1560 492 1767 546 mobilia
1805 496 1924 546 ante
1964 491 2437 561 Quadi-agesimam.

780 602 963 612 0—--·

779 690 1106 755 Dominica
1151 693 1263 777 τῆς
1309 685 1625 775 ἅπόκρεω.
1718 691 1822 754 Ad
1870 689 2044 754 illum
2094 691 2261 755 diem
2309 692 2516 774 itaque
2549 710 2841 775 magnum
2876 710 3022 755 con-

778 789 1085 855 fessorem
1133 789 1488 872 loquentem
1539 790 1753 854 audias
1801 789 1963 854 infra
2010 811 2112 874 pp.
2163 789 2448 856 34-35.

957 948 1247 1038 Alleluja
1292 949 1574 1013 clausum
1620 951 1741 1015 hoc
1772 949 2046 1015 Sabbato
2096 948 2377 1037 signatur
2406 952 2468 1015 in
2502 951 2674 1015 libris
2704 950 3028 1015 ritualibus

780 1048 1097 1125 Ecclesiae
1143 1049 1391 1125 latinae,
1459 1051 1624 1133 quod
1685 1048 1806 1114 hoc
1869 1050 2182 1115 canticum
2244 1072 2278 1115 a
2324 1050 2600 1134 vesperis
2664 1049 2850 1134 hujus
2907 1050 3026 1114 diei

780 1147 1012 1212 cantari
1062 1147 1322 1225 desinat,
1373 1149 1451 1213 de
1498 1166 1620 1231 quo
1668 1148 1791 1212 ritu
1839 1168 1974 1213 cras
2021 1148 2198 1233 plura
2246 1149 2545 1227 dicemuS,
2596 1169 2788 1233 quum
2817 1148 3030 1215 lectio-

777 1265 924 1310 nem
972 1266 1021 1315 S.
1071 1246 1416 1330 scripturae
1463 1246 1991 1331 proposuerimus

786 1638 1157 1727 Κυριακὴ
1200 1643 1345 1703 τοῦ
1392 1638 1730 1708 ἀσώτου.
1848 1642 2280 1707 Dominica
2329 1641 3022 1730 Septuayesimae.

956 1783 1033 1851 Sl
1061 1805 1168 1850 av.
1237 1784 1517 1873 Nedae'ilja
1577 1784 1896 1872 bludnayo
1957 1808 2153 1873 syna,
2218 1786 2346 1851 sive
2405 1809 2441 1849 ο
2490 1783 2786 1850 bludnom
2841 1784 3027 1873 cynei,-

776 1905 807 1950 r
822 1905 859 1949 u
878 1905 941 1949 m
959 1904 993 1950 e
1010 1905 1069 1949 n.
1118 1882 1485 1949 Dominec'a
1532 1883 1945 1964 curvariului,
1996 1885 2123 1950 sive
2152 1882 2407 1968 filiului
2449 1885 2739 1949 retae-itu.

1042 2088 1429 2147 Dominica
1477 2086 1544 2147 9.
1598 2092 1774 2146 ante
1826 2087 2111 2147 Pascha
2158 2087 2361 2162 apud
2411 2088 2762 2147 Graecos.

958 2224 1287 2290 Dominica
1311 2224 1822 2311 Septuagesimae
1872 2226 2129 2291 Graecis
2178 2229 2272 2289 est
2317 2222 2581 2311 κυριακὴ
2602 2228 2719 2287 τοῦ
2750 2222 3025 2305 ἀσώτου,

776 2322 1038 2386 subaudi
1085 2315 1245 2400 υἱοῦ,
1296 2323 1639 2387 Dominica
1667 2320 1808 2407 filii
1845 2323 2127 2409 prodiyi,
2179 2324 2344 2406 quod
2394 2344 2465 2388 eo
2513 2323 2612 2388 die
2661 2324 2738 2391 de
2785 2322 2888 2388 illo
2933 2322 3025 2388 le-

772 2424 956 2506 gatur
1002 2419 1390 2505 evangelium
1443 2441 1519 2487 ex
1566 2422 1773 2487 Lucae
1821 2423 2023 2507 capite
2076 2422 2174 2487 14.

939 2543 1238 2623 ’.Ἁσωτος
1284 2552 1492 2613 autem
1537 2545 1701 2611 κατὰ
1748 2541 2067 2635 ἔκθλιψιν
2111 2550 2226 2610 τοῦ
2274 2566 2315 2609 σ
2360 2540 2703 2625 στοιχείου,
2741 2570 2867 2632 per
2914 2545 3020 2610 eli·

773 2646 1010 2710 sionem
1071 2645 1358 2710 elementi
1405 2666 1476 2724 σ,
1540 2650 1608 2711 ut
1655 2644 2022 2712 Clemens
2069 2645 2668 2712 Alexandrinus
2729 2646 2813 2709 ait
2867 2645 3018 2709 Pae-

772 2744 995 2830 daqoq.
1042 2744 1083 2811 l.
1136 2745 1196 2808 2.
1247 2765 1299 2811 e.
1354 2746 1426 2823 l,
1496 2745 1721 2810 dieitur
1781 2745 1957 2828 quasi
2020 2740 2403 2828 ἷίσωστοςῑ),
2471 2744 2580 2830 qui
2624 2746 2871 2808 servari
2914 2765 3023 2808 seu

770 2844 1082 2929 sospitam-i
1125 2845 1357 2930 nequit,
1415 2844 1591 2907 homo
1629 2843 1944 2930 perditus,
1994 2841 2359 2924 dissolutus,
2426 2841 2815 2920 luxuriosus,
2870 2865 3020 2928 pro-

772 2940 992 3025 di9u35
1053 2943 1487 3027 consentitque
1548 2941 1590 3007 S
1610 2943 1840 3006 uidas
1887 2943 1950 3007 in
1999 2941 2210 3008 Leaeic.
2263 2938 2512 3016 ἄσωτος
2556 2941 3020 3025 interpretando

774 3033 809 3099 ὁ
858 3034 1123 3124 ἐξώλης,
1189 3035 1225 3101 ὁ
1273 3037 1606 3119 σώζεσθαι
1653 3038 1738 3127 μὴ
1787 3034 2063 3126 ὀφείλων
2086 3039 2173 3125 2),
2232 3040 2559 3125 perditus,
2622 3039 2734 3124 qui
2777 3039 3023 3102 servari

776 3158 904 3199 non
937 3147 1170 3223 potest,
1221 3158 1259 3201 a
1304 3138 1493 3203 verbo
1542 3135 1745 3217 σώζω,
1795 3158 1908 3221 pro
1944 3159 2067 3222 quo
2100 3139 2298 3223 poetis
2328 3136 2698 3222 particulare
2729 3141 2824 3202 est
2852 3133 3018 3215 σώω,

779 3236 1040 3321 sospito,
1106 3233 1474 3299 incolumem
1511 3247 1803 3322 praesta,
1873 3259 2047 3300 servo
2073 3236 2143 3318 ³).
2238 3235 2312 3301 In
2368 3235 2509 3320 jure
2569 3256 2714 3301 vero
2777 3232 3025 3311 ἔὲσοησς

961 3489 998 3552 ¹)
1038 3485 1187 3555 Apud
1225 3485 1414 3556 Migne,
1453 3485 1596 3540 Patr.
1635 3502 1718 3556 gr.
1759 3492 1797 3540 t.
1836 3487 1887 3553 8,
1926 3502 1975 3555 p.
2014 3487 2136 3541 389.

952 3565 996 3630 ²)
1036 3565 1200 3620 Vetus
1239 3566 1545 3621 scholiastes
1582 3567 1636 3620 in
1672 3565 1993 3636 Sophoclem,
2033 3567 2207 3636 Ajacis
2246 3583 2295 3621 v.
2337 3568 2459 3634 190,
2497 3567 2791 3636 expressius
2830 3565 3017 3619 habet:

775 3643 1046 3706 σώζεσθαι
1084 3646 1161 3715 μή
1199 3644 1528 3716 δυνάμενος.
1604 3646 1682 3702 Cf.
1722 3647 1845 3700 edit.
1883 3647 2107 3701 Brunck.
2145 3652 2187 3701 t.
2229 3649 2276 3715 1,
2313 3663 2365 3717 p.
2401 3648 2526 3702 404.

957 3728 1000 3792 ⁸)
1040 3726 1325 3781 Dissimilia
1361 3726 1441 3780 his
1477 3742 1579 3781 non
1617 3731 1752 3793 sunt,
1791 3742 1922 3798 quae
1960 3728 2276 3781 recentiores
2313 3727 2638 3796 grammatici
2677 3727 2739 3780 de
2777 3742 2902 3780 vera
2930 3742 3020 3779 no·

774 3807 924 3861 minis
962 3807 1160 3876 origine
1198 3811 1253 3861 et
1288 3807 1488 3861 ratione
1526 3806 1701 3861 multis
1738 3807 1969 3873 tradunt,
2008 3806 2226 3861 deducto
2254 3808 2490 3861 nimirum
2515 3808 2764 3861 vocabulo
2789 3823 2820 3860 a
2845 3806 3018 3860 radice

776 3891 881 3945 σῶς
921 3889 1195 3952 (contract.
1236 3903 1300 3940 ex
1339 3886 1470 3946 σάος
1506 3888 1616 3941 sive
1655 3886 1835 3954 σόος),
1887 3888 2093 3953 salvus,
2129 3887 2432 3954 incolumia,
2466 3903 2670 3956 sospes,
2707 3902 2914 3955 sanus;
2962 3893 3021 3941 ut

774 3967 902 4021 adeo
939 3967 1149 4026 ἄσωτος
1185 3968 1248 4021 ad
1288 3967 1492 4022 literam
1530 3969 1644 4037 ipsa
1680 3968 1751 4021 sit
1799 3969 2096 4037 germanica
2146 3984 2247 4023 vox
2283 3968 2506 4035 Remos,
2559 3969 2609 4022 h.
2648 3985 2693 4022 e.
2734 3968 2948 4022 alienus
2984 3985 3018 4021 a

775 4048 970 4102 salute.
1044 4046 1173 4101 Vide
1212 4064 1338 4117 quos
1377 4049 1426 4101 in
1465 4048 1622 4117 priori
1660 4047 1830 4117 operis
1869 4052 2034 4117 parte,
2071 4064 2122 4118 p.
2161 4049 2247 4114 55,
2295 4048 2360 4102 ad
2398 4065 2520 4103 usus
2557 4047 2878 4102 academicos
2909 4049 3019 4117 jam

777 4128 1084 4182 contulimus
1121 4129 1486 4196 grammaticos
1514 4127 1797 4198 Benfey,
1836 4132 1874 4182 t.
1903 4130 1951 4182 1.
1991 4144 2073 4198 pp.
2100 4129 2411 4194 360—361;
2450 4127 2633 4196 Pott,
2671 4133 2709 4182 t.
2740 4130 2787 4195 1,
2825 4143 2875 4197 p.
2895 4127 3016 4194 554,

774 4215 828 4263 ct
864 4214 902 4263 t.
924 4210 974 4264 2.
1009 4209 1106 4275 (2),
1145 4224 1193 4278 p.
1216 4211 1350 4276 310;
1403 4226 1464 4263 ac
1502 4209 1708 4263 consule
1757 4209 1914 4263 etiam
1966 4209 2169 4262 sedulas
2209 4225 2387 4276 curas,
2441 4225 2568 4279 quas
2607 4207 2770 4262 eidem
2809 4209 3018 4262 investi·

774 4289 971 4358 gationi
1008 4289 1217 4342 ultimus
1257 4289 1505 4358 impendit
1541 4289 1852 4356 Curtiu5‚
1907 4289 2241 4358 Grundeuqe
2278 4290 2380 4343 der
2412 4289 2619 4359 yriech.
2661 4288 3019 4359 Etymoloqie,

774 4369 895 4423 edit.
935 4370 983 4423 4.
1023 4367 1250 4438 Lipsien.
1289 4385 1370 4423 an.
1411 4371 1567 4436 1873,
1606 4386 1654 4439 p.
1693 4370 1817 4436 382,
1855 4373 2078 4439 notaque
2105 4369 2321 4428 eundem
2347 4371 2485 4426 inter
2509 4370 2612 4424 alia
2638 4369 2839 4434 docere,
2875 4369 3018 4426 vocis

774 4449 932 4509 radici
972 4450 1165 4510 rectius
1202 4465 1316 4503 esse
1355 4450 1776 4506 subscribendum
1812 4467 1832 4499 ι
1870 4447 2090 4524 (σῳζω).
