3514 5391
1395 505 1554 573 Festa
1590 504 1798 559 mobilia
1834 505 1886 559 in
1924 504 2348 574 Quadragesima.

747 505 853 560 202

737 702 999 788 palma,
1062 703 1512 788 appellaretur,
1575 704 1693 769 nisi
1744 708 1956 769 tamen
2004 704 2081 769 de
2132 704 2340 789 palma
2386 704 2662 770 Circensi
2711 709 2996 790 repetere

735 799 1059 897 malueris,
1161 802 1314 867 Vide
1361 803 1478 867 Du
1528 801 1830 887 Gange,
1888 801 2099 868 Gloss.
2145 826 2239 888 qr.
2287 801 2352 869 h.
2405 824 2458 867 v.

927 908 1077 974 Dies
1139 908 1494 974 Palmarum
1566 913 1891 993 praeterea
1952 914 2208 975 vocatur
2270 905 2306 971 ὁ
2366 905 2823 992 εὖαγγελισμὸς
2878 916 2996 975 τοῦ

745 1003 1018 1087 ιῦσαννά,
1084 1029 1122 1072 a
1167 1008 1387 1073 festiva
1434 1007 1643 1092 populi
1702 1007 2179 1076 acclamatione:
2245 1005 2519 1088 ιῦσαννά,
2583 1005 2996 1095 εὐλογημένος

745 1102 780 1167 ὁ
827 1102 1164 1191 ἐρχόμενος
1209 1103 1278 1171 ἐν
1323 1102 1590 1188 ὀνόματι
1641 1100 1905 1190 Κυρίου,
1956 1103 1991 1169 ὁ
2036 1103 2339 1187 βασιλεὺς
2382 1109 2498 1169 τοῦ
2531 1103 2815 1194 Ἰσραήλι
2862 1109 2991 1172 Ho-

745 1227 971 1283 scmna‚
1020 1203 1381 1269 benedictus
1440 1203 1548 1290 qui
1595 1206 1764 1269 venit
1816 1204 1888 1268 in
1933 1206 2181 1269 nomine
2228 1206 2525 1283 Domini,
2587 1227 2705 1268 νοω
2752 1204 2957 1270 Israel
2972 1231 2991 1270 .·

747 1302 905 1367 Hinc
953 1303 1016 1367 in
1060 1303 1399 1389 Horologio
1447 1301 1695 1367 arabico
1746 1302 2495 1369 Graeco-Melchitarum
2554 1303 2823 1370 refertur
2875 1305 2988 1370 he-

745 1400 952 1465 braico
1001 1401 1250 1466 nomine
1298 1400 1506 1464 achad
1551 1397 2018 1464 esclaescha‘dnin
2066 1400 2497 1486 elmoqaddas‚
2543 1402 2609 1469 h.
2642 1423 2718 1480 c.‚
2766 1404 2988 1468 Domi-

743 1500 889 1561 nica
938 1498 1253 1563 Hosanna
1300 1509 1556 1580 sancta,
1623 1500 1684 1563 in
1734 1499 1909 1564 libris
1955 1498 2259 1585 liturgicis
2306 1500 2724 1566 Armenorum
2780 1506 2984 1568 autem

741 1617 967 1680 graeca
1013 1617 1164 1663 voce
1211 1597 1643 1682 Euloqemene.

920 1704 1127 1769 Tertio
1188 1705 1441 1771 tandem
1503 1705 1850 1789 appellatur
1894 1703 2159 1792 κυριακὴ
2221 1709 2338 1769 τοῦ
2383 1704 2701 1788 Λαζάρου
2760 1728 2797 1771 a
2842 1707 2985 1772 sab-

742 1802 886 1867 bato
935 1803 1350 1887 praecedenti,
1411 1823 1532 1887 quo
1582 1802 1800 1868 Lazari
1847 1804 2200 1869 resuscitati
2250 1804 2613 1870 memoriam
2641 1804 2760 1890 'agi
2811 1809 2986 1870 nota-

741 1900 960 1968 vimus,
1056 1902 1128 1967 In
1178 1901 1489 1986 plerisque
1533 1901 1686 1967 locis
1748 1901 2057 1985 hodieque
2118 1921 2257 1966 mos
2317 1903 2582 1981 obtinet,
2648 1907 2719 1967 ut
2777 1924 2984 1968 ramos

740 1996 1036 2077 olearum,
1085 2000 1273 2084 myrti
1318 2006 1384 2069 ,et
1428 1999 1775 2085 palmarum
1826 2000 2086 2065 sabbato
2135 2000 2354 2065 Lazari
2400 2000 2461 2065 in
2497 2001 2824 2067 ecclesiam
2873 2003 2983 2067 de-

739 2096 942 2162 ferant
988 2097 1481 2178 benedicendOS,
1544 2100 1644 2164 die
1692 2103 1903 2164 autem
1950 2098 2086 2183 ipso
2134 2097 2490 2163 Palmarum
2541 2100 2901 2165 benedictos
2950 2121 2984 2165 e

738 2196 1024 2262 manibus
1071 2197 1346 2282 episcopi
1393 2197 1489 2263 vel
1539 2197 1881 2263 sacerdotis
1925 2197 2249 2281 recipiant.

917 2303 1178 2370 Celeber
1226 2306 1561 2371 admodum
1610 2305 1673 2369 in
1706 2305 1970 2371 ecclesia
2015 2305 2296 2370 orientali
2328 2304 2690 2370 Palmarum
2724 2305 2855 2370 dies
2886 2311 2986 2370 est

739 2404 899 2467 inter
945 2400 1336 2479 δεσποτικὰς
1383 2397 1626 2488 ἑορτάς,
1691 2403 1973 2487 plurimis
2022 2423 2106 2469 ss.
2153 2403 2411 2469 Patrum
2475 2402 2823 2469 celebratus
2871 2424 2980 2468 en-

738 2500 1112 2567 comiasticis
1137 2502 1537 2580 orationibuS,
1587 2522 1741 2586 quas
1788 2502 1997 2568 videre
2045 2507 2141 2568 est
2183 2502 2249 2567 in
2272 2501 2485 2567 multis
2519 2502 2703 2566 tomis
2731 2522 2981 2587 sparsas

740 2599 901 2680 apud
950 2599 1164 2686 Migne
1211 2602 1276 2666 in
1322 2600 1491 2666 Patr.
1541 2621 1634 2688 gr.

917 2814 1250 2880 Ηοεαηπα.
1371 2815 1713 2879 Dominica
1776 2813 2230 2902 indulyentiae.
2354 2815 2602 2880 Pascha
2647 2815 2974 2903 floridum.

742 2909 1219 2997 Capitilavium.

913 3073 1239 3139 Dominica
1285 3073 1648 3140 Palmarum
1711 3076 1898 3140 etiam
1946 3076 2010 3140 in
2059 3075 2321 3141 ecclesia
2368 3076 2733 3141 occidentali
2793 3075 2979 3141 variis

734 3171 1085 3236 nominibus
1134 3172 1319 3238 venit.
1414 3172 1496 3237 Et
1542 3173 1714 3238 initio
1764 3175 2016 3258 quidem
2079 3175 2154 3240 ab
2205 3174 2752 3240 acclamationibus
2798 3174 2975 3240 festi-

735 3268 844 3347 viS,
895 3269 1121 3352 quibus
1168 3270 1385 3336 turbae
1414 3270 1632 3337 Jesum
1683 3277 1827 3337 sunt
1872 3277 2259 3357 prosecutae,
2309 3278 2563 3338 vocatur
2592 3273 2730 3338 dies
2769 3273 2975 3337 Osan-

732 3390 873 3447 nae,
922 3388 1044 3433 uno
1093 3368 1391 3434 vocabulo
1447 3369 1731 3452 Osanna,
1797 3370 1925 3436 sive
1976 3372 2329 3436 Hosanna:
2390 3392 2548 3455 quae
2609 3393 2725 3436 vox
2771 3371 2975 3437 accla-

733 3466 921 3531 matio
970 3470 1083 3545 est,
1133 3488 1170 3532 a
1215 3467 1476 3533 Judaeis
1523 3468 1805 3534 adhiberi
1855 3469 2035 3535 solita
2081 3491 2229 3555 erga
2290 3470 2451 3535 viros
2508 3470 2586 3536 de
2633 3469 2976 3554 Republica

733 3565 965 3647 optime
997 3566 1252 3631 meritos
1299 3571 1361 3631 et
1385 3565 1681 3651 singulari
1716 3568 1876 3633 vitae
1908 3569 2318 3634 sanctimonia
2345 3568 2714 3653 praeclarOS,
2747 3570 2975 3653 quibus

734 3660 1123 3741 felicitatem,
1184 3665 1687 3730 benedictionem
1749 3670 1811 3732 et
1872 3666 2136 3753 gloriam
2197 3668 2711 3751 apprecabantur.
2807 3668 2972 3749 Qua-

732 3765 984 3845 propter
1029 3781 1212 3827 voces
1263 3764 1579 3827 Hosawna
1605 3764 1755 3849 filio
1806 3765 2054 3829 David:
2109 3765 2485 3848 benedictae,
2533 3768 2644 3852 qui
2685 3769 2855 3832 venit
2901 3769 2972 3831 in

730 3860 978 3923 nomine
1024 3861 1308 3940 Domini,
1358 3861 1834 3928 acclamationes
1883 3863 2133 3928 fuerunt
2194 3864 2801 3952 significationesque
2845 3864 2971 3930 lae-

731 3957 899 4022 titiae
947 3961 1009 4023 et
1055 3959 1284 4044 gaudii,
1347 3961 1573 4045 quibus
1621 3961 1888 4045 populus
1935 3961 2296 4046 triumphali
2340 3962 2445 4026 illo
2502 3963 2601 4028 die
2650 3962 2967 4029 Christum

755 4145 1065 4199 {retsero
1103 4146 1157 4200 in
1201 4146 1419 4211 Codin„
1468 4148 1557 4201 De
1593 4148 1795 4218 officiis
1835 4149 1944 4202 GP.
1982 4149 2016 4203 l.
2054 4150 2105 4216 3,
2145 4166 2189 4202 c.
2228 4149 2290 4215 53
2344 4149 2463 4203 ibid.
2502 4153 2541 4203 t.
2582 4150 2701 4217 157,
2738 4165 2823 4219 pp.
2860 4152 2969 4206 346

755 4224 922 4278 —347.
985 4224 1182 4280 Refert.
1222 4232 1394 4281 autem
1433 4229 1654 4282 Const.
1693 4227 2203 4299 Porphyrogen.
2243 4228 2275 4282 1.
2308 4245 2370 4295 c.‚
2410 4245 2470 4282 eo
2495 4229 2576 4282 die
2604 4245 2717 4283 cum
2744 4232 2969 4285 caeteris

755 4306 1037 4360 minusculis
1075 4306 1377 4362 distributos
1415 4309 1478 4363 ab
1518 4309 1828 4378 imperatore
1868 4310 2026 4363 fuisse
2063 4309 2205 4363 alios
2240 4309 2554 4380 odorifhros
2581 4309 2783 4378 flores,
2834 4327 2969 4380 quos

755 4402 852 4440 unc
887 4390 1096 4456 tempus
1121 4389 1247 4457 fert
1281 4387 1470 4459 (ἕτερα
1509 4387 1685 4455 εὐώδη
1721 4389 1884 4454 ἄνθη,
1923 4384 2014 4440 οἶα
2051 4387 2083 4440 ὁ
2121 4389 2243 4442 τότε
2281 4394 2509 4461 παρέχει
2544 4386 2773 4460 καιρός).
2835 4391 2967 4445 Hinc

755 4467 1028 4525 ·0cabu1um
1065 4465 1228 4530 βάϊον
1266 4470 1423 4523 etiam
1449 4469 1514 4523 ad
1539 4470 1909 4542 designandum
1938 4470 2268 4542 fasciculam
2284 4471 2489 4543 florum
2528 4471 2840 4527 translatum
2866 4478 2963 4528 est.
