3514 5391
102 1567 105 1574 ,
102 1513 105 1540 -Α
100 1485 105 1494 ,
100 1417 105 1456 ,-.,
98 1069 107 1402 vr.--*...——-....·..t--.s2...-

98 2788 101 2797 -
100 2748 101 2757 ⁴
98 2665 101 2694 4⁴
96 2543 103 2638 ...nm-.-
96 2127 105 2530 -.-.-..-.-.-.,...-...1Ϋ.“-
100 2089 103 2114 -

854 529 961 585 242
1500 527 1659 585 Festa
1696 529 1904 585 mobilia
1939 531 1991 585 in
2029 526 2452 599 Quadragesima.

856 729 1108 794 firmant
1137 727 1205 812 ¹).
1253 766 1333 775 ·-—
1386 728 1619 793 Earum
1667 727 1960 793 Officium
2007 728 2070 793 in
2121 728 2457 793 novissima
2503 728 2774 793 editione
2824 726 3104 791 Romana

856 826 1087 892 Triodii
1141 827 1217 892 ab
1266 826 1385 891 hoc
1432 825 1610 891 titulo
1655 826 1902 910 incipit:
2601 908 2607 912 ¹

1042 947 1237 1031 Τάξις
1282 948 1390 1014 καὶ
1439 944 1802 1013 ἀκολουθία
1861 953 1992 1013 τῶν
2037 946 2219 1034 (amau
2276 952 2391 1036 τῆς
2435 943 2620 1031 ἁγίας
2679 949 2786 1015 καὶ
2834 947 3104 1036 μεγάλης

855 1051 1280 1131 παρασκευΐς.
1308 1087 1395 1095 --
1420 1041 1685 1134 Ποίημα
1722 1052 1782 1112 Κ
1785 1043 2040 1133 υρίλλου
2063 1044 2580 1129 (ῗρχιεπισκόπου
2603 1042 3100 1133 Ἀλεξανδρείας.

1035 1152 1197 1237 Περὶ
1267 1152 1438 1239 ὥραν
1503 1153 1591 1236 β’.
1670 1159 1784 1241 τῆς
1851 1152 2085 1242 ἡμέρας
2153 1149 2440 1241 σημαίνει
2515 1153 2625 1219 καὶ
2696 1153 3000 1219 ἀλλάσσει
3066 1151 3102 1215 ὖ

854 1250 1054 1337 tapsi-g
1098 1252 1231 1316 κτλ.
1283 1292 1368 1300 -
1417 1254 1599 1320 Circa
1642 1254 1864 1320 horam
1912 1255 2035 1319 diei
2082 1255 2417 1321 secundam
2444 1254 2496 1338 ¹³)
2546 1255 2838 1319 nimirum
2889 1253 3098 1320 horae.

855 1353 941 1417 uti
992 1353 1411 1436 praescriptae
1459 1358 1605 1418 sunt
1651 1373 1689 1417 a
1735 1373 1784 1417 s.
1837 1351 2066 1437 Gyrillo
2128 1352 2483 1437 patriarcha
2539 1353 2979 1426 Alexandrino,
3040 1356 3098 1416 et

857 1451 1093 1534 reliqua
1139 1450 1302 1515 illius
1351 1451 1473 1516 diei
1519 1451 1728 1517 officia
1774 1453 1836 1516 in
1885 1450 2153 1516 ecclesia
2197 1451 2609 1517 celebrantur.
2704 1451 2907 1516 Nocte
2954 1450 3099 1515 sub-

855 1550 1158 1632 sequenti,
1210 1555 1351 1614 ante
1399 1549 1750 1624 sabbatum,
1815 1548 2128 1633 sepulchri
2176 1548 2527 1632 sepultique
2576 1549 2826 1613 Domini
2888 1547 3101 1612 laudes

854 1648 1280 1714 decantantur.
1377 1648 1476 1724 Ad
1525 1647 1680 1712 haec
1728 1653 1935 1712 tamen
1984 1651 2286 1731 tempora,
2337 1651 2588 1712 notante
2637 1646 2708 1711 L.
2761 1645 3098 1713 Allatio‚

857 1764 1010 1810 usus
1057 1746 1341 1822 obtinuit,
1391 1751 1461 1810 ut
1507 1747 1657 1811 dum
1706 1745 1985 1829 psalmus
2035 1744 2182 1812 118.
2234 1745 2491 1815 canitur,
2552 1737 2614 1809 et
2660 1743 2919 1830 singulis
2967 1763 3102 1808 ver·

830 1840 1063 1928 ,siculis
1109 1842 1354 1929 singula
1400 1844 1672 1928 troparia
1700 1845 2128 1922 concinuntur,
2180 1841 2466 1908 Christus
2491 1843 2714 1908 decore
2741 1840 3101 1926 exsculptus

856 1941 948 2005 vel
999 1939 1231 2006 affabre
1292 1942 1356 2005 in
1403 1942 1614 2008 tabula
1659 1943 1942 2026 depictus
2008 1948 2072 2007 et
2125 1942 2189 2007 in
2236 1941 2464 2032 feretro
2521 1941 2841 2025 depositus
2864 1940 2934 2024 ⁸),
2999 1961 3100 2005 so-

855 2039 1044 2104 lemni
1103 2058 1425 2105 cereorum
1487 2042 1836 2106 ardentium
1884 2046 2217 2125 apparatu,
2282 2040 2743 2116 sacerdotibus,
2805 2040 3100 2124 quemad-

856 2137 1111 2201 modum
1171 2157 1360 2221 quum
1427 2158 1605 2204 sacra
1662 2139 1996 2203 missarum
2060 2138 2361 2204 solemnia
2423 2137 2772 2215 celebrant,
2839 2137 3098 2216 vestitiS‚

854 2234 1092 2319 reliquo
1139 2234 1302 2300 clero
1362 2257 1485 2302 non
1547 2238 1680 2302 sine
1741 2237 1957 2302 ordine
2018 2237 2352 2302 comitante
2414 2240 2477 2301 et
2523 2234 2756 2302 Christi
2813 2234 3101 2301 fidelibus

856 2333 1157 2398 feretrum
1204 2334 1744 2418 prosequentibuS‚
1796 2354 1907 2419 per
1952 2335 2124 2402 urbis
2173 2334 2410 2419 plateas
2458 2334 2773 2400 deferatur
2799 2353 3103 2419 propona-

858 2436 1083 2514 turque
1122 2431 1409 2497 omnibus
1440 2433 1792 2498 adorandus
1822 2437 2007 2516 atque
2041 2430 2492 2497 exosculandus
2512 2436 2536 2496 τ’
2577 2433 2792 2517 sicque
2823 2432 3098 2498 omnium

859 2530 1233 2597 venerationi
1281 2533 1466 2614 patet.
1543 2530 1764 2596 Flores
1793 2531 2062 2607 interim,
2112 2531 2368 2616 imagini
2393 2532 2785 2615 superpositi,
2833 2530 3098 2596 maximo

856 2627 1061 2692 studio
1128 2629 1205 2693 ab
1255 2630 1543 2694 omnibus
1591 2630 2071 2715 conquiruntur,
2140 2629 2366 2714 quibus
2426 2628 2545 2693 sibi
2607 2629 2876 2694 maxima
2918 2629 3097 2707 bona,

864 2746 991 2791 non
1040 2728 1316 2811 corporis
1364 2729 1569 2805 modo,
1638 2729 1749 2794 sed
1798 2748 2005 2793 rerum
2055 2728 2238 2793 etiam
2289 2728 2766 2793 domesticarum
2818 2726 3103 2811 pollicen-

853 2828 956 2888 tur
974 2823 1049 2907 ⁴).
1102 2862 1187 2871 —
1236 2822 1427 2891 Plura
1472 2846 1546 2890 ex
1593 2826 1859 2892 rubricis
1907 2826 2173 2910 adjicere
2202 2825 2511 2903 nolumus,
2560 2829 2630 2890 ut
2663 2826 2890 2909 aliquid
2917 2824 3096 2909 spatii

852 2920 1169 2987 lucremur
1213 2922 1463 2989 selectis
1509 2924 1883 3009 quibusdam
1931 2924 2218 3009 tropariis
2264 2923 2569 3009 liturgicis
2616 2943 2691 2989 ex
2738 2916 3099 3007 ἀκολουθίᾳ

862 3022 992 3082 τῶν
1042 3014 1237 3101 ἁγίων
1294 3022 1542 3085 noman·
1606 3021 2067 3099 describendiS,
2134 3041 2293 3106 quae
2354 3021 2538 3086 simul
2598 3022 2801 3087 varios
2859 3021 3099 3106 pietatis

1038 3269 1080 3338 ¹)
1119 3269 1197 3324 Ex
1235 3271 1315 3325 his
1353 3286 1482 3325 unus
1520 3270 1762 3325 audiatur
1798 3270 2111 3326 Rascanu
2130 3312 2143 3337 ,
2193 3270 2486 3341 theologiae
2537 3270 2799 3340 practicae
2850 3271 2901 3325 in
2952 3271 3096 3325 semi·

854 3351 1000 3405 nario
1040 3352 1258 3406 centrali
1296 3346 1574 3406 Bukaresti
1614 3353 1905 3422 professor:
1954 3351 2028 3406 Se
2064 3352 2346 3407 celebrem
2384 3351 2532 3406 orele
2569 3351 2774 3405 numito
2809 3350 2890 3406 im
2906 3368 2938 3421 p
2953 3367 3065 3406 era
3080 3380 3097 3390 ·

855 3437 879 3486 t
892 3448 920 3485 e
935 3449 961 3485 s
974 3449 1003 3486 c
1020 3432 1060 3499 i,
1100 3434 1307 3501 pentru
1359 3448 1421 3486 ca
1471 3434 1530 3486 tn
1583 3433 1864 3487 anticitate
1911 3433 2123 3487 asistau
2174 3449 2238 3488 cu
2287 3448 2320 3486 o
2357 3432 2633 3487 deosebt'ta
2669 3432 3009 3487 solemnitate
3042 3432 3095 3486 Ia

854 3515 1004 3567 aces!
1035 3510 1267 3567 servicia
1304 3511 1585 3582 imper-atii
1616 3514 1673 3566 st
1704 3512 1928 3577 domnii,
1968 3552 1979 3566 .
2020 3553 2032 3566 .
2073 3553 2108 3577 .,
2144 3514 2200 3567 st
2232 3515 2460 3567 atuncea
2497 3529 2564 3567 sa
2602 3515 2762 3566 canta
2786 3516 2992 3581 pentra
3030 3512 3097 3577 ei,

853 3594 908 3646 tn
948 3592 1202 3657 biset-ica,
1239 3591 1369 3646 tntr’
1396 3607 1469 3645 un
1505 3591 1632 3645 mod
1665 3591 1957 3647 solemnel:
1994 3591 2193 3646 Multi
2232 3622 2297 3630 —
2338 3593 2479 3658 ani,
2507 3591 2922 3661 pronuntianda
2951 3622 3014 3631 -
3042 3608 3094 3645 se

853 3672 1095 3742 deplirml
1128 3672 1216 3726 lor
1250 3672 1389 3726 tina.
1465 3670 1783 3741 (Liturqica
1819 3688 1923 3727 sau
1959 3671 2218 3726 servicia!
2240 3671 2386 3726 dictu
2426 3671 2485 3725 αΙ
2506 3671 2765 3727 biset-icet
2784 3672 3094 3727 orthodoxe.

854 3770 902 3822 p.
944 3755 1063 3808 171.
1136 3753 1426 3807 Bucaresti.
1466 3751 1691 3822 Typogr.
1718 3752 1902 3807 Curtii.
1944 3753 2124 3819 1876).
2181 3751 2324 3818 Quae
2350 3753 2520 3806 omnia
2546 3768 2660 3806 oum
2686 3752 2748 3806 iis
2774 3753 3091 3817 conveniunt,

852 3848 984 3902 quae
1028 3848 1124 3886 nos
1162 3832 1260 3902 ipsi
1307 3832 1371 3886 de
1421 3831 1525 3885 ritu
1575 3831 1627 3886 in
1678 3830 2006 3885 solemnitate
2059 3830 2367 3886 Nativitatis
2419 3832 2624 3886 Domini
2667 3833 3008 3903 praescripto,
3031 3847 3089 3886 ex

854 3913 1081 3983 antiquis
1119 3912 1265 3967 libris
1302 3912 1557 3981 liturgicis
1596 3912 2050 3966 animadvertimus
2087 3917 2228 3967 tomo
2271 3915 2316 3979 1,
2355 3928 2439 3983 pp.
2477 3912 2778 3969 361—362.

1035 3990 1080 4059 ²)
1118 3991 1177 4046 In
1215 3991 1408 4063 Typico
1446 3989 1545 4046 ΟΡ.
1585 3992 1778 4061 legitur
1813 3994 1934 4059 περὶ
1976 3990 2071 4057 τὴν
2111 3990 2176 4042 α’.
2217 3990 2364 4061 ὥραν
2401 3996 2491 4057 τῆς
2529 3990 2760 4062 ἡμέραςς
2796 3991 2884 4045 sed
2907 3988 3088 4046 Triodii

857 4073 1109 4127 editiones
1147 4088 1323 4127 omnes
1352 4071 1591 4126 similiter
1627 4078 1783 4143 atque
1810 4088 1908 4126 uno
1932 4072 2081 4126 modo
2105 4072 2297 4127 habent
2335 4075 2457 4140 περὶ
2487 4070 2635 4142 ὤραν
2656 4069 2725 4135 β’.
2764 4074 2854 4135 τῆς
2883 4069 3086 4141 ἡμέρας.

1039 4150 1082 4219 ³)
1124 4152 1272 4207 Hanc
1309 4153 1682 4207 caeremoniam
1720 4151 2145 4218 ἀποκαθὴλωσιν
2182 4153 2473 4223 appellant,
2532 4170 2623 4207 seu
2660 4153 2945 4219 actionem,
2996 4165 3087 4222 qua

855 4232 1111 4295 Christus-3,
1148 4233 1322 4287 refixis
1362 4233 1540 4294 clavis,
1580 4233 1675 4286 fuit
1715 4250 1743 4287 e
1783 4249 1933 4287 cruce
1972 4232 2239 4301 liberatuS,
2291 4249 2323 4287 a
2358 4250 2485 4289 voce
2523 4223 2662 4296 ἧλος,
2700 4233 2920 4301 clavus‚·
2966 4229 3085 4287 unde

851 4310 1010 4378 νζλόω,
1050 4311 1198 4366 clavo
1224 4314 1380 4383 fiqo,·
1414 4312 1684 4383 καθηλόω,
1723 4313 1872 4367 clavo
1908 4315 2113 4384 confiqo
2150 4318 2204 4367 et
2240 4311 2624 4379 ἅποκαθηλόω,
2660 4315 2853 4384 refiyo,
2897 4318 3085 4368 contra·

852 4393 983 4447 rium
1022 4393 1369 4461 praecedenti.

1034 4473 1078 4539 ⁴)
1120 4472 1196 4528 De
1235 4472 1484 4529 Dominio.
1524 4478 1578 4526 et
1614 4473 1916 4529 hebdomad.
1956 4473 2047 4531 Gr.
2085 4490 2136 4531 n.
2174 4475 2261 4531 21.
