3514 5391
874 485 981 549 308
1330 481 1334 488 ¹
1588 486 1748 548 Festa
1785 487 1993 549 mobilia
2031 497 2154 563 post
2192 487 2408 548 Pascha.

879 607 1038 612 ——m
1063 607 1226 611 *-
1439 605 1594 611 --—--
1627 605 1646 616 Ὗ
1770 607 1801 611 -
2246 604 2787 611 --.-..——....--.—..—

1053 691 1176 756 Sed
1224 691 1616 774 conjecturae
1663 691 1819 756 istae
1880 692 1956 756 ab
2005 693 2159 776 ipsis
2207 692 2430 757 divinis
2478 689 2672 756 literis
2732 690 3113 766 refelluntur,

875 807 1066 873 quum
1116 809 1190 854 ex
1237 789 1460 873 Moyse
1509 793 1744 873 pateat,
1812 789 2057 854 Pascha
2100 790 2405 856 Hebraeis
2469 790 2590 854 diei
2638 789 2906 868 Pesach',
2974 789 3117 872 quia

877 888 1049 952 Deus
1087 888 1354 974 pesach,
1405 888 1466 953 h.
1510 908 1586 966 e.,
1637 889 1900 953 transiit
1946 908 2058 953 seu
2107 888 2421 953 transiliit
2467 907 2653 972 super
2699 887 3115 953 Israelitarum

876 987 1050 1064 ostia,
1101 990 1310 1069 postes
1359 1007 1574 1051 eorum
1623 986 1839 1051 videns
1888 987 2030 1072 agni
2078 988 2378 1073 sanguine
2427 1006 2733 1070 asperSOS,
2783 991 2966 1071 prout
3008 986 3117 1051 ha·

876 1086 1061 1150 betur
1108 1085 1300 1151 Exod.
1353 1085 1457 1163 22,
1513 1085 1794 1152 13--23.
2004 1092 2017 1104 ‘

1056 1200 1550 1267 Christianorum
1577 1202 1825 1268 Pascha
1848 1203 2077 1288 duplex
2102 1191 2209 1268 est
2230 1223 2342 1287 pro
2374 1203 2624 1288 duplici,
2675 1203 2781 1288 qui
2813 1223 2851 1266 a
2875 1200 3118 1267 Christo

875 1300 1142 1365 Domino
1192 1301 1390 1365 faetus
1439 1306 1551 1378 est,
1604 1302 1900 1385 transitu3
1950 1301 2107 1366 alter
2153 1300 2271 1367 fuit
2317 1322 2391 1366 ex
2420 1302 2635 1367 vitain
2664 1305 2950 1378 mortem,
3001 1319 3118 1383 quo

876 1399 976 1463 die
1037 1399 1367 1464 erucifixus
1428 1404 1523 1464 est
1588 1398 1860 1484 (Πάσχα
1906 1389 2405 1485 στάυρώσιμον),
2473 1399 2630 1465 alter
2688 1419 2764 1465 ex
2811 1403 3012 1463 morte
3059 1398 3119 1461 in

873 1497 1081 1572 vitam,
1132 1517 1254 1581 quo
1303 1499 1402 1584 die
1451 1498 1790 1563 resurrexit
1838 1519 1873 1563 a
1921 1499 2178 1563 mortuis
2226 1496 2497 1584 (Πάσχα
2526 1493 3021 1582 ἀναστάσιμον).

1056 1612 1180 1690 Gur
1218 1634 1362 1678 vero
1399 1612 1734 1679 Christiani
1770 1614 2263 1714 Resurrectionis
2310 1616 2474 1681 diem
2510 1617 2760 1680 nomine
2793 1614 3121 1678 Paschatis

882 1712 1189 1789 donarint,
1239 1716 1482 1778 veteres
1530 1713 1741 1778 multis
1789 1734 1902 1778 nos
1936 1715 2217 1780 edoe‘ent.
2290 1714 2350 1778 S.
2389 1714 2537 1781 Gre
2553 1734 2715 1800 gor.
2748 1712 3119 1777 Naziauz.

877 1821 1037 1876 orat.
1091 1813 1197 1874 42.
1250 1812 1349 1876 eit.
1399 1812 1646 1874 Pascha
1693 1813 1816 1878 dici
1864 1814 1979 1878 ait:

964 1933 1075 1999 διὰ
1116 1940 1264 2000 τῶν..
1290 1930 1361 1999 ἓν.
1405 1940 1533 1999 τῶν
1569 1935 1744 2000 κάτω
1777 1935 1943 2024 πρὸς
2130 1950 2404 2025 propter
2447 1948 2731 2003 nostram
2779 1961 2858 2001 ea:
2904 1938 3001 2001 his
3031 1938 3124 2001 in·

873 2032 955 2098 τὰ
1002 2032 1131 2098 ἄνω
1178 2031 1282 2099 καὶ
1331 2034 1444 2122 τὴν
1498 2037 1609 2122 γῆν
1662 2039 1775 2121 τῆς
1821 2032 1941 2099 ἐπ’·
2031 2036 2392 2122 ferioribus
2441 2037 2531 2100 ad
2558 2037 2893 2122 superiora
2940 2045 3124 2121 atque

877 2127 1166 2216 αγγελίας
1245 2132 1532 2220 πρόοδον
1610 2130 1719 2197 καὶ
1789 2131 1942 2200 dvo'z-
2051 2135 2157 2199 ad.
2188 2145 2422 2199 terram
2465 2135 2917 2222 promissionis
2965 2155 3123 2220 pro·

872 2235 1086 2312 βασιν.
1345 2293 1355 2305 ,
2051 2233 2431 2319 yressionem
2477 2244 2536 2298 et
2583 2256 2925 2299 ascensum.

875 2367 956 2431 Et
1015 2387 1065 2431 s.
1115 2367 1532 2451 Hieronymus
1592 2367 1812 2432 scribit
1840 2366 1919 2452 ι);
2006 2368 2345 2433 Transitus
2409 2387 2517 2433 seu
2583 2368 2788 2432 Phase
2849 2370 3119 2443 vocatur,

876 2466 1042 2548 quod
1091 2466 1176 2530 ita
1224 2465 1604 2543 celebretur,
1671 2476 1743 2531 ut
1791 2476 2042 2530 terrena
2090 2476 2149 2530 et
2193 2465 2547 2553 Aeyyptum
2606 2455 2993 2530 dimittentes
3036 2464 3122 2528 ad

878 2563 1588 2650 coelestiafestinemus.
1625 2563 2012 2648 Rupert0‚
2046 2564 2322 2630 abbati
2348 2564 2778 2647 Tuitiensi‚
2812 2564 3118 2630 transitus

875 2662 1140 2726 Domini
1183 2662 1343 2728 Jesu
1391 2663 1478 2727 ad
1509 2663 1761 2729 Patrem
1808 2664 2082 2729 omnium
2128 2674 2410 2729 nostrum
2457 2665 2766 2729 transitus
2799 2673 2892 2728 est
2904 2685 2928 2743 ;
2972 2684 3117 2727 nam

872 2759 990 2825 illo
1040 2771 1399 2826 transeunte
1446 2786 1525 2826 em
1570 2764 1681 2827 lzoc
1726 2763 1960 2828 mundo
2010 2763 2098 2828 ad
2146 2764 2399 2835 Patrem
2447 2764 2855 2827 transivimus
2903 2773 2963 2826 et
3008 2784 3118 2826 nos

876 2859 1149 2947 ejusdem
1195 2861 1413 2923 Patris
1458 2863 1674 2945 qratia
1720 2862 1798 2926 de
1845 2861 2115 2927 vinculis
2173 2862 2264 2926 ad
2309 2859 2785 2941 absolutionem,
2834 2861 2913 2924 de
2961 2873 3115 2925 tene·

876 2957 1005 3021 bris
1053 2958 1142 3022 ad
1188 2958 1506 3022 oculorum
1551 2966 1911 3025 nostrorum
1956 2958 2403 3025 revelationem
2423 2960 2494 3044 2).
2590 2960 2716 3025 Sed
2746 2959 3116 3025 luculentius

876 3077 1256 3141 exponamus
1322 3057 1526 3123 verbis
1589 3058 1990 3124 Ceolfridi
2039 3059 2401 3136 abbatie,
2470 3071 2605 3124 ven'.
2668 3059 2877 3123 Bedae
2941 3076 3116 3142 prae-

877 3157 1142 3239 eeptoris
1166 3156 1251 3239 ⁸),
1315 3157 1376 3219 in
1426 3157 1686 3241 epistola
1734 3159 1813 3223 ad
1860 3158 2193 3223 Naitonem
2242 3158 2561 3223 Pictorum
2619 3176 2862 3242 regem,
2931 3175 3115 3240 quam

876 3253 1086 3339 B'eda
1134 3255 1382 3320 adducit
1428 3255 1532 3321 lib.
1583 3254 1644 3318 5.
1697 3256 1943 3320 Hister.
1995 3256 2160 3322 Eccl.
2213 3255 2403 3342 Anql.
2466 3280 2607 3343 cap.
2661 3254 2813 3339 1⁴):
2896 3252 3117 3318 Votiva

876 3352 1156 3439 Paschae
1199 3363 1455 3417 nostrae
1484 3353 1671 3439 festa
1717 3353 2120 3439 eelebramus,
2168 3364 2238 3418 ut
2267 3354 2636 3433 indicemus,
2682 3375 2799 3418 nos
2828 3375 2958 3417 non
2985 3374 3119 3415 cum

876 3452 1157 3536 antiquis
1203 3473 1526 3516 eoecussum
1573 3452 1921 3540 Aeqyptiae
1982 3454 2300 3517 servitutis
2346 3456 2572 3541 juyum
2617 3446 2949 3531 uenerarif
3008 3448 3119 3513 sed

874 3549 1361 3635 redemptionem
1409 3551 1600 3615 totius
1639 3550 1887 3630 mundi,
1936 3572 2092 3637 quae
2138 3552 2209 3615 in
2248 3552 2498 3637 antiqui
2528 3551 2656 3615 Dei
2691 3549 2928 3637 populi
2973 3547 3115 3613 libe·

872 3649 1121 3711 ratione
1156 3640 1617 3734 praeflqurata,
1666 3651 1734 3713 in
1790 3647 2029 3715 Christi
2073 3658 2280 3735 autem
2322 3651 2777 3733 resurreetione
2815 3647 3117 3735 completa

874 3756 984 3825 est,
1033 3746 1258 3810 devota
1285 3747 1423 3831 fide
1470 3771 1545 3812 ac
1591 3748 1923 3812 dilectione
1952 3746 2172 3827 colere,
2220 3758 2289 3812 ut
2320 3749 2396 3812 de
2426 3746 2908 3812 resurrectionis
2931 3747 3116 3810 etiam

874 3857 1151 3927 nostrae,
1220 3867 1406 3929 quam
1468 3845 1681 3909 eadem
1742 3846 1848 3910 die
1894 3846 2215 3910 dominica
2260 3846 2562 3932 futuram
2606 3845 2947 3923 credimus,
3009 3866 3113 3931 spe

872 3965 987 4007 nos
1036 3944 1387 4007 certissima
1432 3944 1705 4029 qaudere
1752 3945 2080 4029 siquemus.

879 4114 1040 4121 ——ffl
1087 4116 1136 4121 q
1193 4114 1256 4121 ῤ-

1058 4214 1100 4355 :3
1141 4210 1371 4344 Ξὶῠο2ρ
1394 4210 1601 4360 ι’ἶε9ἒὲιρ.
1641 4290 1731 4345 14.
1774 4290 1953 4345 ΕΜΔ.
1991 4291 2125 4360 apud
2163 4291 2366 4359 Migne,
2417 4292 2560 4346 Patr.
2599 4291 2632 4345 l.
2671 4294 2710 4348 t.
2747 4293 2868 4360 167,
2905 4307 2954 4363 p.
2991 4292 3109 4346 621.

1056 4370 1099 4439 ³)
1141 4372 1341 4426 Claruit
1379 4372 1517 4425 circa
1554 4388 1636 4425 an.
1674 4374 1797 4426 680.
1873 4372 1979 4425 Cir.
2024 4372 2166 4425 Com.
2204 4371 2273 4425 de
2313 4372 2564 4441 Compulo
2601 4371 2724 4426 eccl.
2761 4389 2812 4442 p.
2854 4374 2972 4429 172.

1054 4452 1099 4519 ⁴)
1141 4452 1327 4519 migne,
1367 4453 1510 4507 Patr.
1548 4453 1581 4510 l.
1622 4458 1660 4508 t.
1699 4454 1786 4519 95,
1824 4468 1906 4523 pp.
1946 4453 2229 4509 276—277
2267 4460 2323 4507 et
2360 4460 2398 4508 t.
2436 4455 2522 4519 89,
2561 4469 2610 4523 p.
2649 4453 2771 4508 354.
