3514 5391
1211 544 1556 604 Solemiores
1593 546 1715 604 anni
1751 545 1880 605 dios.
2570 551 2607 607 7⁴

469 737 590 795 Dios
692 738 892 797 Mensis

470 816 601 882 oopt.
750 814 844 867 lat.

478 900 560 967 25
739 902 822 967 31
965 900 1028 967 S.
1078 901 1375 968 Mercurii
1424 904 1718 987 martyris
1748 903 1815 988 ¹).

479 1001 563 1065 26
674 1002 919 1085 1.Aug.
970 1000 1032 1066 S.
1069 1000 1349 1085 Josephi,
1401 1002 1612 1086 spousi
1653 1002 1961 1087 Deiparae
2010 1001 2307 1090 Virginis
2402 1004 2607 1069 Vaca

462 1098 559 1164 ,28
788 1099 830 1163 3
969 1098 1030 1165 S.
1081 1100 1320 1166 Mariae
1368 1099 1800 1188 Magdalen'ae.

1162 1296 1462 1354 Mesori.
1536 1297 1940 1369 AugustuS.

523 1430 552 1492 1
789 1430 830 1494 6
968 1430 1030 1496 S.
1063 1432 1303 1509 Annae,
1339 1431 1562 1496 Matris
1592 1431 1901 1516 Deiparae
1927 1432 2231 1518 Virginis,
2282 1439 2343 1499 et
2375 1455 2457 1500 ss,
2479 1436 2607 1520 Ap(

969 1529 1110 1594 linis
1159 1533 1222 1595 et
1246 1529 1412 1595 Justi
1461 1534 1829 1614 martyrum,
1880 1533 1941 1595 et
1986 1530 2231 1596 initium
2269 1532 2486 1616 jejunii
2535 1534 2607 1599 D«

519 1727 556 1789 7
746 1726 828 1790 12
966 1647 1262 1792 &niz-§tri
1323 1725 1642 1811 Apostoli,
1711 1726 1774 1791 h.
1826 1746 1880 1793 e.
1903 1778 1917 1803 ,
1980 1727 2209 1793 festum
2270 1729 2607 1813 profession

1051 1824 1199 1889 fidei
1274 1825 1352 1889 ab
1427 1825 1563 1909 ipso
1630 1825 1895 1889 emissae
1980 1830 2041 1889 et
2101 1828 2405 1911 primatus
2471 1828 2607 1893 eide

473 2020 558 2086 13
745 2021 827 2086 18
965 1921 1451 2106 Trgglslgguratio
1498 2020 1578 2086 D.
1628 2021 1710 2087 N.
1762 2021 1823 2088 J.
1875 2021 2021 2088 Chr.
2118 2023 2387 2090 Vacat.

471 2119 557 2182 16
717 2119 824 2183 ·21
964 2119 1329 2203 Assumptio
1356 2119 1633 2204 corporis
1658 2119 1966 2205 Deiparae
2006 2120 2069 2185 in
2097 2121 2357 2189 coelum.
2422 2123 2607 2187 Vaca

469 2218 557 2282 28
652 2218 713 2283 2.
738 2216 913 2301 Sept.
963 2216 1071 2283 SS.
1119 2217 1614 2301 patriarcharum
1661 2218 2027 2292 Abrahami,
2079 2219 2276 2285 Isauci
2325 2225 2386 2284 et
2429 2220 2607 2286 Jacol

946 2406 1449 2477 Epagomene.
1519 2404 1801 2462 Parvus
1850 2405 2153 2463 mensis,

514 2541 557 2606 3
657 2541 715 2607 7.
745 2539 914 2625 Sept.
968 2540 1029 2605 S.
1082 2538 1416 2625 Raphaelis
1462 2539 1865 2625 Archangeli.

609 2735 697 2795 Et
733 2735 854 2794 ista
892 2734 1128 2808 quidem
1168 2741 1304 2793 sunt
1341 2734 1529 2802 festa,
1587 2751 1766 2807 quae,
1815 2734 1868 2793 si
1918 2734 2098 2792 ritum
2152 2736 2607 2809 caeremoniasq1

423 2824 684 2893 specteS,
725 2818 802 2875 ad
840 2817 1103 2875 ordinem
1131 2816 1573 2875 solemnitatum
1610 2817 1736 2888 sive
1763 2816 1996 2876 Finis-ti
2031 2817 2158 2875 sive
2188 2816 2431 2873 Pikudsi
2451 2815 2607 2875 refer

421 2905 688 2973 possunt.
940 2923 947 2930 ·
993 2916 1001 2923 ·

608 2979 784 3038 Multi
819 2984 1141 3052 praeterea
1179 2978 1495 3052 signantur
1531 2978 1658 3037 dies
1695 2978 2013 3037 honoribus
2040 2980 2393 3037 Sanctorum
2428 2978 2607 3036 addic

423 3061 524 3134 qui
564 3061 852 3119 festivum
900 3059 1055 3117 hunc
1103 3059 1284 3118 ritum
1337 3076 1450 3117 non
1490 3059 1822 3131 attingunt,
1880 3060 1984 3118 sed
2034 3059 2402 3133 simplicibus
2452 3064 2607 3116 nostr

425 3141 1083 3200 commemorationibus
1120 3139 1311 3199 ferme
1349 3141 1729 3212 respondent.
1807 3138 2130 3198 Officiosae
2170 3139 2474 3198 amicitiae
2511 3137 2607 3195 Ru

427 3221 696 3296 episcopi
718 3222 875 3295 copti
895 3221 1185 3294 Agapii
1220 3220 1435 3292 Bsai,
1473 3225 1573 3273 τοῦ
1595 3224 1904 3291 μακαρίτου
1921 3220 1985 3293 ²),
2018 3221 2080 3278 id
2106 3221 2244 3278 olim
2273 3220 2577 3289 debebam,
2604 3237 2607 3241 ⁴

426 3318 557 3361 cum
615 3302 1005 3376 praecedenti
1062 3302 1198 3360 albo
1258 3302 1673 3361 solemniorum
1729 3300 2132 3361 festivitatum
2196 3301 2380 3359 etiam
2428 3299 2607 3354 Indice

423 3383 750 3454 simplicium
807 3384 1365 3439 commemorationum
1422 3384 1483 3441 in
1533 3383 1817 3441 hodierno
1874 3382 2195 3455 Coptorum
2251 3380 2607 3439 catholicoru

425 3462 750 3522 Breviario
804 3469 1216 3522 contentarum
1266 3464 1327 3521 in
1378 3463 1566 3536 priori
1617 3463 1877 3521 editione
1923 3466 2384 3536 repraesentare
2423 3476 2607 3532 posse]

424 3543 584 3602 Eum
622 3551 849 3611 tamen,
904 3544 1050 3603 licet
1086 3561 1304 3617 magna
1341 3544 1769 3617 approbatione
1810 3543 2111 3601 doctorum
2149 3543 2229 3600 sit
2266 3558 2369 3600 suo
2408 3546 2607 3613 tempo:

428 3630 746 3699 exceptuS,
800 3641 953 3682 nunc
1004 3625 1163 3699 typis
1211 3642 1327 3683 non
1378 3630 1646 3697 repetam
1701 3625 2089 3683 immutatum.
2167 3621 2387 3681 Obstat
2438 3623 2607 3696 quipp

427 3706 581 3777 quod
622 3722 697 3764 ea
734 3706 795 3763 in
831 3721 898 3764 re
938 3722 1082 3763 sane
1119 3704 1434 3778 plurimum
1471 3705 1750 3778 ponderis
1783 3707 1984 3777 habet,
2022 3703 2541 3778 prudentissimum
2583 3722 2607 3762 a

429 3802 540 3857 que
582 3786 1053 3844 amantissimum
1091 3785 1399 3844 consilium
1428 3784 1586 3843 Rmi.
1615 3784 1934 3844 Antistitis
1974 3783 2269 3858 Cyrilli
2307 3783 2593 3842 Macair

428 3867 528 3939 qui
579 3883 687 3939 pro
739 3867 980 3939 antiquo
1031 3867 1136 3925 illo
1187 3866 1543 3940 simplicium
1595 3867 2210 3925 commemorationum
2260 3865 2533 3938 catalogo
2585 3865 2604 3922 i

429 3952 635 4018 tegros
674 3947 968 4005 ecclesiae
1023 3964 1164 4005 suae
1202 3945 1393 4005 fastos
1432 3948 1713 4006 substitui
1763 3947 1824 4005 in
1875 3963 2028 4005 nova
2067 3946 2326 4004 editione
2374 3946 2607 4019 cupiebz

428 4027 590 4085 ultro
630 4027 814 4085 etiam
852 4027 1195 4101 recipiendo
1247 4043 1318 4085 ac
1356 4029 1785 4100 promittendo,
1841 4045 1905 4086 se
1945 4028 2269 4101 completas
2305 4026 2607 4096 Kalenda1

619 4264 659 4334 ⁸)
706 4263 759 4318 S.
799 4261 1079 4319 Mercurius
1130 4262 1309 4317 eodem
1361 4261 1441 4317 die
1478 4264 1564 4319 25.
1604 4263 1778 4318 Fastis
1826 4262 2001 4317 latinis
2051 4262 2328 4330 inscriptus
2379 4259 2569 4329 legitur

432 4341 1091 4494 Martgrbzogzenenti
1135 4425 1232 4481 hoc
1280 4427 1393 4482 viro
1445 4426 1727 4496 apostolico
1784 4425 1840 4489 (ἢ
1880 4424 2042 4491 1887)
2097 4423 2288 4476 videsis
2338 4421 2600 4476 Massail'

435 4504 704 4573 Histoire,
740 4522 821 4578 pp.
861 4508 1161 4564 378—381.
