3514 5391
867 525 972 587 528
1507 523 1667 587 Festa
1703 523 1910 587 mobilia
1946 535 2064 601 post
2100 522 2459 586 Pentecosten.

2785 640 2940 647 --.—----
2991 638 3058 646 -..-

1050 763 1310 829 Mater
1372 763 1849 846 purissima,
1914 781 2050 828 ora
2088 782 2245 847 ·.pro
2307 761 2568 829 nobis!

1050 888 1327 972 ΠΙῆτερ
1387 883 1973 972 καθαρωτάτη,
2039 883 2456 966 πρέσβευε
2515 881 2719 970 ὑπὲρ
2783 882 3013 970 ἡμῶν.

1049 1029 1214 1110 Quas
1264 1049 1382 1094 uno
1430 1029 1547 1093 isto
1596 1029 1924 1112 praeconio
1973 1028 2252 1094 Litaniae
2295 1027 2682 1093 Lauretanae
2729 1027 3098 1112 conjungunt

871 1128 1145 1213 insignes
1193 1127 1654 1212 praerogativas
1713 1125 2021 1212 gloriosae
2070 1146 2319 1211 semper
2364 1126 2641 1211 Virginis
2689 1126 2943 1203 Mariae,
3002 1144 3099 1190 eas

872 1227 1057 1290 etiam
1106 1224 1395 1289 distincte
1445 1223 1717 1289 celebrat
1749 1223 2033 1289 Ecclesia
2079 1220 2498 1299 occidentalis,
2549 1224 2830 1289 instituta
2861 1224 3100 1309 gemina

871 1322 1260 1388 solemnitate
1292 1322 1738 1387 Mater-nitatis
1786 1327 1848 1387 et
1889 1322 2192 1387 Pam-itatis
2222 1322 2499 1412 ejusdem
2529 1343 2611 1386 ss.
2643 1322 3101 1408 Deiqenitvicis,

874 1423 1044 1487 initio
1107 1422 1355 1505 quidem
1426 1442 1536 1505 pro
1602 1422 1925 1486 Lusitania
1985 1441 2282 1487 concessa
2349 1442 2446 1487 an.
2505 1419 2707 1495 1751,
2777 1421 2920 1485 inde
2967 1439 3101 1484 vero

874 1519 1169 1604 paulatim
1217 1519 1293 1584 ad
1341 1519 1489 1584 alias
1536 1521 1824 1605 regiones
1873 1526 2145 1598 extensa,
2197 1539 2268 1584 ac
2315 1520 2567 1585 demum
2619 1538 2732 1603 pro
2777 1519 2912 1603 ipsa
2941 1517 3103 1582 Urbe

876 1618 1071 1682 Roma
1119 1638 1157 1683 a
1202 1618 1506 1703 Gregorio
1554 1617 1679 1683 PP.
1716 1617 1886 1683 XVI.
1939 1619 2342 1702 praescripta.
2412 1616 2540 1683 Ofr.
2568 1616 3104 1700 Correspondance

874 1718 951 1781 de
999 1716 1214 1794 Rome,
1268 1715 1459 1793 1848,
1511 1737 1569 1800 p.
1620 1714 1727 1782 30.
1799 1715 2057 1801 Singula
2104 1716 2359 1800 quaevis
2408 1736 2579 1782 more
2624 1737 2739 1782 suo
2788 1716 3106 1801 diligenter

877 1817 1267 1899 persequitur
1315 1813 1731 1891 Holweck‚
1784 1835 1881 1898 op.
1934 1814 2036 1881 cit.
2086 1835 2188 1898 pp.
2242 1814 2617 1880 254—255.
2682 1833 2798 1880 nec
2845 1835 2957 1879 nos
3002 1814 3102 1877 de-

878 1915 1025 1977 bent
1070 1914 1388 1978 remorari.

1055 2092 1484 2156 Dominica
1514 2091 1597 2156 II.
1634 2089 2033 2159 Octobris.
2087 2092 2341 2157 Festum
2363 2093 2807 2157 Mater-nitatis
2825 2093 2902 2157 B.
2928 2092 3012 2157 M.
3038 2090 3104 2154 V.

1055 2226 1556 2290 Fundamentum
1624 2226 2048 2310 dogmaticum
2113 2225 2450 2292 hodiernae
2514 2227 2863 2293 festivitatis
2929 2246 3108 2311 super

878 2324 1145 2388 rationes
1209 2328 1591 2389 caeterarum
1658 2325 2120 2390 solemnitatum
2172 2327 2243 2391 B.
2294 2325 2384 2391 M.
2436 2325 2509 2393 V.
2570 2327 2835 2404 eminet;
2899 2332 3108 2391 cuncta

878 2421 1062 2499 euim,
1127 2441 1285 2504 quae
1332 2423 1409 2487 de
1458 2443 1540 2488 SS.
1594 2423 2016 2508 Deigenitrice
2066 2424 2279 2501 credit,
2342 2424 2668 2507 profitetur
2728 2445 2800 2490 ac
2847 2424 3108 2490 celebrat

880 2518 1161 2583 Ecclesia
1207 2518 1533 2597 catholica,
1584 2541 1659 2585 ex
1706 2540 1782 2586 ea
1827 2520 2103 2607 Virginis
2152 2521 2332 2586 laude
2394 2526 2456 2586 et
2502 2523 2931 2608 praerogativa
2975 2528 3108 2606 apta

876 2637 1156 2702 nexaque
1202 2622 1366 2697 sunt,
1416 2639 1540 2704 qua
1587 2620 1846 2684 eandem
1897 2619 2027 2683 Dei
2072 2620 2348 2683 Matrem
2395 2621 2848 2706 praedicamus

968 2735 973 2740 ’
1056 2724 1401 2792 Orientales
1448 2727 1766 2811 proprium
1818 2729 1982 2792 diem
2033 2729 2329 2812 mysterio
2377 2728 2635 2793 divinae
2679 2730 3114 2794 Mater-nitatis

880 2823 1022 2909 (τῆς
1088 2822 1557 2910 θεομῇκτρηεος)
1638 2825 2035 2910 peculiariter
2098 2825 2429 2892 recolendo
2499 2847 2622 2894 non
2690 2829 3109 2915 assignarunt:

878 2920 1027 2986 illud
1086 2927 1296 2987 tamen
1343 2924 1618 3007 quotidie
1687 2924 1972 2988 maximis
2037 2924 2324 2990 laudibus
2385 2923 2650 2992 efferunt
2707 2927 2770 2992 in
2834 2927 3113 3012 tropariis

884 3013 1266 3100 θεοτοκίοις,
1315 3030 1383 3086 ut
1430 3019 1524 3085 vel
1572 3041 1645 3085 ex
1686 3021 1761 3086 iis
1808 3022 2000 3087 videri
2032 3028 2254 3107 potest,
2306 3024 2635 3108 quaejam,
2686 3025 3112 3111 progrediente

880 3118 1214 3202 scriptione
1262 3124 1489 3197 nostra,
1542 3119 1642 3185 bic
1689 3119 1814 3186 illic
1863 3122 2483 3204 repraesentavimus.
2554 3121 2641 3187 Iis
2684 3144 2903 3188 verm
2929 3123 3110 3210 festi·

878 3237 987 3279 vos
1035 3217 1358 3300 synaxario
1408 3217 1654 3282 Menaei
1701 3219 1802 3284 die
1849 3219 1953 3285 25.
2007 3219 2375 3285 Decembris
2439 3220 2745 3304 praefixos
2807 3222 3112 3287 addidisse

882 3312 1213 3381 suffecerit.

1155 3419 1318 3499 Θεὸς
1361 3421 1437 3486 τὸ
1482 3422 1736 3504 τεχθέν,
1789 3421 1824 3510 ἡ
1871 3421 1940 3487 δὲ
1985 3423 2187 3513 μήτηρ
2232 3424 2586 3511 παρθένος.

1158 3514 1237 3582 Τι’
1281 3519 1502 3603 μεῖζον
1547 3519 1703 3585 ἄλλο
1750 3521 1974 3586 καινὸν
2018 3514 2190 3588 εἶδεν
2235 3522 2272 3611 ἡ
2316 3519 2558 3604 κτίσιςς

1148 3618 1527 3707 Παρθενικὴ
1575 3614 1802 3708 Μαριή
1838 3619 2004 3686 Θεὸν
2048 3616 2256 3686 εἰκάδι
2303 3618 2555 3705 γείνατο
2601 3623 2890 3714 πέμπτῃ.

1156 3743 1342 3817 Quod
1384 3747 1691 3825 nascitur,
1743 3748 1917 3811 Deus
1964 3757 2072 3829 est,
2123 3760 2182 3813 et
2241 3749 2427 3835 Vir9⁰
2455 3750 2543 3835 fit
2579 3773 2837 3837 parens.

1155 3839 1329 3914 Quid
1373 3848 1597 3934 majus,
1649 3847 1770 3909 etsi
1813 3848 1899 3910 sit
1942 3869 2187 3924 novum,
2237 3848 2401 3912 vidit
2444 3850 2665 3914 homo?

1164 3939 1396 4005 Vicena
1441 3945 1665 4028 quinta
1691 3943 1779 4028 fit
1823 3956 2025 4010 mater
2084 3946 2269 4032 Viryo
2321 3947 2561 4013 Maria.

1060 4119 1461 4184 Dominica
1512 4123 1628 4189 III.
1687 4122 2052 4191 Octobris.
2125 4126 2381 4189 Festum
2427 4126 2740 4192 Har-itatis
2790 4128 2850 4192 B
2918 4130 3008 4193 M.
3053 4125 3110 4192 V.

1060 4261 1255 4345 Spatii
1304 4267 1724 4348 temporisque
1773 4268 2078 4353 angustiis
2108 4269 2557 4354 circumscripti
2605 4270 2924 4355 praeclara
2964 4269 3109 4358 Offi-

882 4360 984 4423 cia
1018 4362 1296 4446 propria
1348 4363 1797 4430 Mater-nitatis
1845 4372 1906 4431 et
1955 4367 2267 4432 Pur-itatis
2310 4367 2389 4432 B.
2441 4370 2538 4435 M.
2602 4369 2672 4434 V.
2721 4389 2756 4434 e
2805 4369 3108 4436 Breviario

890 4457 1160 4523 Romano
1208 4460 1329 4526 huc
1378 4463 1825 4528 transscribere
1875 4485 1995 4530 non
2045 4465 2358 4542 valemus3
2408 4479 2790 4552 quapropter
2826 4468 3104 4535 devotum
