3514 5391
1237 541 1444 609 Aprilis,
1503 540 1683 609 Majiis.

391 835 599 906 Epactae
669 847 674 924 f
796 804 946 1033 ἐξ
1404 938 1410 942 ,

940 993 945 1033 ι

669 894 757 1033 ὶῑιζ
703 807 758 872 <10

965 1108 1228 1173 Tiburtii
1280 1112 1341 1173 et
1388 1106 1700 1172 Valeriani
1748 1113 1928 1173 mart.

963 1215 1209 1280 Anieeti
1255 1215 1464 1298 Papae
1512 1221 1574 1279 et
1619 1219 1801 1280 mart.

959 1323 1195 1389 Soteris
1243 1327 1305 1388 et
1353 1320 1481 1405 Gaji
1530 1321 1844 1406 Paparum
1895 1327 1957 1387 et
2003 1328 2183 1387 mart.

569 1433 625 1516 vj
690 1433 749 1496 A
814 1431 899 1494 23
958 1430 1267 1516 Georgii
1314 1433 1525 1495 mart.
1827 1418 1831 1422 ⁴

565 1543 622 1605 iv
708 1559 741 1602 e
812 1537 895 1602 25
922 1537 1152 1635 'Marci
1199 1535 1657 1623 Evangelistae.

558 1648 619 1731 iij
701 1647 739 1709 d
808 1644 894 1709 26
952 1645 1107 1732 Gleti
1157 1650 1218 1709 et
1263 1643 1610 1708 Marcellini
1657 1643 1989 1728 Paparum.

589 1757 615 1838 j
700 1752 735 1817 f
806 1752 891 1816 28
949 1751 1171 1817 vitalis
1219 1756 1397 1815 mart.

585 1869 618 1903 *
691 1880 739 1945 g
804 1859 1117 1927 291Petri
1167 1862 1344 1923 mart.

558 1130 633 1173 xv
717 1109 749 1172 f
825 1108 907 1172 14

549 1217 630 1299 xij
708 1217 747 1280 b
827 1217 902 1280 17

550 1326 626 1408 vij
708 1346 755 1407 g
816 1323 903 1388 22

757 2426 762 2485 ¹
901 2338 909 2518 ,Ι
1489 2443 1670 2531 ljar.
1719 2443 1973 2531 najus.

406 2650 596 2734 xxviij
677 2645 717 2712 b
838 2647 865 2710 l
927 2642 1263 2729 Philippi
1312 2648 1382 2709 et
1428 2642 1694 2710 Jacobi
1742 2646 2001 2729 Apost.

434 2758 594 2841 xxvij
677 2774 712 2819 e
826 2753 866 2817 2
927 2751 1253 2816 Athanasii
1302 2752 1489 2835 episc.
1543 2758 1604 2817 et
1651 2752 1813 2818 eonf.

452 2865 592 2948 xxvj
672 2841 754 2964 df
823 2859 865 2924 3
922 2857 1203 2924 Iuventio
1250 2879 1300 2923 s,
1351 2857 1567 2924 Crucis
1616 2860 1787 2943 (Mar
1833 2860 2052 2944 Sliba).

473 2991 590 3036 xxv
677 2969 750 3058 el
820 2967 863 3031 4
921 2967 1207 3032 Monieae
1254 2967 1494 3033 viduae.

443 3078 586 3164 xxiij
665 3063 749 3162 g!
820 3075 861 3139 6
919 3073 1178 3139 Joannis
1226 3079 1368 3140 ante
1417 3080 1659 3158 portam
1705 3074 1980 3139 latinam.

462 3185 584 3268 xxij
651 3153 746 3247 A!
820 3182 857 3245 7
884 3227 889 3260 ,
917 3181 1205 3247 Stanislai
1246 3182 1434 3266 episc.
1486 3188 1665 3248 mart.

481 3293 581 3376 xxj
664 3290 702 3355 b
816 3288 855 3353 8
913 3289 1240 3373 Apparitio
1286 3289 1427 3354 Mar
1474 3288 1804 3354 Michaelis
1852 3288 2072 3375 angeli.

505 3420 584 3463 xx
669 3417 701 3462 e
813 3396 854 3459 9
914 3396 1197 3482 Gregorii
1245 3396 1400 3463 Naz.
1452 3397 1639 3481 episc.

481 3507 582 3571 xix
661 3506 700 3569 d
772 3502 854 3566 1o
912 3502 1209 3568 Gordiani
1256 3508 1318 3567 et
1362 3504 1691 3587 Epimaehi
1738 3509 1921 3569 mart.

459 3612 579 3695 xvij
664 3612 697 3675 f
769 3610 851 3673 12
907 3609 1098 3675 Nerei
1144 3615 1207 3674 et
1253 3609 1521 3675 Achillei
1572 3616 1633 3675 et
1680 3611 2035 3677 Domitillae
2085 3617 2263 3677 mart.

501 3742 578 3785 xv
644 3719 699 3783 A
768 3717 850 3780 14
906 3717 1209 3782 Bonifaeii
1256 3723 1439 3783 mart.

473 3827 576 3910 xiij
664 3845 696 3889 e
767 3823 847 3887 16
906 3825 1137 3891 Ubaldi
1185 3826 1375 3909 episc.
1425 3829 1489 3890 et
1536 3827 1696 3891 conf.

539 3956 576 3999 x
653 3931 685 3995 f
765 3932 846 3995 19
902 3931 1327 3997 Pudentianae
1377 3933 1529 4018 virg.

516 4040 575 4105 iv
657 4058 690 4104 e
760 4038 845 4102 25
902 4038 1140 4104 Urbani
1187 4040 1396 4124 Papae
1444 4044 1505 4103 et
1552 4045 1731 4104 mart.

509 4147 572 4229 iij
655 4146 687 4208 f
760 4145 844 4208 26
899 4145 1243 4211 Eleutherii
1288 4147 1498 4230 Papae
1546 4152 1606 4211 et
1651 4155 1832 4212 mart.

533 4255 571 4337 ij
649 4273 693 4336 g
758 4252 839 4314 27
898 4252 1157 4317 Joannis
1204 4252 1412 4337 Papae
1462 4257 1523 4318 et
1568 4259 1748 4341 mart.

436 4361 605 4475 xxix‘
658 4379 690 4422 e
725 4359 873 4546 330¹
904 4360 1125 4424 Felicis
1172 4359 1379 4443 Papae
1428 4364 1488 4424 et
1534 4366 1712 4426 mart.
