3514 5391
1217 539 1294 593 De
1331 539 1443 608 ipsa
1480 539 1903 608 Quadragesima.

422 739 682 815 narium,
733 757 851 821 pro
900 736 1321 813 suo-modulos
1360 731 1792 813 velle-imitari,
1842 738 2209 820 praesertim
2260 758 2450 823 quum

425 835 804 913 Dominiciss
836 827 987 909 licet
1008 847 1131 900 non
1157 833 1415 919 plenum·
1439 834 1873 919 etperfectum
1903 839 2069 901 esset
2091 830 2415 919 j'e‘pmium,

422 933 865 1018 imperfectum
914 929 1134 1000 saltem
1183 939 1243 998 et
1286 932 1669 1018 portionale,
1693 937 1787 997 ut
1815 933 2147 1008 vocabant,
2188 935 2439 1030 ubique

425 1038 611 1108 retur,
661 1047 896 1116 nempe
944 1025 1316 1097 abstinentia
1362 1051 1398 1095 a
1445 1031 1733 1096 carnibus
1782 1036 1844 1096 et
1877 1033 2136 1101 caeteris
2185 1025 2338 1098 cibis
2370 1051 2450 1100 ve

602 1140 765 1206 Aliis
815 1160 889 1205 ea
935 1140 1203 1205 nominis
1250 1121 1404 1205 ratio
1452 1139 1696 1204 videtui
1737 1139 2095 1222 probabilis,
2121 1143 2330 1230 quod,
2381 1161 2450 1227 qu

426 1240 680 1305 modum
731 1237 895 1323 apud
935 1237 1246 1303 Romanos
1295 1256 1369 1302 ex
1402 1257 1515 1302 usu
1548 1237 1777 1313 telonii,
1830 1237 1946 1302 hoc
1978 1246 2090 1314 est,
2143 1258 2218 1303 ex
2246 1240 2450 1326 vectig

425 1339 687 1404 decimis
736 1337 997 1421 aliisque
1043 1334 1347 1402 reditibus
1394 1336 1604 1421 populi
1653 1335 1935 1413 Roma-ni,
1986 1355 2142 1420 quos
2188 1337 2450 1421 publicai

426 1437 679 1522 gebant,
731 1442 839 1502 aut
885 1435 1221 1521 exigendos
1271 1435 1468 1518 pretio
1502 1433 1776 1499 exhibito
1809 1434 2226 1512 venditabant,
2277 1441 2447 1502 certa

429 1535 690 1619 principi
739 1535 870 1600 sive
917 1533 1273 1617 imperatori
1326 1533 1605 1611 cedebat,
1657 1540 1815 1616 quae
1847 1536 1909 1596 et
1944 1529 2447 1619 Quadrayesima

432 1634 834 1699 censebatur:
886 1633 973 1697 ita
1019 1632 1427 1698 abstinentiae
1474 1631 1642 1697 velut
1688 1630 1953 1715 vectigal
2002 1652 2295 1712 annuum,
2345 1652 2450 1718 qu(

434 1732 779 1814 pendimus,
831 1733 910 1796 ad
959 1726 1120 1796 illius
1168 1730 1653 1807 similitudinem,
1710 1727 2249 1814 Qu-adrayesimae
2285 1753 2450 1798 nom(

433 1820 613 1895 titum
662 1829 853 1897 fuerit
874 1829 947 1914 ²).

608 1939 734 2005 Alii
783 1935 1154 2004 vocabulum
1205 1960 1240 2002 a
1287 1958 1545 2003 numero
1595 1939 1888 2003 horarum
1927 1927 2348 2021 ‘repetendum
2398 1959 2450 2005 es

435 2038 657 2116 dicant,
708 2058 869 2123 quae
918 2059 955 2102 a
1002 2041 1200 2103 morte
1249 2035 1482 2102 Christi
1529 2037 1780 2102 Domini
1844 2037 1925 2101 ad
1979 2036 2112 2120 ejus
2161 2056 2450 2105 resurrect

436 2134 883 2211 interfuerunt,
944 2136 1020 2200 ab
1067 2134 1223 2200 hora
1270 2135 1505 2200 scilicet
1552 2140 1727 2200 sexta
1774 2134 2154 2200 Parasceves
2213 2155 2411 2220 usque

437 2233 704 2300 luculum
752 2235 875 2300 diei
923 2234 1253 2311 dominici;
1304 2238 1501 2298 totum
1551 2234 1697 2299 illud
1749 2233 2017 2318 spatium
2070 2233 2236 2298 enim
2260 2233 2450 2317 jejuni

438 2331 737 2418 draqinta
782 2330 1083 2395 horae-mn
1110 2332 1569 2414 continuarum,
1618 2331 1999 2395 diurnarum
2028 2330 2216 2395 simul
2244 2355 2318 2395 ac
2346 2355 2450 2395 ποι

438 2454 569 2494 rum
592 2431 767 2497 initio
793 2429 989 2495 fuisse
1014 2430 1202 2495 veluti
1228 2430 1712 2495 sacratissimam
1735 2425 2254 2516 τεσσαρακοστήν
2279 2428 2450 2495 desth

442 2531 613 2595 multi
659 2550 739 2595 ex
783 2529 1043 2595 eruditis
1090 2529 1341 2604 docent,
1407 2529 1512 2612 qui
1560 2549 1610 2594 s.
1658 2526 2123 2605 Irenaeum,
2193 2529 2268 2592 ab
2319 2527 2450 2593 Eu

443 2628 679 2693 Hister.
729 2627 942 2693 eccles.
998 2626 1032 2692 l
1083 2628 1143 2706 5,
1196 2646 1246 2692 c.
1300 2626 1404 2691 24.
1456 2627 1738 2705 relatum,
1802 2627 2288 2712 interpretantur
2309 2626 2395 2711 ³);

441 2727 792 2818 translatam
846 2720 1181 2809 conjiciunt
1226 2718 1696 2810 appellationem
1749 2726 1826 2790 ad
1868 2724 2171 2809 jejunium
2224 2726 2450 2810 quod

443 2825 563 2890 fere
609 2825 698 2891 40
746 2819 881 2891 dies
930 2821 1379 2910 complectitur.

611 2934 752 2999 Nec
797 2934 1057 3010 desunt,
1125 2932 1233 3016 qui
1279 2952 1504 2998 nomen
1560 2934 1705 2999 inde
1752 2934 2009 2998 ductum
2057 2932 2444 3026 existiment,

437 3031 736 3115 jejunium
781 3032 907 3098 hoc
951 3027 1310 3097 inchoatum
1362 3034 1528 3097 esset
1574 3032 2062 3117 quadragesimo*
2088 3034 2231 3096 ante
2262 3030 2450 3096 Pascl

444 3131 718 3212 quamvis
778 3145 901 3195 non
953 3146 1064 3214 per
1110 3144 1327 3195 omnes
1374 3127 1788 3214 quadraginta
1845 3129 1978 3195 dies
2036 3127 2223 3195 fuerit
2269 3148 2450 3195 serva

613 3237 773 3303 Aliis
821 3237 1090 3320 denique
1134 3240 1649 3323 τεσσαρακοστῆς
1695 3237 2027 3322 appellatio
2076 3237 2153 3301 ab
2200 3236 2438 3315 ultime,

445 3335 916 3421 quadragesimo
954 3335 1174 3419 jejunii
1220 3335 1319 3401 die
1366 3336 1704 3401 derivanda,
1748 3335 2011 3414 videtur,
2061 3334 2279 3401 eodem
2329 3356 2450 3401 mo‹

447 3429 599 3513 lieet,
664 3454 787 3517 quo
841 3431 1441 3520 Quinquayesimae,
1507 3453 1666 3518 quae
1714 3439 1811 3500 est
1859 3438 1998 3518 post
2043 3433 2306 3500 Pascha.
2399 3434 2450 3500 N

446 3526 965 3657 Quinquagesima
1011 3551 1119 3597 seu
1166 3530 1562 3619 πεντηκοστὴ
1624 3530 1871 3617 proprie
1920 3523 2171 3616 quidem
2219 3538 2313 3597 est
2359 3529 2450 3597 die

626 3701 663 3769 ¹)
718 3701 910 3756 Confer
959 3689 1195 3755 Alardi
1243 3699 1497 3755 Gazaei
1554 3702 1899 3756 commentar.
1961 3717 2017 3755 m
2078 3699 2335 3755 Cassiani
2381 3716 2450 3756 coc

450 3799 489 3834 c..
513 3782 597 3850 28,
636 3772 778 3853 cujus
816 3782 1085 3852 inscriptio
1122 3781 1251 3835 liaeo
1289 3785 1397 3835 est:
1441 3782 1626 3849 Quare
1660 3784 1875 3836 vocetur
1905 3780 2450 3851 Quadraqesima,q1

445 3861 590 3927 ginta
628 3865 682 3916 et
713 3878 817 3916 sex
853 3857 1220 3916 tantummodo
1257 3856 1447 3917 diebus
1468 3863 1780 3932 jejunetur.
1839 3861 2009 3931 (Apud
2030 3862 2222 3930 Migne,
2247 3861 2389 3915 Patr.
2417 3862 2450 3915 1ae

452 3956 496 4008 p
534 3943 834 4089 120¹¹})Vide
874 4017 1098 4077 Alard.
1139 3978 1543 4077 Gazaeuml
1584 4040 1630 4078 c.
1667 4040 1716 4093 p.
1759 4022 1914 4080 1205.

621 4101 663 4171 ⁸)
704 4105 936 4160 Citatum
974 4103 1108 4157 huno
1146 4120 1187 4157 S.
1228 4102 1426 4157 Irenaei
1464 4103 1632 4158 locum
1669 4105 1780 4158 sine
1806 4105 1912 4159 ulla
1940 4104 2258 4159 dubitatione
2282 4119 2437 4157 unum

458 4180 791 4239 difficillimum
828 4183 1041 4238 dixeris.
1113 4183 1395 4237 Doctorum
1433 4184 1496 4238 de
1534 4197 1595 4237 eo
1634 4184 1936 4250 sententiaS,
1987 4197 2121 4254 quae
2153 4183 2331 4237 variae
2370 4198 2450 4235 sur

459 4269 609 4317 metat
656 4269 812 4335 atque
851 4262 1101 4333 expendit
1134 4262 1611 4334 Linsenmayr,
1664 4280 1747 4333 pp.
1787 4265 2016 4319 251-31.
2104 4263 2450 4332 Ipsumigitu:

464 4343 564 4431 quia
598 4341 867 4439 institutae
906 4343 1212 4413 scriptionis·
1241 4343 1417 4397 modus
1454 4360 1549 4397 nos
1585 4358 1685 4397 non
1724 4344 1851 4397 sinit
1884 4346 1935 4398 in
1974 4356 2035 4398 eo
2071 4347 2375 4412 argumento
2413 4343 2450 4395 τι

464 4437 477 4472 ι
646 4465 648 4467 .

479 4436 926 4567 ωοᾞὶὶοῃειῆο
967 4504 1005 4558 Ζ
1023 4521 1049 4557 e
1068 4505 1172 4572 ch,
1213 4505 1298 4558 De
1320 4506 1460 4575 jure
1497 4521 1690 4559 rernm
1713 4500 2222 4560 ecelesiastiemvvm,
2259 4503 2341 4555 tit.
2370 4503 2450 4568 21,
