3514 5391
860 496 968 550 394
1574 497 1734 551 Festa
1772 497 1979 551 mobilia
2015 501 2133 566 post
2171 497 2388 551 Pascha.

1043 694 1364 759 Dominico
1415 695 1532 760 hoc
1580 695 1680 759 die
1726 694 1934 779 ipsum
1984 695 2253 810 Spiritus
2300 696 2496 788 sancti
2559 695 2919 759 descensum
2966 693 3100 780 (τὴν

859 788 1205 876 κάθοδον),
1255 787 1596 856 adventum
1637 789 1784 878 (τὴν
1828 783 2309 878 ἑπιφοίτησιν),
2351 807 2661 864 accessum
2710 814 2827 866 seu
2867 795 3097 879 inqres-

859 911 996 952 sum
1028 887 1173 977 (τὴν
1200 883 1581 976 ἐπιδημίαν)
1631 891 1862 973 atque
1846 910 1908 954 ln
1941 910 2013 955 eo
2043 889 2451 976 manifestum
2471 891 2871 956 reconciliati
2894 891 3096 955 nobis·

860 1011 996 1052 cum
1049 989 1180 1052 Dei
1236 989 1451 1052 Patris
1516 997 1947 1074 armamentum
2013 987 2051 1073 (
2047 1010 2192 1075 της
2216 986 2383 1073 πρὸς
2445 985 2613 1052 Θεον
2651 985 2777 1051 καὶ
2841 985 3098 1072 Πατέρα

859 1075 1254 1174 καταλλαγῆς
1300 1084 1582 1173 φαιδράι
1627 1084 1740 1174 τὴν
1788 1083 2181 1170 ἅπόδειξω).
2206 1086 2488 1156 recolunt
2537 1088 2782 1164 Graeci
2830 1088 3096 1152 infinitas

860 1184 992 1268 ejus
1041 1185 1453 1269 perfectiones
1503 1205 1641 1249 cras
1688 1184 1895 1252 latius
1923 1181 2286 1269 explicatuii
2320 1206 2405 1250 ac
2453 1187 2818 1251 veneraturi.

1086 1292 1422 1357 Dominica
1468 1302 1690 1358 octava
1721 1317 1762 1356 α
1795 1293 2116 1374 Pasclaate,
2164 1293 2364 1377 inquit
2394 1293 2632 1358 Allat.
2663 1296 2741 1359 de
2770 1296 2955 1362 Dum.
2989 1294 3095 1360 Gr.

860 1412 913 1455 c,
963 1391 1069 1466 30,
1123 1389 1407 1477 Spiritus
1453 1392 1662 1455 sancti
1707 1401 1833 1472 est,
1899 1401 1959 1454 et
2006 1415 2047 1454 a
2093 1390 2338 1455 dierum
2382 1414 2672 1472 numero,
2734 1415 2897 1479 quae
2942 1395 3097 1458 inter

859 1489 1104 1555 Pascha
1149 1498 1209 1553 et
1255 1511 1392 1554 eam
1438 1500 1803 1571 eaecurrzmt,
1842 1490 2277 1558 *Pentecostes
2304 1513 2527 1554 nomen
2555 1491 2681 1553 sibi
2707 1493 2916 1557 sumit.
2990 1493 3095 1558 Est

861 1588 1089 1653 festum
1136 1589 1414 1654 nascenti
1461 1588 1780 1654 Ecclesiae
1840 1608 2133 1654 coaevum
2199 1608 2271 1653 ac
2304 1609 2431 1672 ,per
2476 1592 2638 1653 totos
2684 1596 2927 1675 septem
2971 1592 3095 1656 dies

860 1708 896 1750 a
939 1685 1229 1752 fidelibus
1277 1686 1659 1763 celebratur,
1722 1686 1949 1769 quibus
1994 1686 2329 1750 hebdomas
2370 1688 2818 1773 pentecostalis
2873 1690 3092 1754 consti·

860 1786 1070 1852 tuitur.
1163 1786 1267 1850 Ad
1315 1806 1452 1851 eam
1502 1805 1623 1849 non
1672 1785 1939 1868 amplius
1988 1786 2258 1874 pertinet
2305 1785 2633 1850 Dominica
2677 1787 2957 1870 proxime
3003 1809 3092 1852 se-

858 1903 1074 1967 quenS,
1139 1904 1261 1967 quo
1307 1884 1397 1962 fit,
1463 1889 1532 1948 ut
1592 1883 1820 1948 festum
1872 1884 2273 1950 Pentecostes
2321 1906 2532 1948 carere
2578 1884 2815 1947 octavis
2863 1885 3094 1950 dicatur

859 1980 926 2045 O.
967 1980 1353 2068 Capellam&
1400 1983 1459 2046 4.
1513 1981 1588 2046 Χ.
1623 1982 1700 2045 de
1731 1981 1934 2068 feriis
1983 1982 2095 2066 (ΙΙ,
2145 1975 2263 2066 9).'

1035 2089 1572 2178 Quemadmodum
1640 2098 2071 2170 Hebraeorum
2148 2099 2518 2164 Pentecoste
2586 2099 2878 2183 primario
2940 2099 3086 2166 cele·

860 2195 1038 2261 brata
1083 2197 1200 2261 fuit
1245 2197 1308 2260 in
1355 2201 1599 2281 gratam
1648 2197 2138 2263 recordationem
2188 2198 2416 2262 summi
2451 2197 2736 2264 beneficii
2764 2198 2944 2264 datae
2982 2198 3090 2262 sibi

858 2294 1015 2381 legis
1062 2295 1125 2359 in
1173 2300 1384 2360 monte
1432 2289 1598 2373 S‘ma,
1649 2297 1736 2360 ita
1780 2289 2151 2362 Pentecoste
2208 2288 2547 2361 christiana
2594 2297 2960 2380 praesertim
3004 2296 3101 2360 in-''

858 2394 1073 2458 stituta
1119 2397 1214 2459 est
1261 2396 1339 2459 ad
1387 2394 1691 2479 agendam
1743 2394 2028 2460 festivam
2075 2395 2441 2460 memoriam
2486 2393 2644 2480 legis
2688 2394 2925 2480 gratiae
2966 2395 3089 2478 ipso

857 2490 976 2555 hoc
1025 2492 1124 2556 die
1171 2491 1232 2556 in
1281 2492 1549 2576 Spiritus
1597 2492 1795 2557 sancti
1855 2493 2121 2557 adventu
2170 2492 2528 2558 solemniter
2573 2492 3002 2586 promulgatae
3028 2490 3086 2574 ι)

859 2588 1139 2672 Utraque
1174 2587 1330 2674 legis
1379 2589 1789 2676 promulgatio
1837 2590 2075 2657 scilicet
2118 2591 2284 2656 facta
2314 2597 2410 2657 est
2456 2591 2971 2677 quinquagesimo
3000 2576 3088 2655 die

858 2710 894 2752 a
942 2685 1270 2768 Paschate,
1320 2688 1484 2755 illa
1468 2712 1529 2754 ιιι
1579 2689 1744 2775 Sina,
1796 2686 1951 2756 haec
1997 2690 2059 2756 in
2109 2688 2276 2756 Sion.
2353 2690 2448 2761 Ibi
2499 2695 2725 2757 terrae
2749 2697 2921 2757 motu
2952 2709 3088 2759 con·

859 2787 1112 2852 tremuit
1166 2808 1379 2867 mons,
1447 2788 1570 2854 hic
1612 2788 1835 2853 domus
1896 2788 2356 2890 Apostolorum
2454 2789 2549 2853 Ibi
2601 2790 2775 2854 inter
2815 2788 3091 2853 flammas

856 2884 1090 2969 ignium
1157 2892 1218 2950 et
1264 2884 1556 2951 micantia
1615 2886 1865 2972 fulgura
1906 2884 2107 2952 turbo
2169 2891 2497 2958 ventorum
2562 2891 2626 2952 et
2672 2887 2885 2973 fragor
2938 2883 3092 2952 toni-

857 2990 1135 3049 truorum
1186 2986 1533 3068 personuit,
1595 2984 1700 3050 hic
1747 3005 1888 3051 cum
1930 2981 2261 3071 ignearum
2308 2974 2541 3050 visione
2580 2973 2944 3070 linguarum
3002 3004 3095 3049 so·

857 3082 1021 3147 nitus
1069 3078 1298 3167 pariter
1343 3085 1421 3148 de
1471 3083 1640 3148 coelo
1690 3087 1984 3167 tanquam
2015 3083 2270 3167 spiritus
2298 3080 2641 3153 vehemens
2666 3082 2933 3149 advenit.
3007 3079 3097 3148 lbi

857 3178 1112 3265 clangor
1157 3178 1457 3247 buccinae
1504 3180 1660 3273 legis
1707 3182 1896 3246 verba
1942 3182 2365 3265 perstrepuit·
2397 3181 2533 3252 hic
2547 3182 2697 3247 tuba
2743 3170 3101 3268 evangelica

855 3277 1301 3379 Apostolorum
1347 3299 1454 3345 ore
1502 3280 1768 3345 intonuit-
1792 3281 1866 3363 2).

1033 3374 1214 3461 Nova
1257 3396 1398 3482 lege
1445 3398 1535 3463 sic
1583 3397 1991 3483 promulgata,
2042 3398 2174 3481 ipso
2223 3397 2343 3462 hoc
2371 3397 2469 3462 die
2518 3396 2722 3479 coepit
2768 3402 2830 3462 et
2866 3395 3106 3481 baptis-

857 3513 997 3558 mus
1053 3514 1190 3563 esse
1251 3496 1657 3573 necessariuS,
1731 3501 1811 3560 et
1853 3495 2190 3560 christiana
2250 3494 2467 3580 religio
2531 3514 2748 3560 omnes
2812 3494 3106 3560 homines

857 3591 1151 3677 obligare,
1202 3594 1393 3659 veteri
1440 3594 1690 3659 foedere
1738 3613 1879 3661 cum
1930 3593 2108 3658 festis
2154 3593 2282 3657 suis
2329 3592 2575 3657 abolito.

1035 3709 1159 3775 Sed
1206 3717 1268 3776 et
1314 3710 1600 3796 specialis
1649 3730 1837 3775 causa
1896 3710 2310 3775 instituendae
2360 3709 2765 3775 Pentecostes
2814 3710 2961 3785 fuit,
3035 3710 3107 3769 ut

854 3808 1091 3894 gratiae
1123 3808 1256 3874 Deo
1304 3815 1637 3894 agerentur
1682 3829 1793 3893 pro
1841 3809 2106 3873 adventu
2137 3807 2404 3892 Spiritus
2433 3808 2630 3873 sancti
2678 3809 2741 3872 in
2770 3808 3104 3877 mundum,

857 3908 916 3971 in
966 3909 1154 3973 corda
1202 3908 1486 3983 videlic-et
1531 3905 1973 3991 Apostolorum
2032 3911 2093 3975 et
2139 3908 2523 3973 caeterorum
2572 3905 2873 3982 fidelium,
2934 3904 3103 3970 sicut

858 4007 1006 4090 ipsis
1055 4005 1340 4072 Christus
1388 4007 1693 4075 Dominus
1740 4006 2112 4090 promiserat
2158 4010 2219 4070 et
2266 4026 2313 4071 s.
2366 4004 2565 4069 Lucas
2613 4009 2823 4069 narrat
2849 4005 2987 4071 Act.
3016 4004 3101 4067 2:

857 4190 908 4194 —V
945 4189 1006 4194 μ.-
1031 4189 1076 4194 -.-.
1139 4189 1192 4197 ,φ-
1231 4190 1280 4194 -.-,

1039 4291 1080 4358 ¹)
1120 4292 1227 4346 Cfr.
1266 4291 1499 4346 Tetam.
1540 4292 1725 4356 Diar„
1764 4291 1883 4345 Not.
1922 4293 1973 4344 in
2009 4291 2211 4344 Domin.
2250 4286 2562 4361 pentecost„
2598 4306 2682 4360 pp.
2719 4290 3011 4345 275—276.

1036 4370 1079 4441 ¹)
1115 4372 1222 4428 Cfr.
1261 4390 1301 4425 s.
1330 4373 1684 4443 Hieronym.
1724 4372 1877 4441 epist.
1906 4373 2013 4435 (78.
2034 4372 2165 4425 alias
2188 4373 2311 4437 127)
2351 4370 2426 4424 ad
2450 4369 2752 4433 Fabiolam,
2789 4367 2978 4424 mansio
2996 4364 3069 4419 12.

856 4453 1027 4523 (Apud
1064 4452 1252 4521 Migne‚
1291 4453 1433 4507 Patr.
1472 4453 1508 4506 1.
1545 4457 1584 4507 t.
1622 4453 1708 4517 22,
1745 4467 1831 4531 pp.
1870 4453 2193 4521 707—708).
2253 4493 2263 4504 .
