3514 5391
1013 542 1184 596 Mense
1215 543 1454 597 Decemb.
1513 543 1778 597 Adventus
1818 543 2038 597 Domini.
2542 546 2646 599 537

584 739 669 803 ‘H
721 736 982 828 νηστεία
1043 745 1172 804 τῶν
1234 738 1786 825 Χριστοῡγέννων,
1853 746 1969 805 τοῦ
2033 736 2217 823 ἁγίου
2285 740 2646 810 Φιλίππου.

417 837 735 926 quunium
784 837 1253 903 Natalitiorum
1308 836 1550 904 Christi
1595 840 1721 903 sive
1769 861 1818 904 8.
1874 838 2173 927 Philippi.

587 963 923 1037 Christiani
970 966 1304 1030 universim
1367 970 1493 1030 toto
1553 964 1675 1030 hoc
1737 969 2037 1049 tempore,
2107 969 2267 1032 sieut
2314 968 2645 1033 hodiedum

415 1062 648 1146 aliquae
697 1063 1026 1148 religiones
1075 1070 1137 1129 et
1184 1064 1481 1130 eeclesiae
1513 1064 1863 1142 orientale8‚
1914 1064 2047 1129 sola
2071 1085 2324 1131 armena
2371 1071 2644 1149 excepta.

414 1161 758 1239 observant,
827 1162 973 1227 olim
1038 1163 1114 1226 ab
1178 1183 1287 1227 esu
1355 1163 1629 1227 carnium
1696 1167 1759 1227 et
1816 1162 2268 1228 lacticiniorum
2334 1164 2646 1229 abstinere

380 1261 706 1338 solebant,
755 1261 900 1326 licet
946 1281 1068 1325 non
1106 1260 1479 1344 jejunarent.
1559 1261 1783 1325 Graeci
1831 1259 1949 1326 hoc
2000 1262 2300 1327 adventus
2339 1262 2642 1346 jejunium

411 1359 641 1424 ducunt
690 1380 721 1423 a
770 1360 868 1424 die
921 1360 1020 1425 15.
1072 1359 1448 1425 Novembris
1475 1360 1556 1443 ¹),
1622 1361 1788 1443 quod
1837 1360 2020 1424 etiam
2071 1361 2410 1445 antiquitus
2458 1381 2648 1444 penes

413 1457 663 1522 Latinos
750 1458 1227 1536 observabatur,
1323 1459 1585 1542 ideoque
1664 1456 1729 1523 S.
1802 1459 2082 1523 Martini
2162 1460 2649 1546 quadrayesi·ma

409 1556 696 1620 audiebat
719 1555 791 1634 ⁵¹).

583 1735 908 1799 Adventus
939 1746 1164 1817 autem,
1199 1737 1387 1801 verba
1419 1741 1563 1801 sunt
1594 1738 1734 1801 rub
1756 1737 1919 1802 rica
1940 1757 1972 1801 e
2006 1738 2054 1800 B
2075 1738 2446 1815 reviarii‚
2498 1738 2643 1801 cele-

406 1831 629 1896 bratur
676 1855 916 1919 semper
962 1834 1065 1898 die
1102 1835 1459 1914 DominicO,
1511 1837 1619 1921 qui
1658 1836 2080 1921 propinquior
2128 1835 2408 1921 estfesto
2442 1837 2651 1900 saneti

403 1930 704 1995 Andreae
750 1931 1067 2018 Apostoli,
1113 1955 1332 2019 nempe
1382 1957 1423 1997 a
1469 1933 1572 1997 die
1619 1935 1725 1999 27.
1782 1933 2155 1997 Novembris
2200 1931 2502 1998 inclusive
2548 1958 2647 1999 us·

405 2051 514 2114 que
571 2030 666 2093 ad
711 2029 878 2094 diem
923 2033 982 2095 3.
1035 2030 1397 2095 Decembris
1461 2030 1797 2096 inclusive:
1861 2033 2038 2116 quus
2099 2033 2350 2118 regulae
2406 2037 2643 2116 partem

404 2128 673 2211 priorem
727 2130 930 2195 verbis
979 2150 1334 2214 expressam
1387 2131 1677 2196 Aniani
1724 2131 1786 2195 in
1837 2135 2127 2214 computo
2175 2131 2536 2196 didicimus:

620 2235 917 2300 Andreae
947 2235 1125 2322 festo
1173 2239 1445 2302 vicinior
1491 2237 1715 2301 ordine
1764 2239 1982 2323 quovis
2006 2237 2057 2320 ⁸)

620 2333 946 2398 Adventus
992 2336 1256 2400 Domini
1291 2337 1511 2422 prima
1557 2334 1709 2400 colit
1736 2334 1943 2421 feria.

624 2432 698 2496 Si
742 2433 936 2496 cadat
980 2435 1049 2497 in
1097 2433 1292 2497 lucem
1339 2434 1621 2510 Domini,
1674 2433 2026 2498 celebratur
2071 2434 2391 2517 ibidem).

587 2558 871 2625 Alteram
922 2565 1181 2643 partem,
1233 2578 1390 2643 quae
1421 2560 1608 2624 etiam
1653 2559 1873 2645 regula
1900 2565 1994 2624 est
2024 2559 2346 2623 Honorii
2379 2562 2488 2624 Au
2507 2579 2645 2643 gu-

398 2658 604 2725 stod.
654 2658 753 2722 De
801 2659 1075 2745 imaqine
1121 2657 1361 2740 mundi,
1423 2678 1475 2724 c.
1531 2657 1654 2724 107
1680 2657 1734 2742 ⁶)
1797 2659 2080 2732 versibus
2143 2656 2470 2734 exhibent,
2540 2657 2643 2740 qui

397 2756 693 2842 leguntur
739 2758 800 2821 in
850 2756 1449 2842 Martyrologio
1498 2778 1549 2821 S.
1599 2757 1966 2823 Victoris
2014 2756 2550 2822 Parisiensis:

617 2864 970 2928 Adventum
1016 2865 1281 2929 Domini
1325 2885 1453 2928 non
1500 2875 1592 2928 eet
1637 2863 1952 2930 celebrare
1998 2862 2361 2928 Decembris

616 2964 766 3026 Post
814 2974 1027 3028 ternae
1078 2963 1328 3041 Nonas,
1373 2959 1471 3026 vel
1517 2964 1773 3049 quintas
1819 2975 1966 3028 ante
2014 2957 2367 3027 Kalendas.

578 3087 766 3173 Erg0‚
815 3089 901 3153 ita
947 3086 1259 3153 concludit
1307 3087 1667 3154 Rubrica
1714 3088 2161 3163 Brevia'rii,
2213 3088 2385 3153 litere

396 3183 632 3250 nicalie
675 3209 954 3267 currens,
1004 3208 1161 3272 quae
1193 3188 1508 3272 reperitur
1539 3188 1608 3249 in
1641 3185 2042 3250 Kctlendario
2068 3189 2121 3269 ⁶)
2170 3210 2209 3250 a
2243 3186 2346 3249 die
2379 3202 2385 3249 Δ

581 3367 623 3433 ¹)
661 3366 852 3435 Relege
890 3382 1021 3435 quae
1059 3364 1121 3419 de
1154 3365 1361 3434 jejuniis
1400 3365 1737 3419 Orientalium
1777 3365 2090 3419 disserentes
2127 3364 2385 3418 annotavi!

393 3464 477 3516 pp.
500 3448 602 3502 ⁶231
633 3451 686 3501 et
705 3447 828 3512 330,
867 3462 928 3500 ac
952 3445 1067 3498 vide
1095 3450 1367 3514 praeterea
1393 3446 1587 3499 claram
1613 3445 1763 3514 hujus
1783 3445 1964 3514 jejunii
1985 3445 2249 3498 Adventus
2273 3461 2385 3513 exp<

394 3526 532 3596 apud
570 3526 635 3580 D.
672 3526 990 3592 Bor·osiu,
1040 3524 1288 3589 Rimata,
1326 3525 1357 3594 ξ
1398 3526 1492 3577 24:
1546 3524 1849 3593 Preqatr're
1885 3524 1940 3577 la
1981 3524 2248 3578 set-borea
2300 3541 2385 3579 cre

395 3623 478 3676 pp.
518 3607 748 3662 34—35.
805 3607 906 3660 Pro
925 3605 1175 3660 Ruthenis
1213 3605 1692 3673 graeco-catholicis
1730 3605 2081 3659 saecularibus
2121 3605 2252 3657 idem
2279 3604 2372 3658 hoc

394 3688 459 3741 ab
497 3688 738 3757 episcopo
776 3687 933 3741 Petro
970 3685 1214 3739 Belanski
1251 3685 1316 3739 ad
1353 3702 1535 3739 novem
1573 3685 1682 3740 dies
1721 3691 1842 3739 ante
1882 3686 2074 3739 Christi
2113 3685 2337 3739 natalem
2376 3702 2385 3738 1

396 3772 629 3821 testatur
663 3768 1156 3823 Harasiewicz.
1197 3767 1307 3821 loco
1346 3784 1502 3836 supra
1540 3768 1761 3821 adducto
1800 3783 1849 3836 p.
1887 3768 2022 3822 457:
2062 3783 2162 3837 qua
2189 3767 2251 3820 de
2277 3783 2334 3819 re
2361 3785 2385 3820 c

394 3847 627 3901 Rmum.
662 3847 931 3915 Pelesz,
973 3846 1288 3901 Geschiclaete
1326 3847 1429 3900 det·
1477 3847 1667 3912 Ifm’on,
1717 3851 1769 3900 t..
1795 3848 1843 3914 2.
1896 3863 1943 3916 p.
1984 3848 2104 3902 743.
2178 3846 2325 3916 Apud
2363 3846 2385 3900 Ε

395 3928 619 3982 tholicos
643 3930 796 3983 etiam
823 3929 1082 4007 in'novem
1108 3928 1216 3981 dies
1243 3931 1564 3982 contractum
1593 3928 1785 3996 legitur
1810 3928 1944 3996 apud
1964 3927 2188 3996 archiep.
2212 3928 2251 3981 C
2268 3927 2385 3980 lem

395 4007 446 4061 in
489 4008 695 4075 „Revue
732 4008 823 4062 des
861 4007 1065 4077 Eglises
1103 4006 1366 4061 d'Orient“
1408 4013 1446 4061 t.
1486 4009 1535 4066 2.
1575 4025 1622 4077 p.
1667 4008 1785 4061 148.

581 4086 626 4154 ³)
660 4088 786 4142 Vide
824 4104 955 4159 quae
993 4088 1055 4142 de
1092 4089 1187 4142 hoc
1225 4088 1521 4157 disciplinae
1560 4089 1727 4156 capit-e
1768 4088 1996 4141 breviter
2033 4087 2235 4158 quidem
2274 4088 2360 4140 sed

394 4169 580 4222 scribit
615 4168 798 4237 Kraus,
837 4169 1441 4239 Real·E'ncyk·lopaedie
1479 4188 1519 4222 s.
1560 4187 1607 4221 v.
1649 4169 2090 4239 Adcentssasten.

584 4248 629 4311 ⁸)
664 4250 726 4303 H.
765 4267 811 4304 e.
850 4251 958 4304 sive
997 4268 1028 4304 a
1065 4255 1214 4319 parte
1253 4257 1392 4316 ante,
1432 4251 1539 4303 sive
1579 4267 1609 4303 a
1649 4255 1799 4318 parte
1839 4257 1973 4318 post.

583 4327 628 4389 ⁴)
664 4329 881 4384 Edition.
921 4331 1190 4399 Argentin.
1230 4347 1312 4383 an.
1354 4332 1508 4394 1488,
1549 4329 1634 4383 fol.
1675 4328 1914 4383 XXXIII.

579 4407 628 4472 ⁵)
663 4411 806 4479 Apud
846 4411 1033 4479 migne,
1074 4410 1215 4464 Patr.
1255 4410 1287 4464 1.
1326 4416 1364 4465 t.
1406 4412 1525 4472 172,
1565 4427 1612 4479 p.
1657 4411 1774 4465 164.

585 4489 630 4557 ο)
666 4491 768 4544 Cfr.
809 4500 931 4545 tom.
975 4495 1020 4559 1,
1060 4509 1143 4562 pp.
1183 4492 1252 4545 23
1290 4496 1344 4545 et
1383 4492 1467 4548 25.
