3514 5391
1032 514 1167 570 Ordo
1207 518 1453 571 festorum
1494 516 1741 571 ecclesiae
1782 533 2038 571 armonae.

991 715 1161 769 Sectio
1199 713 1261 766 V.
1325 715 1599 768 Vartavar.
1657 714 2083 782 Transfiguratio.

422 904 487 961 ut
538 895 672 960 aliis
722 895 939 979 placet,
1009 895 1152 978 quia
1199 894 1401 979 fulgor
1450 893 1842 967 Divinitatis,
1912 895 2015 978 qui
2074 895 2135 959 in
2185 915 2332 978 eorp

419 1014 566 1058 rosa
614 995 672 1058 in
722 992 911 1058 calice
960 994 1195 1058 tamdiu
1244 993 1524 1069 latuerat,
1590 994 1648 1057 in
1699 994 1833 1075 ejus
1882 993 2328 1071 Transfigurati

421 1092 667 1176 prodiit,
721 1099 778 1155 et
829 1091 1013 1155 velut-i
1064 1112 1204 1156 rosa
1250 1112 1387 1155 sese
1437 1092 1746 1174 explicuit.

613 1325 840 1388 Feria
893 1325 965 1390 V.
1038 1326 1286 1389 Festum
1336 1325 1544 1388 Isaiae
1587 1325 1952 1410 prophetae.

601 1468 831 1533 Isaiam
879 1467 1110 1552 Proph.
1162 1467 1442 1532 Menol.
1495 1470 1765 1534 Graec.
1817 1471 1989 1551 ponit
2037 1470 2095 1534 d.
2129 1470 2187 1534 9.
2224 1470 2332 1551 Ma

412 1589 569 1631 vero
618 1570 679 1632 d.
735 1568 833 1633 17.
884 1568 1078 1648 ejusd.
1179 1569 1260 1630 At
1324 1567 1455 1649 ejus
1522 1569 1743 1631 festum
1809 1567 2153 1631 celebratur
2213 1567 2311 1630 hio

409 1667 472 1731 6.
536 1664 707 1741 Julii,
759 1666 873 1729 snb
924 1686 1045 1748 qno
1094 1666 1191 1728 die
1241 1687 1382 1729 eum
1433 1666 1620 1729 refert
1670 1665 1897 1731 Mart.
1952 1664 2153 1731 Rom.

608 1898 976 1961 sabbato.
1075 1899 1327 1962 Festum
1386 1899 1720 1962 Tkadclaei
1781 1922 1883 1983 ap.
1953 1909 2012 1960 et
2059 1899 2332 1969 Sanducl]

607 2085 797 2150 Juxta
822 2088 923 2150 Ar
944 2108 1021 2150 m.
1051 2086 1397 2163 historicos,
1431 2088 1546 2151 fuit
1579 2087 1674 2151 hic
1709 2107 1867 2152 unus
1899 2107 1970 2150 ex
2006 2087 2088 2150 72
2117 2087 2328 2171 Diseip

408 2186 470 2251 J.
531 2184 629 2249 Oh
676 2236 688 2259 ,
758 2187 858 2270 qui
922 2189 1063 2269 post
1124 2186 1254 2269 ejus
1304 2186 1727 2251 ascensionem
1779 2184 2079 2250 Edessam
2133 2187 2332 2270 profes

408 2304 668 2368 garum,
737 2285 1154 2349 Armenorum
1207 2304 1439 2369 regem.
1509 2284 1747 2348 sanavit
1809 2289 1866 2347 et
1917 2285 2279 2367 baptizavit,

410 2383 742 2447 eivitatem
810 2382 868 2445 in
938 2380 1167 2447 Christi
1235 2383 1356 2447 fide
1424 2383 1705 2448 erudivit.
1815 2382 1970 2446 Tum
2042 2383 2103 2446 in
2163 2384 2332 2449 Arm‹

409 2482 839 2545 Sanatrucum‘
889 2480 1160 2565 Abagari
1228 2482 1458 2572 sororis
1520 2481 1713 2546 filium
1766 2501 1831 2544 se
1896 2480 2220 2546 conferens
2271 2503 2330 2546 m

412 2577 735 2652 instruxit,
805 2600 875 2642 ac.
940 2580 1097 2645 inter
1146 2584 1420 2645 caeteros
1470 2579 1894 2645 Sanduehtam
1965 2580 2286 2665 virginem,

410 2677 639 2755 filiam,
691 2678 855 2761 quod
904 2698 1087 2764 aegre
1136 2679 1342 2745 ferens
1374 2679 1751 2745 Sanatrueus
1802 2679 1999 2763 primo
2049 2677 2234 2744 filiam
2287 2700 2332 2744 st

409 2775 745 2842 duehtam.
780 2777 1001 2842 deinde
1031 2778 1432 2843 Thaddaeum
1466 2779 1762 2863 martyrio
1798 2777 2017 2843 affecit.
2085 2778 2323 2842 Horum

409 2877 482 2940 M
507 2896 626 2940 en.
680 2877 883 2943 Arm.
953 2878 1269 2961 assignant
1329 2880 1387 2942 cl.
1441 2878 1545 2943 23.
1601 2877 1983 2943 Decembris,
2053 2877 2332 2941 inventim

413 2972 849 3057 Reliquiarum
911 2974 969 3039 d.
1020 2974 1124 3040 30.
1176 2975 1360 3057 Maji,
1429 2977 1689 3059 ideoque
1754 2976 1857 3040 hie
1906 2976 2108 3062 agitur
2154 2995 2332 3040 eorur

414 3072 593 3137 haud
647 3066 829 3157 longe
878 3073 954 3137 ab
1001 3072 1105 3138 illo
1154 3075 1271 3139 die.
1367 3074 1683 3140 Nonnulla
1731 3074 2110 3139 Kalendaria
2159 3079 2297 3159 post

412 3178 551 3236 tam
605 3170 906 3254 virginem
957 3172 1221 3236 addunt:
1284 3183 1341 3236 et
1388 3171 1840 3259 discipulorum
1897 3171 2247 3249 Thaddaei,
2300 3173 2332 3233 2

413 3267 920 3333 Zemenduchtae
984 3269 1139 3353 (sive
1189 3272 1413 3335 rectius
1472 3291 1544 3335 ex
1593 3270 1762 3335 Men.
1816 3270 2332 3335 Zao-manduchtw

411 3367 643 3445 raetia,
695 3368 795 3451 qui
848 3388 883 3431 a
930 3367 1263 3434 Thaddaeo
1312 3370 1592 3435 instructi
1645 3370 2009 3454 martyrium
2072 3370 2147 3433 ab
2207 3370 2332 3433 eod*

414 3476 602 3532 truco
653 3466 1056 3555 pertulerunt,
1110 3487 1368 3552 quornm
1420 3469 1604 3533 etiam
1657 3467 1973 3552 Reliquiae
2023 3467 2326 3533 revelatae

417 3585 572 3629 eum
623 3563 921 3650 Reliquiis
967 3586 1016 3630 s,
1063 3565 1397 3644 'l'haddaei‚
1449 3563 1516 3630 ut
1564 3571 1771 3630 narrat
1802 3566 1996 3630 Men.
2045 3566 2128 3629 ib.
2162 3567 2236 3630 ad
2271 3567 2329 3628 d.

610 3672 800 3737 Juxta
847 3672 1174 3737 historicos
1238 3693 1525 3738 armenos
1573 3673 1761 3757 igitur
1807 3671 2177 3737 Thaddaeus
2241 3693 2332 3736 nos

420 3792 501 3835 ex
560 3770 639 3835 72
690 3770 1044 3855 DiscipuliS.
1094 3769 1247 3835 alius
1296 3772 1410 3836 fuit
1461 3771 1536 3835 ab
1586 3769 1708 3847 illo,
1761 3770 1864 3854 qui
1915 3776 2045 3834 erat
2093 3791 2163 3835 ex
2210 3791 2332 3835 nun

420 3869 632 3935 decim
703 3870 1177 3953 Apostolorum,
1258 3876 1440 3954 prout
1504 3875 1677 3935 notat
1742 3870 1924 3933 etiam
1997 3867 2332 3933 Gaiana*

424 3980 578 4032 tom.
627 3971 689 4047 1,
739 3991 877 4054 cap.
929 3971 986 4034 1.
1096 3967 1255 4034 Hine
1307 3968 1500 4033 Men.
1554 3969 1756 4032 Arm.
1819 3968 2001 4031 vitam
2055 3967 2307 4032 alterius

423 4065 572 4150 (qui
617 4066 804 4131 etiam
849 4066 1063 4132 Judas
1094 4066 1327 4131 Jacobs
1377 4067 1726 4143 vocabatur,
1778 4071 1839 4130 et
1884 4085 2045 4130 unus
2076 4070 2210 4130 erat
2239 4087 2313 4131 ex

425 4166 784 4249 ApostoliS‚
850 4167 953 4249 qui
1017 4165 1385 4233 catholicam
1446 4165 1770 4250 epistolam
1836 4166 2101 4249 scripsit,
2170 4168 2232 4229 et
2281 4165 2330 4229 si

425 4264 890 4348 Mesopotamia
935 4271 996 4330 et-
1042 4266 1106 4329 in
1154 4266 1452 4330 Armenia
1496 4265 1935 4348 praedicavit),
2003 4262 2194 4328 refert
2242 4263 2332 4329 sul

430 4382 662 4445 nempe
718 4363 817 4428 16.
867 4363 1210 4430 Februarii.
1292 4363 1444 4446 Ejus
1494 4382 1636 4428 vero
1685 4363 1914 4427 festum
1965 4361 2314 4427 celebratur

436 4458 914 4525 Bartholomaeo
965 4465 1177 4527 mense
1232 4461 1625 4527 Decembris:
1690 4461 1971 4543 quamvis
2020 4459 2195 4524 multi
2248 4479 2332 4524 aus
