3514 5391
810 508 915 568 206
1079 558 1085 564 .
1459 507 1619 563 Festa
1656 509 1875 586 mobilia
1888 510 1940 563 in
1978 509 2402 581 Quadragesima.

814 707 877 774 h.
930 727 1004 785 6.,
1070 706 1333 789 floribus
1380 718 1645 785 ornata,
1711 708 1896 793 vulgo
1945 709 2339 796 Zur-sartar,
2403 709 2736 774 arboribus
2791 719 3057 790 ornam

812 806 872 871 in
920 806 1092 872 libris
1140 804 1573 870 ecclesiasticis
1621 807 1808 871 etiam
1857 827 1894 872 a
1940 807 2161 873 festivo
2192 807 2611 894 evangelismo
2646 827 2877 895 graeca
2901 826 3050 874 voce

815 904 1233 990 Euloqumene
1273 902 1635 987 appellatur,
1684 905 2210 987 quemadmodum
2247 906 2744 971 animadversum
2770 906 2903 986 jam
2938 911 3050 972 est.

991 1012 1439 1094 Antiquitatem
1510 1010 1650 1075 festi
1713 1010 2070 1077 Palmarum
2138 1013 2302 1096 quod
2367 1017 2640 1097 spectat,
2715 1012 3053 1077 affirmavit

815 1111 1069 1194 quidem
1136 1109 1535 1187 Martene,
1620 1109 1860 1175 nullum
1927 1110 2061 1194 ejus
2127 1111 2455 1196 vestigium
2529 1116 2670 1176 ante
2736 1110 3048 1176 saeculum

813 1213 1096 1274 octavum
1144 1226 1455 1272 nonumve
1502 1207 1861 1287 occurrere;
1912 1228 2124 1273 verum
2177 1209 2681 1274 Benedictus
2721 1208 2852 1273 ΡΡ.
2884 1207 3050 1274 XIV.

814 1327 888 1371 ex
935 1306 1239 1371 Merato
1288 1304 1545 1389 aliisque
1594 1306 1871 1391 probatis
1919 1307 2275 1373 auctoribus
2321 1308 2595 1373 ostendit
2638 1308 2678 1373 l.
2712 1328 2786 1384 c.‚
2836 1308 3051 1392 gul,

813 1405 1043 1470 cultum
1093 1402 1279 1487 hujus
1328 1404 1691 1470 Dominicae
1737 1404 1922 1492 longe
1954 1407 2353 1472 vetustiorem
2384 1406 2859 1482 existimandum
2896 1424 3054 1485 esse.

812 1503 893 1568 Et
951 1523 1099 1568 sane
1158 1502 1322 1566 diem
1370 1501 1739 1567 Palmamm
1797 1505 1860 1569 in
1921 1503 2258 1570 Occidente
2313 1507 2763 1570 commemorat
2808 1503 3052 1569 saeculo

814 1602 1079 1685 septimo
1127 1621 1177 1667 s,
1226 1601 1597 1665 Isidorus
1645 1601 2199 1686 HispalensiS,
2263 1603 2415 1668 locis
2476 1624 2514 1668 a
2558 1603 2737 1668 nobis
2785 1603 2920 1686 jam
2967 1603 3050 1668 ci-

814 1701 994 1777 tatis;
1061 1700 1124 1764 in
1173 1698 1424 1764 Oriente
1485 1706 1689 1766 autem
1739 1699 1935 1766 multo
1998 1703 2319 1782 maturius,
2381 1706 2523 1786 post
2569 1700 3054 1786 Peregrina-

815 1801 1110 1883 tionem
1161 1798 1466 1864 Silviae
1513 1798 1768 1864 saeculo
1816 1805 2036 1883 quarto
2063 1800 2131 1883 ¹),
2183 1799 2545 1885 Oyrillus
2593 1799 3053 1884 Scytopoli-

813 1903 1042 1962 tanus
1089 1899 1150 1961 in
1210 1896 1359 1961 Vita
1403 1919 1451 1964 s.
1503 1897 1847 1984 Euthymii,
1896 1917 2082 1982 quem
2131 1918 2289 1963 anno
2335 1898 2470 1964 423
2517 1898 2744 1964 obiisse
2790 1898 3054 1963 diximus

814 1999 980 2061 tomo
1033 1995 1090 2072 1,
1140 2015 1199 2078 p.
1250 1996 1356 2061 78.
1451 1996 1715 2061 Textum'
1764 1995 1904 2062 heic
1952 1997 2149 2062 habes
2215 2020 2272 2081 p.
2329 1998 2475 2062 191.
2572 1997 2661 2062 Ut
2708 1991 2886 2081 plura
2932 2016 3051 2061 non

815 2114 1193 2172 coacervem,
1244 2093 1378 2159 aliis
1424 2097 1901 2179 praetermissiS‚
1950 2116 2143 2161 unum
2184 2096 2608 2161 testimonium
2638 2097 2877 2160 tantum
2913 2113 3052 2178 pro-

815 2192 1039 2258 ducam
1105 2212 1180 2256 ex
1241 2191 1490 2257 laudata
1537 2193 2054 2279 Pei-eqrinatione
2101 2192 2343 2258 Silviae
2403 2196 2480 2259 de
2540 2195 2661 2258 ritu
2718 2192 3053 2257 hodiernae

817 2290 1227 2374 processionis
1272 2289 1724 2375 Hierosolymis
1774 2291 2139 2358 celebratae.
2217 2292 2312 2357 Ex
2360 2313 2433 2357 ea
2459 2294 2627 2378 'ergo
2665 2311 2872 2376 ,pauca
2899 2290 3053 2355 haec

814 2389 1056 2471 accipe:
1262 2384 1270 2392 ’
2099 2401 2103 2406 ’

993 2554 1006 2570 .
1047 2557 1060 2570 .
1101 2557 1112 2569 .
1168 2510 1373 2570 Omnis
1410 2514 1657 2586 populus
1697 2514 1984 2573 ascendet
2035 2514 2094 2572 in
2133 2521 2330 2573 monte
2372 2513 2605 2573 Oliveti
2643 2559 2656 2573 .
2697 2555 2711 2569 .
2752 2558 2765 2571 .
2823 2511 3053 2571 subitur

816 2611 941 2651 cum
979 2594 1173 2666 ymnis
1212 2594 1271 2650 in
1308 2592 1610 2651 Imbomon
1633 2592 1694 2665 ²),
1734 2594 1796 2652 id
1836 2600 1930 2653 est
1970 2595 2029 2652 in
2070 2612 2139 2653 eo
2176 2596 2324 2666 loco,
2364 2595 2436 2653 de
2475 2612 2588 2667 quo
2626 2594 2901 2653 ascendit
2932 2592 3051 2650 Do·

814 2673 1004 2731 minus
1042 2673 1101 2731 in
1141 2673 1322 2732 coelis
1360 2716 1373 2733 .
1415 2718 1428 2731 .
1469 2725 1480 2735 .
1549 2673 1855 2734 Dicuntur
1904 2681 1967 2733 et
2002 2676 2086 2734 ibi
2123 2676 2286 2748 ymni
2338 2676 2435 2734 vel
2474 2675 2834 2749 antiphonae
2873 2679 3050 2748 aptae

814 2754 940 2812 1000
968 2760 1073 2812 aut
1098 2753 1234 2825 diei,
1265 2754 1545 2813 similiter
1570 2762 1634 2813 et
1660 2756 1949 2814 lectiones
1978 2757 2369 2830 interpositae
2397 2763 2460 2815 et
2488 2757 2806 2815 orationes.
2845 2754 3049 2813 Etiam

813 2852 984 2907 quum
1025 2835 1289 2908 coeperit
1326 2852 1456 2893 esse
1495 2836 1644 2893 hora
1680 2837 1995 2895 undecima
2010 2836 2056 2908 ⁹)
2107 2838 2333 2910 legitur
2383 2837 2487 2896 ille
2539 2838 2702 2897 locus
2754 2837 2827 2894 116
2876 2849 3051 2894 evan·

812 2915 986 2987 geno,
1023 2916 1125 2973 ubi
1163 2914 1426 2973 infantes
1467 2933 1594 2974 cum
1634 2917 1818 2975 ramis
1858 2918 1954 2976 vel
1992 2919 2208 2990 palmis
2249 2924 2637 2977 occurrerunt
2671 2917 2928 2976 Domino
2967 2915 3050 2973 di-

815 3002 1048 3054 centes:
1087 2996 1438 3063 Benedictus,
1475 2997 1572 3066 qui
1603 2998 1748 3065 venit
1783 2998 1839 3052 in
1876 2999 2090 3052 nomine
2126 2999 2367 3052 Domini.
2428 2997 2515 3056 Et
2552 2998 2757 3057 statim
2796 2998 2962 3057 levat
2985 3013 3048 3054 86

814 3077 1122 3149 episcopus
1174 3082 1236 3134 et
1272 3077 1458 3134 omnis
1495 3077 1742 3150 populus
1780 3094 1986 3152 porr03
2036 3079 2174 3137 inde
2215 3079 2287 3136 de
2326 3095 2549 3137 summo
2586 3086 2786 3137 monte
2825 3076 3051 3136 Oliveti

812 3164 1000 3215 totum
1037 3157 1288 3231 pedibus
1324 3157 1464 3214 itur.
1537 3156 1691 3215 Nam
1745 3164 1904 3216 totus
1945 3160 2191 3232 populus
2244 3166 2385 3217 ante
2435 3160 2624 3232 ipsum
2678 3175 2810 3218 011111
2858 3157 3050 3231 ymnis

813 3239 910 3298 vel
951 3237 1305 3310 antiphonia,
1344 3237 1776 3309 respondentes
1814 3252 2079 3313 semper:
2115 3236 2451 3294 Benedictus
2474 3240 2734 3310 quivenit
2758 3240 2811 3293 in
2841 3238 3052 3293 nomine

812 3318 1051 3373 Domini.
1124 3317 1210 3375 Et
1245 3322 1528 3390 quotquot
1563 3325 1701 3376 811111
1736 3317 2002 3377 infantes
2052 3319 2114 3377 in
2148 3320 2379 3378 hisdem
2418 3321 2597 3392 10018,
2647 3336 2830 3393 usque
2869 3319 3048 3376 etiam

810 3397 908 3469 qui
962 3398 1211 3471 pedibus
1268 3399 1576 3457 ambulare
1633 3414 1746 3456 non
1803 3404 2076 3473 possunt,
2128 3400 2266 3473 quia
2316 3400 2515 3458 teneri
2564 3407 2731 3472 sunt,
2784 3400 2845 3458 in
2896 3399 3047 3457 collo

815 3479 948 3536 illos
980 3484 1268 3555 parentes
1307 3478 1398 3536 sui
1432 3486 1659 3549 tenent,
1710 3497 1914 3539 01111168
1951 3498 2147 3539 ramos
2183 3485 2490 3553 tenentes,
2543 3481 2649 3539 alii
2700 3480 3049 3554 palmarum,

815 3558 923 3615 alii
959 3557 1280 3629 olivarum;
1321 3565 1383 3617 et
1419 3560 1506 3617 810
1544 3560 1859 3618 deducitur
1896 3560 2206 3633 episcopus
2245 3561 2303 3618 in
2334 3577 2401 3619 60
2429 3567 2587 3634 typo,
2626 3578 2737 3634 quo
2763 3567 2904 3619 tunc
2931 3558 3053 3617 Do·

814 3638 1001 3696 minus
1041 3638 1326 3697 deductus
1365 3646 1473 3698 est.
1547 3639 1633 3698 Et
1671 3641 1743 3699 de
1785 3658 2005 3699 summo
2045 3648 2241 3699 monte
2279 3658 2462 3714 usque
2502 3642 2580 3700 ad
2618 3641 2949 3709 civitatem,
2989 3645 3052 3696 et

814 3719 951 3776 inde
980 3719 1056 3776 ad
1081 3719 1389 3778 Anastase
1416 3737 1524 3793 per
1548 3726 1737 3779 totam
1766 3721 2094 3791 civitatem,
2120 3728 2306 3780 totum
2337 3721 2614 3795 pedibus:
2655 3720 2839 3778 omnis
2865 3718 3053 3788 sedet,

815 3800 866 3857 si
906 3816 1056 3873 quae
1096 3806 1405 3859 matronae
1443 3808 1597 3873 sunt,
1638 3807 1743 3860 aut
1782 3802 1835 3860 si
1873 3803 1973 3875 qui
2008 3801 2253 3860 Domini
2271 3802 2345 3874 ⁴)=
2384 3803 2472 3860 sic
2510 3801 2810 3859 deducunt
2833 3799 3052 3873 episco-

996 4060 1038 4127 ¹)
1077 4059 1284 4130 Scripta
1321 4066 1402 4114 est
1440 4060 1836 4131 „Peregrinatio
1872 4059 2098 4115 Silviae“
2133 4061 2273 4115 inter
2309 4076 2391 4114 an.
2430 4060 2731 4115 385—388.

995 4140 1038 4208 ²)
1079 4140 1171 4195 Gr.
1208 4139 1549 4211 Ἐμβώμιον,
1587 4142 1721 4212 quod
1759 4143 1809 4196 in
1847 4142 2000 4196 altari
2041 4142 2123 4196 vel
2161 4146 2415 4211 suggestu
2454 4146 2552 4194 est.

994 4219 1040 4287 ⁸)
1080 4221 1273 4276 Nostra
1309 4223 1437 4276 hora
1474 4222 1523 4276 5.
1561 4227 1790 4292 vespert.

994 4303 1038 4370 ⁸)
1079 4301 1144 4356 D.
1183 4301 1242 4356 F.
1281 4301 1556 4370 Cabrol,
1594 4304 1679 4373 qui
1718 4303 1868 4357 docte
1905 4318 1964 4356 ac
2004 4301 2294 4371 diligenter,
2334 4307 2392 4357 ut
2427 4302 2612 4362 omnia.
2651 4299 2782 4355 hanc
2821 4299 2941 4353 festi
2966 4298 3048 4352 de·

814 4384 1143 4453 scriptionem
1181 4381 1425 4449 illustrat,
1465 4387 1793 4452 praesentem
1829 4388 2030 4437 textum
2067 4383 2142 4437 sic
2179 4382 2580 4451 interpretatur:
2620 4379 2929 4452 „L’eveque‚
2965 4378 3048 4448 qui

814 4469 1112 4533 represente
1150 4464 1198 4516 le
1237 4462 1503 4531 seigneur,
1542 4468 1625 4516 est
1661 4464 1885 4529 conduit,
1923 4479 2117 4517 comme
2155 4462 2240 4525 lui,
2280 4478 2369 4515 sur
2405 4478 2471 4515 un
2497 4468 2609 4523 ane,
2648 4461 2713 4514 du
2739 4465 2957 4516 sommet
2985 4459 3048 4513 de
