3514 5391
875 520 981 572 422
1068 527 1082 537 ⁸
1593 514 1752 567 Festa
1791 514 1998 567 mobilia
2034 519 2153 581 post
2192 511 2407 565 Pascha.

1051 807 1149 869 De
1209 827 1434 889 mayno
1495 800 1798 867 Jubilaeo
1868 802 2059 865 anni
2120 799 2385 863 saneti
2452 809 2726 884 tempore
2795 797 3105 882 Quinqua-

870 905 1139 990 9esimae
1175 899 1507 989 paschalis
1556 900 1917 964 solemniter
1965 898 2431 962 annuntianda

1051 1047 1166 1126 Qui
1217 1047 1509 1111 vicesimo
1559 1045 1774 1128 quinto
1822 1063 2068 1127 quoque
2118 1063 2277 1107 anno
2332 1042 2561 1106 Romae
2611 1063 2645 1104 a
2686 1041 2910 1125 vigilia
2938 1040 3108 1104 Nati-

874 1146 1077 1210 vitatis
1127 1145 1378 1210 Domini
1440 1143 1792 1208 celebratur
1842 1165 2101 1226 magnus
2147 1139 2488 1204 Jubilaeus
2550 1160 2659 1204 seu
2719 1163 2925 1203 annus
2970 1162 3109 1202 san-

872 1255 1026 1322 ctae,
1077 1244 1473 1326 praecedenti
1522 1242 1680 1307 festo
1731 1241 2136 1306 Ascensionis
2186 1240 2436 1304 Domini
2487 1239 2848 1304 solemniter
2880 1259 3109 1303 annun-

875 1344 1081 1419 tiatur,
1150 1343 1442 1426 qnoniam
1507 1362 1578 1405 eo
1642 1341 1744 1405 die
1811 1341 2154 1404 ascendens
2218 1338 2504 1403 Christus
2571 1339 2630 1402 in
2695 1335 2885 1402 altum
2949 1337 3109 1401 dedit

872 1444 1034 1505 dona
1083 1441 1473 1515 hominibuS‚
1543 1440 1620 1503 ad
1685 1459 1843 1521 quae
1906 1438 2091 1501 etiam
2157 1437 2645 1501 extraordinaria
2701 1436 2804 1500 illa
2849 1434 3109 1500 Jubilaei

871 1540 1258 1625 indulgentia
1318 1543 1586 1622 spec-tat,
1655 1561 1814 1622 quae
1874 1539 1945 1599 in
2007 1538 2196 1599 annis
2255 1536 2606 1600 centesimis
2668 1558 2709 1596 a
2758 1534 3112 1597 Nativitatc

879 1636 1118 1702 Christi
1178 1637 1327 1701 olim
1374 1636 1631 1700 concedi
1688 1634 1883 1698 solita
1931 1635 2305 1720 perhibetur
2362 1633 2429 1700 O.
2461 1634 2887 1720 Antiquomm
2940 1636 2992 1697 l.
3041 1633 3113 1696 de

870 1736 1099 1820 poenit.
1151 1740 1213 1799 et
1261 1736 1503 1800 remiss,
1542 1736 1807 1798 Eoetrav.
1883 1733 2009 1798 cfr.
2062 1733 2214 1798 Jul.
2269 1733 2540 1798 Lavor.
2593 1735 2684 1797 de
2733 1732 3110 1796 Laurino.

872 1835 1122 1918 proprio
1172 1837 1438 1898 tractatu
1488 1833 1565 1896 dc
1611 1831 1937 1913 Jubizaeo,
1989 1852 2041 1895 c.
2094 1832 2198 1897 24.

1059 2032 1155 2093 De
1201 2031 1403 2093 variis
1448 2029 1809 2094 nominibus
1856 2030 2338 2092 Dominicarum
2390 2026 2960 2113 Quinquayesimae
2991 2050 3113 2113 pa-

873 2130 1126 2194 sohaZiS.

1049 2271 1410 2337 Dominieae
1477 2272 1804 2355 paschales
1872 2272 2037 2361 varie
2104 2270 2513 2355 appellantur.
2621 2272 2791 2351 Quae
2854 2270 2916 2333 in
2968 2269 3109 2333 Bre-

873 2372 1059 2435 viario
1095 2370 1372 2435 Romano
1398 2372 1824 2435 inscribuntur
1854 2370 2229 2433 Dominicae
2261 2369 2554 2450 secunda,
2606 2369 2818 2450 tertia,
2868 2377 3112 2453 quarta,

873 2470 1094 2553 quinta
1133 2479 1282 2554 post
1329 2470 1594 2547 Pascha,
1644 2469 1704 2532 in
1757 2468 1993 2532 Missali
2048 2472 2343 2532 vocantur
2394 2468 2765 2531 Dominicae
2821 2466 3112 2542 secunda,

871 2569 1082 2648 tertia,
1132 2577 1384 2652 quarta,
1435 2568 1657 2651 quinta
1706 2567 2002 2630 Paschae.

1050 2675 1384 2740 Praeterea
1441 2695 1598 2758 quae
1648 2678 1744 2739 est
1792 2674 2069 2738 secunda
2119 2674 2428 2752 Paschae,
2494 2672 2567 2737 ab
2620 2671 2958 2759 Evangelio
3008 2692 3111 2736 suo

873 2775 1058 2839 etiam
1110 2775 1449 2838 Dominica
1496 2773 1712 2837 Bonus
1750 2783 1984 2859 pastor
2029 2778 2422 2856 nuncupatur
2484 2773 2550 2863 in
2603 2773 2744 2855 jure
2794 2772 2859 2836 O.
2919 2770 3114 2844 Quum

876 2872 1095 2936 dilecti
1142 2874 1202 2937 6.
1253 2873 1330 2935 de
1378 2872 1519 2936 dolo
1567 2878 1628 2936 et
1679 2872 2085 2936 contumacia.

1050 2980 1218 3059 Quae
1275 2999 1438 3044 nunc
1488 2980 1831 3043 Dominica
1895 2979 2076 3065 infra
2132 2980 2433 3042 Octavam
2488 2976 2896 3042 Ascensiom's
2959 2979 3115 3042 dieta

872 3079 1118 3162 legitur,
1183 3077 1328 3141 olim
1376 3083 1505 3141 erat
1555 3078 1898 3141 Dominio-a
1958 3077 2033 3140 de
2082 3100 2232 3141 rosa
2292 3076 2389 3142 vel
2437 3076 2512 3139 de
2559 3079 2757 3155 rosis,
2825 3078 2991 3160 quod
3047 3094 3112 3139 ee

872 3178 970 3240 (lie
1034 3178 1110 3240 de
1170 3176 1489 3240 altitudine
1556 3175 1771 3259 templi
1840 3182 2089 3240 sanctae
2154 3176 2391 3240 Mariae
2454 3175 2812 3251 Rotundae,
2879 3176 2943 3239 in
3000 3194 3114 3257 quo

871 3280 1017 3339 tunc
1066 3275 1248 3338 statio
1298 3275 1744 3349 celebrabatur,
1799 3296 1972 3339 rosae
2022 3274 2437 3355 dejicerentur
2484 3274 2543 3337 in
2580 3274 2841 3358 figuram
2879 3272 3111 3338 venturi

872 3372 1138 3456 Spiritus
1186 3373 1402 3453 sancti,
1468 3392 1588 3455 quo
1638 3393 1787 3436 sane
1836 3374 2163 3456 pertinent,
2232 3393 2391 3456 quae
2439 3393 2513 3436 ex
2562 3370 2791 3436 Ordine
2840 3371 3112 3435 Romano

872 3470 1050 3536 affert
1099 3470 1530 3547 Mabillon‚
1582 3472 1841 3535 Musaei
1870 3471 2041 3549 Ital„
2093 3476 2133 3538 t.
2172 3472 2231 3549 2,
2270 3493 2327 3555 p.
2369 3471 2513 3537 147.
2588 3470 2728 3535 Alia
2758 3471 2835 3534 de
2860 3490 3112 3534 nomen·

872 3569 1110 3634 elatura
1155 3569 1431 3633 invenies
1483 3570 1643 3652 apud
1694 3569 1801 3634 Du
1853 3569 2150 3653 Gange,
2209 3568 2499 3636 Glossar.
2549 3590 2603 3632 v,
2655 3568 3002 3634 Dominica.

1046 3676 1306 3740 Praeter
1366 3696 1562 3758 pauca
1623 3676 1782 3740 haee.
1845 3675 2049 3741 afferri
2120 3698 2193 3740 ex
2256 3676 2784 3761 Quinquagesima
2842 3673 3111 3759 paschali

875 3775 1236 3839 Latinorum
1298 3774 1494 3837 multa
1542 3774 1660 3838 alia
1711 3780 1995 3858 possent,
2061 3795 2219 3857 quae
2270 3774 2434 3838 haud
2483 3775 2771 3858 exiguum
2840 3778 2905 3838 ut
2956 3773 3112 3839 dele-

872 3873 1158 3937 ctationis
1205 3873 1292 3935 ita
1352 3878 1414 3936 et
1459 3872 1741 3936 utilitatis
1805 3878 1865 3937 et
1913 3873 2359 3938 aedificationis
2422 3874 2692 3936 fructum
2754 3873 3109 3956 praeberent

871 3992 1075 4035 rerum
1126 3970 1551 4055 liturgicarum
1605 3970 2021 4034 amatoribus:
2088 3978 2154 4034 ut
2203 3991 2367 4047 ecce,
2433 3990 2591 4053 quae
2640 3971 2993 4036 referuntur
3040 3970 3109 4033 ad

872 4069 1436 4147 consecrationem,
1510 4069 2062 4153 significationem,
2136 4090 2321 4134 usum
2388 4090 2706 4134 ocrearum
2776 4070 3107 4134 formarum

873 4166 1091 4253 Aynus
1139 4169 1269 4231 Dei
1284 4191 1306 4246 ;
1371 4188 1528 4250 quae
1591 4172 1874 4252 spectant
1935 4170 2007 4233 ad
2059 4170 2425 4233 secretiores
2474 4168 2745 4232 rationes
2806 4168 2960 4232 ritus
3008 4188 3109 4251 pa-

874 4266 1137 4343 schalis;
1189 4270 1250 4329 et
1297 4267 1657 4348 praesertim
1709 4286 1867 4349 quae
1918 4269 2230 4350 pertinent
2277 4268 2353 4331 ad
2395 4267 2756 4331 interiorem
2805 4286 2877 4331 ac
2906 4286 3111 4331 recon-

873 4363 1064 4428 ditam
1099 4363 1526 4449 liturgicarum
1559 4359 1974 4449 ἅναγινώσεων
1996 4365 2467 4451 intelligentiam
2504 4385 2807 4451 quaeque,
2856 4372 2923 4428 ut
2955 4367 3111 4429 reete
