3514 5391
843 523 947 575 138
1492 522 1648 577 Festa
1685 498 1891 577 mobilia
1930 524 1981 576 iu
2011 492 2441 593 Quadragesima.

839 718 1016 800 Billa,⁸
1059 719 1122 785 h.
1176 742 1250 797 e.‚
1303 714 1611 784 Dominus
1661 722 1835 785 Deus
1899 732 1953 786 te
2002 721 2236 800 salvet,
2299 727 2362 787 et
2408 725 2735 807 respond.:
2800 722 2953 810 Dejfi
3009 732 3063 785 to

841 819 978 883 Pcin
1024 807 1182 901 Biia,
1231 819 1294 887 h.
1348 840 1424 897 e.‚
1473 820 1601 883 Det
1651 821 1762 884 hoc
1808 821 2121 884 Dominus
2151 820 2344 885 Deus.
2396 860 2479 867 -
2532 822 2654 886 Sed
2688 822 2894 905 paucis
2923 821 3067 885 haec

841 918 1124 1004 attigisse
1171 916 1457 983 sufficiat.
1569 916 1685 999 Qui
1743 919 1921 1003 plura
1982 919 2190 984 videre
2242 920 2451 1003 cupit,
2518 921 2700 985 adeat
2744 919 3063 1003 Hnojek‚

837 999 1165 1093 Srfitek‚
1217 1015 1502 1080 Frenzl
1551 1016 1829 1100 aliosque
1878 1016 2180 1082 bohemos
2228 1037 2435 1083 rerum
2468 1017 2887 1102 liturgicarum
2927 1017 3065 1082 scri-

748 1105 753 1109 ’
843 1117 1071 1195 ptores
1121 1114 1225 1197 qui
1273 1114 1439 1179 idem
1471 1106 1608 1179 'hoc
1656 1126 2090 1200 argumentum
2143 1116 2396 1181 uberius
2444 1121 2895 1200 pertractarunt
2920 1116 2965 1200 ¹)

1015 1238 1266 1296 Litania
1304 1237 1687 1312 septiformiS,
1729 1255 1766 1296 a
1805 1256 1849 1296 S.
1891 1237 2187 1312 Gregorio
2225 1240 2285 1297 in
2324 1238 2490 1298 Urbe
2532 1240 2827 1307 ordinata,
2865 1239 3068 1312 suppli-

840 1319 999 1376 catio
1039 1324 1175 1376 erat
1212 1318 1503 1377 indictiva
1543 1324 1607 1376 et
1646 1325 1821 1377 extra
1859 1319 2155 1390 ordinem;
2213 1336 2364 1392 quae
2404 1336 2547 1379 vero
2583 1326 2795 1395 postea
2845 1336 2915 1377 ex
2951 1319 3069 1391 ejus

758 1414 765 1421 ·
837 1398 1172 1457 imitatione
1210 1398 1414 1457 factae
1453 1406 1606 1471 sunt,
1660 1405 1860 1457 statae
1900 1407 2223 1459 evaseruut
2273 1406 2335 1458 et
2371 1401 2695 1471 solemnes,
2754 1400 2815 1457 in
2858 1398 3070 1458 Kalen·

836 1478 1024 1536 dariis
1079 1479 1158 1536 ad
1193 1478 1280 1537 25.
1320 1479 1556 1552 Aprilis
1609 1480 1997 1553 consignatae
2055 1487 2118 1538 et
2154 1481 2478 1536 litaniarum
2527 1482 2801 1551 majorum
2852 1480 3068 1539 nomine

837 1576 944 1617 ceu
980 1560 1225 1633 propria
1264 1560 1669 1633 appellatione
1711 1560 2054 1632 insignitae.
2128 1562 2279 1631 Has
2337 1562 2476 1633 quia
2526 1561 2711 1618 multo
2762 1561 2950 1633 magis
2996 1561 3073 1618 in·

836 1640 1110 1713 cognitae
1150 1646 1301 1712 sunt,
1341 1657 1515 1713 quam
1560 1641 1730 1712 vulgo
1768 1646 2031 1713 putatur,
2069 1658 2179 1714 per
2218 1642 2371 1699 hanc
2408 1641 2783 1700 occasionem
2822 1640 3073 1700 breviter

841 1721 1177 1779 illustrasse
1210 1722 1442 1793 juverit
1479 1722 1722 1794 egregio
1750 1721 1855 1779 illo
1883 1722 2308 1780 commentario
2330 1722 2535 1793 allato,
2575 1738 2747 1794 quem
2776 1721 2936 1781 card·
2960 1720 3071 1778 Mai

837 1803 900 1861 iu
923 1802 1160 1860 schedis
1183 1801 1241 1862 N
1258 1803 1325 1861 ic
1341 1802 1495 1861 olai
1523 1801 1614 1861 A’l
1639 1821 1670 1860 e
1688 1820 1740 1860 m
1761 1819 1850 1861 an
1866 1821 1901 1860 n
1918 1803 1937 1860 i
1954 1846 1967 1871 ‚
2008 1802 2335 1861 doctissimi
2366 1802 2657 1874 quondam
2677 1802 3071 1861 bibliothecae

833 1882 1172 1941 Vaticauae
1208 1881 1523 1957 praefecti,
1561 1888 1869 1955 repertum
1907 1883 2149 1956 publica
2186 1884 2317 1941 luce
2357 1882 2763 1956 dignissimum
2785 1883 3077 1954 jndicavit

836 1962 1033 2033 (Nova
1070 1960 1195 2021 PP.
1235 1963 1379 2021 bibl.
1420 1970 1460 2021 t.
1500 1964 1551 2035 6,
1589 1971 1746 2037 part.
1786 1963 1838 2036 2,
1876 1980 1929 2037 p.
1970 1963 2118 2033 XL).
2161 1995 2229 2003 —
2266 1962 2362 2022 En
2403 1980 2545 2036 ergo
2584 1979 2735 2036 quae
2758 1965 2840 2022 'in
2876 1963 3074 2022 libello

833 2044 900 2098 de
938 2044 1282 2100 Kalendario
1308 2044 1584 2115 pugillari
1620 2044 1692 2101 de
1723 2044 1954 2105 litaniis
1994 2045 2213 2104 nostris
2253 2044 2464 2103 scribit
2503 2044 2581 2101 ad
2615 2044 2705 2102 25.
2745 2044 3009 2120 Aprilis:

1011 2132 1081 2190 In
1133 2132 1288 2191 hanc
1328 2133 1480 2191 diem
1525 2134 1804 2192 convenit
1836 2134 2068 2201 litania,
2127 2150 2277 2207 quae
2334 2151 2370 2191 a
2418 2133 2723 2192 veteribus
2761 2137 2946 2205 major
2993 2140 3078 2191 est

834 2213 1173 2286 appellata;
1232 2230 1268 2272 a
1305 2213 1516 2271 Beda
1557 2213 1616 2271 in
1654 2215 2000 2284 ephemeride
2051 2220 2113 2272 et
2150 2232 2188 2272 a
2224 2214 2554 2273 Microlo
2569 2232 2656 2286 go
2695 2231 2826 2289 cap.
2864 2216 2950 2273 57.
2998 2230 3075 2269 re

830 2309 995 2347 mana
1033 2293 1271 2365 dicitur,
1311 2300 1374 2352 et
1411 2295 1472 2352 in
1513 2294 1940 2367 martyrologio
1981 2312 2053 2353 ex
2091 2296 2350 2354 statione
2377 2310 2623 2355 romana
2661 2295 2735 2353 ab
2766 2296 2972 2354 eodem
2998 2296 3076 2354 in-

833 2374 1129 2445 ‹ligitatur
1176 2374 1374 2430 litania
1425 2376 1609 2444 major
1659 2376 1734 2430 ad
1782 2380 2025 2431 sanctum
2078 2377 2327 2431 Petrum.
2428 2376 2631 2449 Quare
2681 2375 3075 2435 Romanorum

832 2454 1138 2527 propriam
1175 2455 1330 2513 hanc
1368 2454 1551 2513 tuisse
1594 2455 1866 2514 litaniam
1906 2474 2021 2514 nou
2061 2457 2293 2523 dubito,
2346 2473 2516 2528 quam
2566 2456 2783 2515 deiude
2821 2456 3076 2529 reliquus

835 2534 894 2592 iu
947 2535 1254 2594 occidente
1309 2535 1668 2594 christianus
1718 2537 1968 2610 populus
2018 2534 2440 2609 frequentarit.
2528 2537 2804 2606 Major-em
2863 2536 3075 2595 dictam

835 2614 1020 2673 fuisse
1061 2616 1326 2676 nonnulli
1366 2616 1801 2687 existimarunt,
1841 2617 1993 2689 quod
2022 2634 2060 2675 a
2086 2617 2300 2690 Magno
2329 2616 2621 2691 Gregorio
2659 2616 2739 2674 sit
2772 2617 3073 2685 instituta;

835 2698 897 2755 id
934 2715 1078 2757 vero
1117 2699 1169 2757 si
1207 2699 1295 2756 ita
1333 2701 1520 2769 est‚'a
1557 2699 1813 2771 posteris
1851 2699 2100 2758 inditum
2141 2699 2293 2759 illud
2333 2716 2463 2757 esse
2490 2698 2844 2757 vocabulum
2881 2699 3077 2757 dicant

836 2795 1079 2837 necesse
1101 2785 1209 2851 est,
1238 2795 1311 2838 ue
1333 2779 1679 2837 modestiam
1700 2780 2062 2838 sanctissimi
2082 2780 2198 2838 viri
2213 2779 2457 2838 laedere
2473 2779 2802 2852 videantur,
2827 2781 3077 2854 quando·

833 2859 1066 2931 quidem
1109 2857 1438 2932 Gregorius
1475 2860 1604 2933 ipse
1641 2861 1908 2929 maJ'orem
1946 2859 2100 2918 hanc
2126 2860 2401 2918 litaniam
2439 2876 2553 2918 non
2581 2860 2765 2919 solum
2790 2860 2860 2918 in
2887 2877 3076 2919 sacra-

836 2940 1110 3006 mentali,
1168 2939 1275 2998 sed
1327 2940 1509 2998 etiam
1561 2940 1808 3013 registri
1860 2939 2014 2998 libro
2050 2940 2102 3000 2.
2156 2940 2501 2998 nominavit.
2588 2940 2721 2998 Non
2767 2941 2926 2999 bene
2976 2940 3076 2999 alii

833 3021 1202 3091 septiformem
1242 3020 1370 3079 sive
1407 3024 1684 3090 septenam
1723 3021 1799 3079 ab
1838 3021 1952 3079 hac
1992 3019 2217 3093 majore
2254 3020 2472 3079 litania
2511 3021 2903 3093 distinguunt,
2941 3037 3075 3095 quos

836 3099 957 3170 ille,
996 3116 1163 3173 quem
1204 3101 1264 3158 in
1304 3100 1545 3172 antiquo
1584 3100 1813 3158 missali
1851 3101 2131 3172 legimus,
2184 3100 2514 3159 versiculus
2564 3102 2790 3174 arguit:
2845 3102 3076 3172 septenis

833 3180 1015 3249 major
1049 3181 1247 3235 mundo
1283 3181 1479 3235 litania
1518 3180 1707 3235 claret.
1781 3182 1972 3250 Major
2011 3181 2163 3238 enim
2203 3181 2338 3238 ideo
2364 3187 2628 3252 vocatur,
2667 3181 2805 3253 quia
2831 3189 3075 3257 septena

838 3263 946 3315 est.
1023 3259 1325 3334 Siquidem
1364 3260 1585 3333 major,
1637 3261 1747 3319 hoc
1799 3269 1893 3319 est
1941 3262 2182 3319 uberior
2217 3260 2589 3336 pleniorque,
2647 3261 2751 3321 ille
2789 3262 3075 3335 precandi

774 3343 784 3352 ‘
834 3338 985 3396 ritus
1025 3346 1119 3398 est
1155 3341 1312 3412 apud
1351 3340 1737 3412 christianoS,
1799 3342 1897 3414 qui
1947 3341 2447 3414 septemgeminus
2500 3346 2611 3400 cst.
2690 3343 2755 3410 A
2806 3344 3073 3416 patribus

835 3417 926 3476 illi
964 3421 1182 3478 statuti
1208 3428 1346 3480 sunt
1381 3421 1604 3495 gradus
1634 3421 1994 3481 orationum:
2034 3422 2299 3496 simplex,
2338 3423 2549 3495 trinus,
2587 3424 2844 3496 quintuS,
2884 3430 3072 3497 septe·

837 3514 974 3560 uus,
1027 3516 1226 3558 omnes
1279 3501 1558 3576 impares.
1614 3502 1711 3562 hic
1750 3504 2006 3562 omnium
2046 3504 2349 3562 maximus.
2427 3504 2629 3577 Quare
2668 3504 2862 3577 major
2899 3522 2973 3563 ea
3008 3504 3074 3563 li-

835 3579 1005 3637 tania
1033 3578 1171 3652 J'ure
1198 3588 1461 3642 vocatur,
1501 3600 1650 3656 quae
1677 3589 1929 3660 septena
1956 3588 2065 3654 est,
2103 3584 2164 3642 id
2186 3590 2295 3656 est,
2322 3601 2471 3657 quae
2492 3585 2589 3643 vel
2611 3590 2835 3659 septem
2867 3585 3070 3644 orandi

837 3659 1096 3717 modulos
1144 3662 1586 3734 complectitur,
1638 3664 1735 3722 vel
1788 3665 2012 3737 septies
2062 3664 2125 3723 iu
2160 3665 2453 3739 principio
2493 3682 2621 3724 eam
2659 3682 2861 3725 vocem
2902 3666 3075 3737 Kyrie

834 3739 1035 3794 eleison
1075 3740 1417 3814 ingeminat,
1456 3744 1553 3802 vel
1592 3749 1844 3816 septena
1884 3762 1956 3802 ex
1995 3761 2353 3819 quocumque
2395 3746 2677 3805 caelitum
2705 3746 2911 3804 ordine
2944 3762 3073 3803 san·

833 3912 896 3966 de
933 3912 1116 3967 l'acad.
1156 3914 1245 3967 des
1282 3915 1434 3968 inser.
1474 3915 1525 3980 4,
1563 3915 1709 3982 325),
1749 3915 2140 3983 Meuschen,
2196 3916 2284 3969 De
2320 3917 2540 3984 antiquo
2578 3919 2633 3969 et
2666 3916 2925 3970 moderno
2961 3916 3071 3969 ritu

830 3993 1115 4047 salutandi
1159 3997 1548 4049 sternutantes.
1631 3995 1800 4050 Kilon.
1845 3998 1999 4052 1704.
2053 3998 2243 4051 (lese-lt.
2296 3997 2399 4051 der
2436 3996 2659 4050 Formel
2696 3996 2894 4064 „Gott
2931 3996 3076 4050 hell*

833 4071 968 4126 ‹lir“
1008 4072 1145 4126 heim
1183 4074 1409 4140 Niesen,
1446 4075 1704 4146 herausq.
1743 4091 1839 4130 con
1878 4076 2210 4131 Wieland.
2249 4076 2464 4132 Lindau.
2506 4078 2660 4133 1787.

1021 4156 1059 4219 ¹)
1099 4154 1177 4208 Ab
1214 4153 1294 4207 his
1330 4155 1554 4209 nonnihil
1594 4156 1892 4225 discrepans
1932 4157 2208 4222 Brandl,
2269 4158 2537 4224 Glossar„
2588 4173 2636 4226 p.
2678 4159 2797 4225 177,
2848 4157 3070 4227 appella·

833 4235 1023 4288 tionem
1061 4234 1177 4287 inde
1213 4235 1418 4289 venisse
1454 4241 1621 4305 putat,
1660 4237 1793 4307 quod
1827 4237 2056 4291 homines
2095 4253 2187 4306 per
2213 4254 2326 4292 eam
2362 4241 2731 4309 tempestatem
2758 4238 3071 4308 frequentius

830 4314 1111 4382 gravedine
1149 4315 1428 4369 catarrhali
1466 4316 1718 4371 laborent.
1807 4317 1996 4370 Verum
2048 4317 2098 4371 id
2150 4334 2250 4372 uon
2299 4323 2407 4372 tam
2457 4319 2708 4388 originem
2759 4334 2820 4371 ac
2870 4333 3068 4372 nomen·

832 4395 1082 4448 elaturam
1120 4397 1396 4450 memoriae
1435 4396 1707 4465 liturgicae
1744 4397 1985 4466 explicat,
2025 4415 2178 4468 quam
2214 4398 2485 4464 rationem,
2537 4414 2627 4452 cur
2664 4398 2793 4453 haec
2829 4397 3071 4453 memoria

831 4475 1128 4531 Dominicae
1171 4476 1324 4530 Oculi
1359 4477 1516 4531 fuerit
1553 4478 1764 4532 tributa.
