3514 5391
877 531 983 586 288
1614 530 1775 584 Festa
1810 530 2020 584 mobilia
2052 534 2175 600 post
2210 528 2426 584 Pascha.

877 735 1010 794 tum
1059 728 1167 796 lib.
1217 731 1280 809 6,
1329 754 1377 795 c.
1427 730 1515 792 43
1541 729 1611 813 ¹)
1675 732 1811 793 tum
1860 725 1967 792 lib.
2018 729 2125 805 10,
2176 747 2224 794 c.
2275 729 2362 791 23
2387 726 2503 810 ἱ’);·
2539 726 2686 792 it'em
2735 727 2835 808 De
2890 724 3115 791 Gloria

885 824 1328 913 Confestim-um
1389 850 1440 893 c.
1500 828 1587 890 69
1611 825 1663 911 ⁸)
1730 845 1804 891 ac
1868 826 2135 912 denique
2200 823 2660 890 Miraculorum
2724 803 2831 891 l'ib.
2883 828 2955 903 1,
3022 825 3115 888 De

885 924 1116 990 Gloria
1160 935 1523 1012 martyrum,
1574 949 1623 991 c.
1673 926 1782 989 24.
1832 924 2066 990 addens
2095 947 2235 1011 cap.
2267 924 2564 1010 sequenti,
2611 922 3113 1008 'lheodegisilum

876 1044 1110 1110 regem,
1161 1023 1440 1088 fraudem
1491 1023 1751 1088 subesse
1780 1026 2004 1098 ratum,
2055 1022 2383 1108 diligenter
2415 1022 2706 1088 custodes
2739 1022 3114 1088 adhibuisse.

875 1122 1276 1187 nibilominus
1323 1121 1558 1186 fontem
1607 1120 2045 1205 baptismalem
2093 1141 2343 1205 semper
2390 1120 2711 1205 impletum
2758 1121 2973 1205 sicque
3004 1121 3115 1186 mi-

875 1219 1067 1286 raculi
1113 1221 1434 1286 veritatem
1497 1220 1591 1285 vel
1642 1240 1716 1285 ex
1764 1220 1959 1305 ipsius
2007 1220 2173 1305 regis
2222 1220 2741 1305 pervestigatione
2788 1219 3117 1285 confirma-

875 1323 999 1383 tam
1050 1317 1242 1384 fuisse
1258 1317 1334 1401 ⁴).

1048 1426 1249 1500 Adde,
1299 1445 1459 1510 quae
1507 1426 1584 1491 de
1631 1425 1912 1491 fontibus
1960 1425 2314 1508 Hispaniae,
2365 1426 2476 1511 qui
2509 1425 2579 1488 in
2608 1425 2871 1490 sabbato
2900 1435 3117 1490 sancto

875 1524 1150 1588 Paschae
1176 1524 1265 1588 ad
1286 1523 1739 1611 baptizandum
1757 1519 2071 1588 divinitus
2088 1532 2310 1610 sponte
2329 1522 2567 1609 repleri
2584 1522 2803 1604 solent,
2835 1548 2940 1590 an.
2962 1525 3115 1588 573.

871 1645 1000 1686 non
1043 1623 1115 1686 in
1161 1622 1623 1709 Hispanorum,
1672 1621 1784 1686 sed
1828 1623 1899 1685 in
1945 1622 2338 1686 Francorum
2370 1622 2613 1686 Pascha
2634 1621 2688 1707 ⁶)
2732 1622 2995 1709 repletis
3022 1643 3114 1687 rc-

872 1722 994 1786 fert
1040 1720 1525 1806 Sigebertus
1573 1719 2195 1787 Gemblacensis
2263 1717 2547 1787 Chronic.
2597 1720 2688 1783 ad
2733 1744 2838 1788 an.
2885 1722 3019 1785 573
3040 1722 3118 1805 6).

1051 1827 1172 1894 Sed
1220 1848 1333 1894 nec
1383 1833 1714 1894 caruerunt
1776 1832 2058 1893 caeterae
2120 1827 2289 1892 orbis
2336 1832 2545 1910 partes
2601 1826 2775 1893 bisce
2823 1828 2975 1893 adeo
3020 1828 3118 1893 in-

872 1926 1154 2012 signibus
1202 1927 1384 1992 editis
1430 1927 1638 1991 divina
1684 1926 1909 1991 virtute
1942 1925 2274 1992 miraculis.
2357 1925 2461 1991 Sic
2488 1924 2727 1991 illustre
2760 1931 3116 2011 portentum

871 2025 949 2088 de
996 2023 1166 2089 fonte
1216 2022 1280 2090 S.
1316 2022 1687 2089 Marcellini
1733 2024 1897 2108 apud
1928 2024 2237 2089 civitatem
2270 2022 2778 2088 Ebredunensem
2809 2024 2868 2089 in
2901 2023 3121 2090 Galliis

871 2127 1177 2188 memorat
1241 2123 1303 2188 S.
1361 2124 1530 2188 Ado
1589 2121 2081 2187 Viennensis
2148 2122 2207 2186 in
2276 2121 2739 2209 Martyroloqio
2807 2123 2883 2187 ad
2949 2122 3117 2188 diem

872 2220 976 2287 20.
1027 2220 1369 2305 Aprilis⁷),
1438 2220 1679 2304 aliaque
1743 2219 1867 2285 duo
1928 2220 1992 2284 in
2040 2220 2326 2296 Oriente,
2390 2220 2454 2284 in
2502 2221 2819 2303 provincia
2864 2220 3117 2305 Lyciae,

871 2317 1132 2403 singulis
1180 2319 1358 2384 annis
1404 2319 1698 2403 baptismi
1748 2318 2073 2384 occasione
2103 2318 2236 2383 fieri
2268 2318 2451 2383 solita
2482 2317 2660 2384 affert
2692 2325 2906 2385 auctor
2930 2320 3124 2383 Prati

868 2416 1265 2502 spiritualis,
1329 2437 1420 2484 ce.
1470 2416 1621 2483 204.
1685 2422 1747 2481 et
1794 2417 1946 2483 ⁶205.
2011 2418 2338 2501 additque:
2409 2415 2484 2482 Si
2527 2419 2670 2503 quis
2715 2428 2922 2484 autem
2965 2418 3122 2482 hacc

868 2516 967 2578 ita
1012 2536 1142 2579 esse
1186 2537 1315 2581 ‘non
1361 2515 1578 2598 credit,
1643 2536 1837 2601 usque
1884 2515 1973 2578 ad
2020 2515 2306 2602 Lyciam,
2372 2537 2499 2580 non
2543 2515 2789 2601 yrande
2833 2516 2955 2580 iter
3000 2527 3117 2597 est,

866 2623 1108 2700 perqat,
1158 2625 1217 2679 et
1260 2615 1358 2678 rei
1399 2613 1634 2679 veritas
1665 2613 1864 2699 fidem
1909 2611 2016 2677 illi
2044 2612 2259 2700 faciet
2280 2613 2349 2699 ⁸).

1044 2721 1235 2787 Aliud
1282 2722 1562 2787 miraculi
1608 2742 1827 2807 genus,
1897 2742 2122 2806 nempe
2185 2721 2519 2787 coelestem
2585 2723 2752 2789 caeci
2807 2723 3114 2790 illumina-

868 2818 1120 2894 tionem,
1156 2840 1362 2885 coram
1394 2820 1752 2886 doctoribus
1779 2824 1842 2885 et
1871 2819 2178 2904 episcopis
2208 2820 2534 2885 Britonum
2569 2821 2949 2906 precibusS
2985 2825 3111 2889 Au-

865 2917 1101 3003 gustini
1166 2912 1400 2983 factum
1462 2919 1538 2984 ad
1600 2922 1835 2983 rectam
1899 2918 2228 2983 Paschatis
2293 2917 2773 2985 celebrationem
2825 2940 3110 3006 compro-

868 3015 1138 3080 bandam
1205 3015 1400 3081 habes
1467 3017 1629 3101 apud
1698 3015 1887 3083 Ven.
1954 3017 2298 3095 Bedam,
2380 3016 2627 3082 Hister.
2694 3017 2840 3086 eccl.
2909 3021 3111 3104 yemis

866 3112 1252 3199 Anqlorum
1262 3111 1370 3178 lib.
1421 3116 1485 3194 2,
1534 3138 1583 3177 c.
1633 3117 1675 3178 2
1701 3114 1775 3198 9).

1044 3219 1140 3285 Ex
1185 3221 1505 3287 catholicis
1553 3221 2046 3308 chronographis
2093 3228 2287 3301 erant,
2339 3224 2463 3307 qui,
2514 3222 2907 3308 antiquorum
2942 3245 3109 3290 com-

869 3318 1237 3402 putistarum
1288 3320 1652 3385 methodum
1700 3320 1929 3397 secuti,
1997 3322 2181 3421 etiam
2243 3323 2693 3407 Glegorianum
2758 3322 3105 3408 temporum

1052 3594 1090 3663 ¹)
1131 3597 1279 3666 Apud
1317 3596 1506 3666 Migne‚
1544 3595 1688 3651 Patr.
1727 3598 1762 3652 l.
1802 3602 1841 3652 t.
1882 3599 1968 3665 71,
2007 3596 2130 3653 409.

1046 3674 1090 3741 ¹)
1131 3675 1257 3730 Ibid.
1295 3693 1345 3746 p.
1384 3678 1506 3735 554.

1048 3754 1091 3824 ³)
1132 3756 1258 3811 Ibid.
1296 3773 1346 3827 p.
1384 3760 1505 3813 878.

1043 3836 1088 3902 ⁴)
1127 3836 1255 3907 ibid.
1295 3853 1343 3907 p.
1382 3839 1504 3893 726.

1043 3914 1088 3981 ⁸)
1129 3916 1206 3971 Ex
1243 3917 1323 3971 his
1359 3920 1544 3972 morito
1582 3936 1695 3973 cum
1734 3919 1948 3975 Boron.
1989 3921 2053 3975 ad
2091 3937 2180 3977 em.
2218 3921 2305 3976 cit.
2345 3922 2552 3989 inferes,
2590 3936 2790 3977 onmem
2830 3922 2894 3978 de
2930 3923 3104 3979 fraude

865 3996 1204 4066 suspicionem
1241 3998 1486 4052 abolitam
1525 4015 1668 4059 esso:
1722 4001 1766 4054 si
1805 4001 1938 4059 enim
1977 4002 2199 4057 bumana
2235 4004 2350 4057 εἰτὸ
2386 4020 2451 4059 ea
2489 4004 2538 4058 in
2572 4004 2900 4073 baptisteriis
2949 4006 3104 4061 conti·

864 4078 1097 4239 ἕίεεθηὲῃ
1120 4078 1296 4147 utique
1333 4079 1511 4133 eadem
1549 4080 1613 4133 ad
1653 4080 1997 4151 Hispanorum
2037 4084 2345 4138 sententiam
2373 4084 2799 4153 comprobandam
2827 4102 3103 4141 accommo-

899 4160 988 4210 ata
1100 4163 1260 4211 ssent.

1045 4235 1088 4303 ⁶)
1129 4236 1317 4307 Migne‚
1361 4238 1500 4294 Patr.
1538 4240 1573 4294 l.
1613 4245 1651 4295 t.
1692 4242 1813 4309 160,
1852 4259 1901 4311 p.
1944 4244 2062 4299 187.

1044 4315 1088 4381 ¹)
1128 4316 1256 4370 Ibid.
1294 4323 1332 4373 t.
1373 4322 1492 4387 123,
1532 4338 1581 4391 p.
1619 4323 1740 4376 249.

1044 4397 1088 4464 ⁸)
1128 4396 1255 4451 Ibid.
1293 4402 1331 4452 t.
1370 4401 1457 4468 74,
1495 4417 1544 4471 p.
1583 4403 1705 4457 237.

1044 4476 1088 4544 ⁹)
1129 4475 1255 4531 Ibid.
1294 4482 1332 4531 t.
1372 4480 1457 4548 95,
1498 4496 1546 4550 p.
1585 4481 1671 4536 82.
