3514 5391
863 512 1035 568 Mense
1072 513 1316 567 Decemb.
1378 511 1618 581 Kvpucxr'
1663 515 1768 564 τῶν
1807 510 2186 580 προπατόρων,
2547 513 2651 565 539

434 622 778 631 ——--⁴-—-——
996 626 1075 630 —
1101 626 1230 630 -—-——
1268 625 1471 630 -.-<———·
1491 624 1621 631 μὴ’-νή
1655 625 1792 630 -——
2349 626 2378 631 ς

432 714 568 779 mini
613 716 963 799 passionem
1010 721 1074 780 et
1121 722 1423 793 mortem;
1474 716 1704 780 deinde
1750 719 2060 801 (tempore
2094 716 2398 800 paschali)
2448 736 2648 798 resur-

425 813 765 891 rectionem,
817 814 1243 879 ascensionem
1296 835 1367 879 ac
1415 814 1680 899 Spiritus
1729 816 1926 880 sancti
1974 815 2379 893 descensum;
2436 816 2650 900 quinto

425 910 676 995 denique
737 912 804 996 (a
850 913 1011 978 festo
1059 912 1168 978 SS.
1219 912 1537 979 Trinitatis
1600 934 1798 997 usque
1861 914 1935 978 ad
1999 913 2189 980 finem
2254 915 2395 984 anni
2452 913 2650 978 eccle-

423 1008 667 1093 siastici)
729 1012 861 1098 agit
919 1013 997 1076 de
1043 1010 1364 1090 Ecclesiae
1429 1031 1540 1096 per
1600 1011 1903 1096 Spiritum
1966 1017 2250 1083 sanctum
2315 1012 2651 1078 directione

421 1127 604 1191 usque
652 1109 728 1175 ad
778 1111 1384 1176 consummationem
1431 1110 1680 1181 saeculi,
1732 1130 1925 1195 quare
1972 1115 2034 1176 et
2080 1111 2300 1177 ultima
2325 1112 2652 1177 Dominica

422 1210 548 1288 post
594 1206 1010 1274 Pentecosten
1075 1207 1306 1294 legitur
1365 1208 1763 1294 evangelium
1826 1209 2081 1276 secundi
2130 1209 2453 1275 Adventus
2513 1209 2654 1295 (τῆς

419 1301 704 1390 δευτέρας
748 1300 1165 1392 παρουσίας),
1219 1307 1299 1372 de
1346 1308 1469 1372 fine
1518 1308 1731 1372 mundi
1782 1314 1843 1373 et
1882 1307 2117 1390 judicio
2165 1307 2513 1374 universali.

581 1485 912 1575 Jejunium
958 1497 1229 1573 quatuor
1278 1497 1619 1572 temporum
1665 1486 1915 1574 hyemis.

588 1627 879 1702 Quatuor
927 1641 1270 1716 temporum
1313 1632 1621 1718 jejunium
1665 1628 1979 1718 hyemale,
2050 1631 2215 1716 quod
2271 1630 2652 1695 celebramus

412 1727 476 1790 ἰη
518 1751 725 1792 mense
774 1729 1011 1793 decimo
1037 1729 1110 1813 ¹),
1160 1728 1449 1793 nimirum
1478 1730 1661 1795 tertia
1690 1730 2086 1797 hebdomada
2116 1729 2455 1800 Adventus,
2506 1750 2652 1794 con-

406 1846 559 1911 grua
604 1827 1013 1911 dispositione
1061 1827 1181 1893 hoc
1211 1832 1490 1910 tempore
1525 1828 1929 1894 constitutum
1979 1834 2092 1905 est,
2144 1827 2417 1913 quande,
2468 1827 2657 1892 verba

410 1928 549 1989 sunt
595 1924 909 1990 Rabani
961 1925 1255 2003 Mauri,
1306 1925 1383 1989 de
1412 1924 1783 1991 clericorum
1815 1927 2233 2011 institutione,
2282 1925 2321 1991 l.
2357 1927 2417 2001 2,
2469 1945 2521 1990 c.
2547 1926 2652 2007 24,

414 2025 656 2087 venturi
703 2021 1066 2088 Salvator-is
1127 2023 1408 2088 salubris
1452 2024 1522 2088 in
1567 2025 1772 2089 sacris
1819 2024 2188 2090 lectionibus
2238 2024 2657 2111 praedicatur

409 2119 750 2202 Adventus,
777 2119 1082 2206 utfideles
1110 2123 1352 2209 quique,
1384 2122 1499 2186 hac
1520 2122 1826 2208 reliyione
1852 2123 2148 2188 instructi
2170 2132 2230 2186 et
2246 2121 2655 2187 medicamine

405 2230 770 2284 sanctarum
813 2222 1168 2284 orationum
1214 2219 1404 2285 simul
1447 2244 1584 2286 cum
1614 2244 1796 2286 sacro
1811 2222 2064 2310 jejunio
2097 2219 2468 2305 confirmati,
2520 2220 2655 2283 Na-

408 2317 714 2382 tivitatem
764 2318 1207 2404 Redemptor-is
1254 2318 1410 2383 laeti
1450 2329 1808 2406 eaespectent
1831 2318 1901 2405 Ξ).
1998 2318 2257 2384 Caetera
2304 2320 2380 2384 de
2418 2318 2655 2403 jejunio

405 2420 669 2499 quatuor
717 2420 1068 2500 temporum
1113 2417 1495 2482 sufficienter
1538 2418 1819 2502 exposita
1862 2416 2105 2502 relegas
2138 2437 2241 2501 pp.
2276 2416 2650 2482 511-514,

408 2681 757 2774 Κυριακὴ
809 2687 959 2748 τῶν
1006 2677 1242 2767 ἁγίων
1289 2707 1478 2771 προ·
1587 2685 2459 2751 Dominicasanctorum
2483 2687 2651 2749 Pra-

753 2781 1132 2865 πατόρων.
1946 2795 2276 2869 patrum.

582 2927 789 2993 Slav.
865 2925 1144 3015 Nedelja
1209 2928 1488 3016 svjatyck
1539 2936 1841 3013 proatec5
1911 2946 2206 2992 rumen.
2285 2925 2652 2989 Dominec’a

403 3026 681 3091 sant-ilm-
729 3026 1042 3089 strumosi.

584 3153 862 3214 EIAH
823 3152 976 3215 ΙΣ.
1050 3149 1238 3214 Κατὰ
1282 3173 1396 3235 τνν
1420 3144 1759 3238 ενδεκάτην
1802 3153 1919 3212 τοῦ
1964 3168 2307 3233 παροπος,
2367 3143 2425 3213 εἰ
2470 3146 2646 3230 τύχοι

403 3246 471 3313 ἓν
516 3251 806 3334 κυριακῇ,
854 3244 893 3333 ἠ
937 3250 1016 3334 τῇ
1060 3267 1285 3334 πρωτῃ
1328 3244 1466 3328 μετ’
1516 3244 1710 3332 αὐτὴν
1757 3243 2080 3333 ἐρχομένῃ,
2131 3244 2239 3310 διὰ
2283 3245 2360 3309 τὸ
2390 3241 2653 3329 ἐγγίζειν

403 3346 517 3435 τὴν
561 3350 681 3411 τοῦ
728 3340 976 3429 Κυρίου
1023 3342 1196 3428 ημῶν
1242 3344 1447 3432 Ἰησοῦ
1478 3349 1769 3431 Χριστοῦ
1814 3344 2119 3433 γέννησιν,
2166 3339 2392 3427 μνείαν
2422 3343 2651 3409 ποιού-

400 3448 583 3527 μεθα
627 3447 759 3508 τῶν
818 3441 949 3525 πρὸ
997 3440 1194 3525 νόμου
1253 3440 1359 3506 καὶ
1407 3440 1475 3507 ἐν
1522 3440 1696 3528 νόμῳ
1742 3439 1909 3506 κατὰ
1956 3440 2160 3527 σάρκα
2216 3441 2653 3527 προπατόρων

407 3541 622 3607 αὐτοῦ.
716 3543 814 3607 Ita
859 3542 1195 3607 Menaea
1241 3542 1316 3606 ad
1364 3543 1423 3606 d.
1482 3542 1578 3606 10.
1635 3541 2022 3607 Decembris,

588 3649 913 3715 Dominico
959 3648 1064 3713 illo
1112 3650 1231 3725 die,
1282 3670 1467 3733 quem
1501 3649 1749 3712 tertium
1775 3647 2099 3712 Adventus
2130 3650 2330 3715 Latini
2364 3650 2647 3725 (lichum,

409 3749 711 3813 memoria
786 3747 1009 3812 colitur
1080 3747 1460 3834 Pmpatrum
1538 3746 1724 3811 divini
1797 3746 2165 3826 SalvatoriS,
2257 3748 2644 3832 potissimum

408 3847 593 3910 trium
644 3845 1065 3921 illustriorum,
1115 3844 1353 3910 scilicet
1401 3844 1742 3926 Abraham,
1805 3846 1991 3909 Isaac
2038 3850 2100 3909 et
2145 3846 2371 3926 Jacob,
2430 3865 2645 3928 quem-

411 3945 745 4009 admodum
795 3944 980 4008 etiam
1031 3941 1576 4027 Menologium
1628 3943 1875 4011 Basil.
1925 3944 2126 4007 innuit
2173 3943 2248 4006 ad
2297 3944 2352 4006 d.
2396 3942 2493 4005 16.
2524 3942 2646 4004 Dc-

409 4041 697 4108 cembriS.
808 4041 904 4106 De
968 4040 1068 4105 his
1134 4044 1339 4105 autem
1407 4042 1738 4125 praecipue
1806 4040 2185 4104 adventante
2233 4039 2402 4125 fe*

417 4140 822 4204 Natiuitatis.
867 4150 1138 4226 tempore
1203 4139 1340 4203 ideo
1406 4140 1539 4225 agi,
1607 4139 1772 4204 idem
1835 4136 2302 4223 Menologiu

596 4381 636 4446 ¹)
674 4380 756 4433 Ita
795 4397 837 4432 s.
876 4377 981 4433 Leo
1020 4378 1085 4432 M.
1125 4379 1216 4433 rel.
1258 4396 1300 4432 c.
1339 4379 1528 4449 Hujus
1563 4378 1942 4455 observantiae
1979 4379 2030 4434 6.
2070 4376 2203 4430 Dist.
2243 4377 2311 4430 76

591 4459 636 4526 Ξ)
675 4459 827 4536 Apud
866 4458 1054 4535 Migne,
1092 4459 1235 4515 Patr.
1275 4457 1307 4513 l.
1347 4463 1385 4512 t.
1427 4461 1546 4527 107,
1583 4475 1634 4529 p,
1672 4459 1794 4520 338,
