3514 5391
1030 529 1316 590 Σαββαῖον
1352 531 1452 579 τοῦ
1487 526 1795 580 ἀκαθίστου
1832 527 2030 597 ὕμνου,
2551 532 2655 585 155

413 723 638 790 scilicet
700 725 970 809 populus
1031 746 1172 790 cum
1234 726 1399 791 clero
1462 731 1658 792 totam
1720 733 1967 802 noctem
2016 729 2246 793 stando
2294 728 2652 815 (ὀρθοστά-

411 813 564 909 δην)
605 822 1057 891 Sanctissimae
1118 825 1521 910 Deigenitrici
1580 825 1798 892 laudes
1859 831 1919 892 ct
1974 830 2312 912 gratiarum
2379 829 2652 894 actiones

410 923 807 987 concinuerit.

580 1029 1195 1096 Graeco-Melchitae
1242 1032 1527 1096 idoneam
1571 1052 1785 1097 vocem
1819 1034 2128 1099 arabicam
2163 1033 2441 1115 ejusdem
2478 1036 2642 1119 p'ote·

411 1127 578 1190 statis
627 1146 749 1192 non
798 1130 1177 1213 reperientes
1225 1127 1423 1212 ὕμνον
1467 1127 1832 1194 dadacum»
1891 1153 2002 1216 per
2060 1134 2387 1197 verborum
2453 1133 2650 1197 ambi·

410 1235 532 1290 tum
583 1226 876 1290 dixerunt
924 1228 1170 1292 Mediclz
1236 1227 1480 1292 alladzi
1539 1230 1608 1295 ld
1654 1229 1954 1318 jadachib
2016 1228 2366 1295 eldachultis
2409 1229 2554 1316 sihi
2579 1232 2648 1313 ¹),

410 1324 465 1389 h.
516 1344 591 1402 e.,
657 1325 950 1410 hymnum
1010 1327 1120 1390 ubi
1176 1350 1303 1391 non
1364 1326 1508 1393 licet
1567 1329 1766 1392 acacio
1825 1330 1897 1393 in
1943 1351 2012 1393 co
2079 1350 2187 1395 seu
2235 1331 2304 1393 in
2350 1351 2470 1415 quo
2524 1351 2648 1393 non

410 1422 549 1486 licet
591 1422 834 1488 sedere.

578 1528 1040 1597 Celeberrimus
1105 1532 1205 1597 hic
1254 1531 1526 1616 hymnus
1587 1539 1722 1598 tum
1770 1535 2040 1618 primum
2091 1535 2208 1599 fuit
2269 1536 2651 1618 compositus

409 1632 464 1692 et
508 1628 570 1691 in
618 1628 871 1693 laudem
919 1650 1001 1697 ss,
1052 1630 1357 1715 Deiparae
1406 1632 1542 1696 cani
1592 1638 1871 1716 coeptuS‚
1933 1653 2146 1718 quum,
2198 1633 2486 1698 Heraclio
2534 1634 2648 1698 im·

408 1734 677 1810 perante,
749 1749 784 1792 a
832 1728 1080 1794 Sarbari
1132 1735 1193 1795 et
1241 1729 1514 1816 Ghagani
1581 1732 1904 1796 obsidione
1953 1731 2172 1797 OPolis
2234 1737 2329 1797 est
2391 1732 2651 1798 liberata

408 1846 560 1889 anno
610 1827 762 1891 626.
858 1827 1114 1908 Quando
1163 1834 1372 1894 autem
1434 1830 1595 1894 inter
1652 1831 1862 1898 officia
1922 1830 2342 1896 ecclesiastica
2401 1851 2648 1896 carmen

408 1926 678 2008 recipere
745 1930 853 1990 aut
913 1946 1033 2009 quo
1094 1932 1374 2011 tempore
1432 1927 1552 1992 hoc
1601 1928 2012 1993 hebdomadis
2078 1930 2330 2012 quintae
2391 1930 2650 1994 sabbato

408 2021 549 2087 illud
599 2023 961 2088 solemniter
1007 2025 1268 2090 recitare
1315 2026 1693 2091 instituerint
1741 2028 1986 2105 Graeci,
2037 2027 2219 2111 plane
2258 2048 2382 2092 non
2414 2027 2648 2110 liquere

409 2128 540 2205 post
589 2122 760 2200 alioS‚
824 2125 932 2206 qui
978 2124 1055 2187 de
1105 2144 1177 2188 co
1227 2128 1606 2202 tractarunt,
1674 2125 2072 2205 Quercius
2134 2126 2349 2191 scribit
2404 2125 2463 2190 in
2515 2124 2646 2187 Ad-

409 2221 710 2286 notation.
760 2223 832 2285 in
877 2222 1166 2307 hymnum
1213 2222 1609 2286 Acathistum
1629 2223 1702 2307 ²).

576 2328 841 2392 EmuS.
893 2328 1343 2395 card.Pitra
1388 2350 1501 2394 nos
1549 2330 1609 2394 in
1642 2350 1819 2414 spem
1869 2332 2202 2396 maximam
2237 2332 2576 2396 adduxerat
2597 2330 2647 2413 ³)

409 2426 547 2503 sore,
602 2431 670 2490 ut
701 2427 834 2509 ipse
869 2426 1067 2491 fusius
1102 2419 1162 2490 et
1185 2429 1534 2493 accuratius
1565 2434 1730 2493 esset
1754 2435 2005 2493 acturus
2031 2430 2108 2494 dc
2132 2428 2352 2513 hymni
2378 2434 2646 2504 auctore,

412 2526 475 2589 de
523 2523 826 2589 historica
873 2524 960 2589 rei
1009 2525 1299 2601 veritate,
1363 2527 1440 2590 de
1489 2526 1699 2592 multis
1747 2527 1882 2592 aliis
1932 2528 2248 2593 codicibus
2311 2532 2371 2592 et
2427 2529 2502 2591 de
2551 2527 2648 2591 his

413 2623 789 2707 praesertim,
841 2622 945 2707 qui
994 2643 1220 2688 nomen
1247 2623 1470 2710 *Sergii
1518 2625 1906 2709 patriarchae
1954 2630 2228 2691 servant:
2277 2626 2508 2690 lectore
2555 2626 2646 2690 in-

407 2724 576 2787 terim
628 2722 905 2807 relegato
968 2724 1044 2787 ad
1093 2721 1521 2789 CombefiS.
1575 2724 1837 2788 Auctar.
1888 2731 1930 2789 t.
1982 2728 2041 2803 2,
2110 2748 2211 2809 pp.
2264 2725 2466 2790 805-
2487 2724 2645 2802 826ς

404 2820 757 2886 Ιιειιηὺθρ.
818 2821 915 2885 ed.
949 2820 1177 2887 Kollar.
1228 2827 1272 2885 t.
1321 2821 1383 2899 5,
1434 2843 1493 2906 p.
1525 2822 1688 2900 301;
1742 2824 2144 2889 Matthaei
2197 2824 2403 2889 Notct.
2457 2823 2642 2888 codd.

402 2942 585 3003 mosq.
636 2941 693 2985 a.
750 2920 940 2997 1776,
992 2939 1049 2984 n.
1101 2921 1175 2996 93
1230 2919 1495 3003 Migne
1544 2921 1721 2985 Patr.
1769 2946 1862 3007 qr.
1911 2924 2016 3000 92,
2067 2944 2125 3005 p.
2161 2921 2349 2999 1333,
2403 2924 2463 2986 et
2500 2921 2644 2996 106,

405 3038 454 3100 p.
493 3016 701 3091 1335;
754 3016 857 3081 W.
910 3013 1191 3082 Christ
1239 3022 1302 3082 et
1348 3017 1830 3097 ParanikaS,
1882 3018 2134 3087 Antkol.
2170 3043 2397 3105 qraec„
2453 3020 2643 3096 1871,

403 3138 454 3199 p·
511 3116 964 3270 1489e1uffi7tot
1012 3206 1166 3271 aliae
1214 3208 1683 3290 occupationes,
1754 3209 1980 3292 quibus
2028 3230 2094 3273 se
2143 3208 2358 3272 Emus.
2405 3203 2508 3270 Tvir
2555 3208 2646 3270 di-

403 3306 683 3369 strictum
734 3304 904 3381 vidit,
956 3304 1426 3388 prohibuerunt,
1478 3308 1810 3389 quominus
1860 3308 1921 3371 id
1972 3307 2167 3372 ficret.
2237 3305 2491 3369 Interim
2525 3306 2647 3369 duo

405 3405 733 3487 scriptores
761 3403 971 3487 graeci
1006 3402 1436 3467 Lauriotes
1485 3410 1548 3468 et
1580 3404 2033 3469 Paranikas
2082 3410 2314 3469 textum
2349 3406 2423 3468 ad
2457 3404 2643 3468 fidem

404 3499 835 3586 χειρογράφων
865 3498 1165 3564 παλαιῶν
1213 3502 1544 3567 emendare
1579 3505 1949 3568 studuerunt
1996 3504 2054 3568 in
2093 3503 2268 3568 Actis
2295 3501 2644 3568 GPolitanis

405 3595 920 3685 Ἐκκλησιαστικὴ
967 3593 1303 3685 Ἀληθειά,
1359 3600 1548 3677 1893,
1599 3602 1920 3667 mensibus
1968 3602 2154 3666 Febr.
2205 3606 2265 3666 et
2313 3600 2509 3683 April.

572 3725 900 3808 Hymnum
929 3723 1300 3789 acathistum
1338 3746 1372 3789 a
1403 3726 1456 3790 G
1476 3747 1561 3790 eo
1581 3727 1754 3812 rgio
1786 3726 2095 3803 Pisida,
2138 3726 2437 3791 ecclcsiae
2460 3747 2509 3791 s.
2534 3725 2646 3789 So-

407 3821 576 3904 phiae
648 3822 767 3887 sub
829 3821 1120 3887 Heraclio
1192 3823 1646 3908 sceuophylacc
1717 3825 1825 3909 (al.
1875 3825 2425 3908 chartophylace),
2499 3845 2645 3889 con-

574 4002 617 4067 1)
658 4001 742 4054 Ita
779 3998 1226 4070 Horologium
1263 4001 1381 4054 anni
1421 4002 1575 4068 1822,
1613 4003 1745 4072 quod
1785 4007 1994 4071 praesto
2031 4002 2178 4056 nobis
2216 4006 2315 4056 est.

574 4081 618 4148 ²)
659 4081 740 4135 Ex
789 4081 854 4133 iis
902 4096 1027 4149 prae
1079 4083 1301 4136 caeteris
1352 4083 1531 4136 adduci
1580 4090 1844 4137 merentur
1894 4085 2273 4137 Gretserus
2331 4083 2380 4135 in
2423 4082 2648 4147 Code‘n.‚·

408 4159 815 4231 Theophilus
854 4161 1294 4231 Raynaudu3‚
1352 4167 1473 4218 tom.
1515 4165 1574 4227 7,
1629 4165 1962 4218 Nomenclat.
2004 4164 2246 4217 Marion.
2285 4163 2544 4217 observat.
2583 4163 2645 4220 2:

408 4239 656 4311 Pagius
706 4242 775 4297 ad
826 4258 909 4295 an.
948 4243 1083 4303 625:
1152 4242 1509 4311 Quirinus»,
1585 4245 1743 4297 Vetus
1799 4246 1939 4314 offic.
1995 4244 2324 4313 quadraqes.
2379 4241 2648 4295 Graeciae

408 4322 755 4388 ormodoxae,
792 4322 1002 4377 diatrib.
1040 4324 1090 4376 4.
1131 4328 1185 4377 et
1223 4324 1332 4391 ipse
1371 4323 1740 4391 QuerciuS,
1781 4325 1912 4393 apud
1952 4325 2141 4392 Migne,
2181 4323 2323 4376 Patr.
2362 4338 2442 4389 gr.
2483 4328 2520 4376 t.
2560 4323 2648 4377 92.

408 4416 487 4470 pp.
525 4404 900 4459 1334—1371.

582 4483 624 4551 ⁸)
664 4484 921 4537 Analecta
960 4498 1109 4536 sacra
1146 4483 1412 4552 spicilegio
1450 4482 1761 4538 Solesmcnsi
1799 4487 2001 4553 parata,
2040 4489 2078 4537 t.
2120 4487 2168 4548 1,
2208 4498 2255 4553 p.
2295 4484 2417 4540 262.
