3514 5391
762 534 864 590 152
1407 531 1566 585 Festa
1600 531 1810 585 mobilia
1846 530 1898 583 in
1935 528 2360 598 Quadragesima.

766 728 1153 819 Ecoqpaeimog,
1188 727 1298 794 διὰ
1329 732 1443 793 τοῦ
1473 724 1829 815 ὑπερφιοῗς

761 824 956 894 αὐτοῦ
1018 826 1208 912 λόγου
1227 879 1242 909 ,
1307 824 1647 915 σώφρονας
1718 824 1828 891 καὶ

761 922 957 1006 αὖθις
1001 921 1168 993 εἶναι
1216 930 1429 1007 ποιεῖ,
1495 924 1604 990 καὶ
1665 921 1832 1011 πρὸς

765 1028 933 1093 Θεὸν
980 1022 1291 1112 διεγείρει,
1347 1025 1458 1090 καὶ
1499 1023 1585 1111 μὴ
1630 1046 1831 1088 κατα-

761 1121 1058 1207 πίπτειν,
1134 1123 1292 1212 μηδὲ
1340 1120 1828 1206 ἀπογινώσκειν,

760 1220 815 1290 εἰ
889 1224 996 1289 καὶ
1066 1221 1228 1300 τέως
1297 1219 1471 1287 τισὶν
1542 1216 1834 1287 ἑάλωσαν

760 1319 1305 1408 παραπτώμασιν·
1354 1318 1473 1407 ὅση
1501 1319 1619 1406 γὰρ
1649 1319 1686 1407 ἠ
1717 1324 1834 1384 τοῦ

766 1424 934 1487 Θεοῦ
958 1413 1432 1509 φιλανθρωπία
1456 1417 1563 1484 καὶ
1585 1416 1833 1503 συμπά-

761 1526 939 1597 θεια,
1000 1521 1142 1596 τοῖς
1188 1515 1529 1605 ὁλοψύχως
1592 1514 1836 1582 ἐκτῶν

760 1615 983 1705 πρώην
1044 1615 1472 1699 πταισμάτων
1531 1612 1831 1700 ἐπιστρέ-

760 1738 908 1804 φειν
953 1710 1377 1801 αἱρουμένοις,
1430 1711 1466 1801 ἡ
1512 1712 1677 1778 κατὰ
1719 1712 1835 1801 τὴν

753 1808 1136 1899 Αἰγυπτίαν
1181 1812 1470 1901 διήγησις
1521 1816 1832 1899 παριστᾷ.

761 1911 1049 1997 Λέγεται
1087 1908 1159 1976 δὲ
1189 1908 1387 1996 μέγας
1417 1908 1644 1994 κανών,
1675 1904 1836 1986 ἴσως

762 2010 840 2077 ἅν
883 2034 986 2088 τις
1027 2004 1186 2099 εἴπῃ
1203 2061 1218 2090 ,
1280 2007 1389 2074 καὶ
1448 2005 1591 2097 κατ’
1640 2006 1836 2085 αὐτὰς

760 2108 875 2187 τὰς
894 2103 1062 2175 ἒννοί
1068 2132 1143 2186 ας
1161 2101 1268 2173 καί
1286 2106 1368 2171 τὰ
1388 2105 1830 2194 ἐνθυμήματα·

761 2207 1021 2292 γόνιμος
1084 2205 1200 2292 γάρ
1264 2204 1444 2271 ἐστιν
1508 2203 1544 2269 ό
1603 2205 1834 2270 τούτου

719 2360 726 2369 .
763 2302 1054 2394 ποιητής,
1104 2299 1384 2390 ἅρίστως
1429 2300 1592 2369 αὐτὰ
1623 2323 1833 2368 συντι-

769 2402 1058 2489 θέμενος·
1109 2402 1216 2467 καὶ
1263 2399 1365 2467 ὅτι
1410 2401 1545 2467 τῶν
1585 2401 1835 2465 λοιπῶν

763 2501 1046 2568 κανόνων
1104 2498 1226 2566 ἀνὰ
1279 2499 1655 2586 τριάκοντα,
1725 2497 1832 2564 καὶ

761 2599 992 2686 μικρόν
1078 2622 1144 2665 τι
1203 2597 1387 2683 πρΐς
1465 2590 1836 2683 τροπαρίων

763 2698 1060 2781 ἐχόντων,
1129 2687 1318 2775 οἶτος
1376 2691 1472 2774 εἷς
1531 2694 1838 2761 διακόσια

763 2797 872 2864 καὶ
899 2797 1298 2887 πεντήκοντα
1329 2793 1648 2881 πρόεισιν,
1696 2789 1838 2872 ἑνὸς

766 2893 1040 2962 ἑκάστου
1064 2894 1329 2984 ὄῤῥητον
1348 2891 1838 2974 ἅποστάζοντος

765 2993 1010 3083 ἡδονήν.
1113 2986 1473 3079 Ἀρμοδίως
1543 2984 1654 3056 οὖν
1713 2989 1836 3077 ι’ίρα

765 3089 874 3159 καί
898 3090 1346 3181 προςηκόντως
1368 3089 1404 3156 ό
1426 3089 1623 3175 μέγας
1650 3081 1839 3168 οὗτος

762 3191 990 3272 κανών,
1023 3188 1131 3256 καὶ
1159 3188 1434 3277 μεγάλην
1462 3187 1839 3278 κεκτημένος

763 3288 1124 3371 κατάνυξιν,
1173 3285 1294 3352 κᾶν
1337 3292 1416 3376 τῇ
1443 3286 1680 3376 μεγάλῃ
1709 3292 1837 3352 τῶν

760 3390 1298 3474 τεσσαρακοστῶν
1346 3384 1836 3452 κατατέτακται.

773 3492 1018 3552 Τοῦτον
1037 3484 1154 3553 τὸν
1177 3484 1441 3571 ἄριστον
1462 3482 1700 3550 κανόνα
1731 3484 1838 3551 καὶ

761 3584 1100 3671 μέγιστον,
1165 3583 1275 3650 καὶ
1331 3583 1446 3648 τὸν
1498 3588 1609 3673 τῆς
1655 3578 1841 3662 ὁσίας

764 3678 1032 3772 Μαρίας
1075 3682 1288 3768 λόγον,
1336 3680 1371 3746 ὁ
1405 3679 1597 3760 αῧτὸς
1628 3681 1840 3771 πατὴρ

765 3780 942 3872 ἡμῶν
984 3779 1288 3867 Ἀνδρέας
1315 3785 1577 3866 πρῶτος
1608 3774 1701 3858 εἷς
1726 3780 1841 3870 τὴν

765 3886 882 3946 τοῦ
929 3874 1427 3946 Κωνσταντίνου
1486 3876 1837 3962 κεκόμικεν,

766 3977 868 4046 ὅτι
892 3978 1060 4066 πρὸς
1084 3982 1201 4044 τοῦ
1231 3976 1632 4064 πατριάρχου
1649 3975 1838 4066 Ἱερο-

766 4077 1061 4162 σολύμων
1111 4075 1451 4161 Θεοδώρου
1469 4127 1487 4161 ,
1556 4080 1635 4164 τῇ
1691 4075 1840 4165 ἕκτῃ

764 4175 1013 4262 συνόδῳ
1060 4174 1317 4252 σταλεὶς
1362 4169 1457 4253 εἷς
1494 4174 1837 4263 βοήθειαν,

766 4272 1167 4362 παρεγένετο.
1241 4273 1406 4339 Τότε
1425 4272 1544 4362 γὰρ
1565 4268 1841 4359 ἀρίσταις

764 4373 928 4439 κατὰ
970 4379 1101 4439 τῶν
1151 4372 1635 4461 Μονοθελητῶν
1686 4372 1838 4458 ἄγω·

769 4471 1101 4558 νισόμενος
1146 4467 1238 4536 ἔτι
1278 4471 1588 4538 διατελῶν
1620 4468 1689 4537 ἐν
1716 4496 1839 4558 μο-

1935 748 2091 794 neve
2122 729 2474 811 desperent,
2522 726 2671 792 licet
2697 725 3008 809 aliquibus

1938 827 2211 913 peccatis
2229 826 2446 891 irretiti
2467 820 2716 890 fuerint.
2765 824 3007 904 Quanta

1938 926 2103 991 enim
2139 924 2220 990 sit
2245 924 2361 990 Dei
2394 923 2750 989 humanitas
2797 924 2860 987 et
2883 920 3007 986 cle-

1940 1023 2173 1090 mentia
2237 1024 2297 1088 in
2361 1022 2531 1095 illos,
2597 1022 2703 1106 qui
2758 1041 2833 1086 ex
2879 1025 3007 1084 toto

1941 1124 2127 1187 corde
2174 1123 2545 1206 praeteritae
2598 1120 2762 1185 vitae
2817 1138 3007 1183 noxas

1940 1221 2289 1305 relinquere
2352 1220 2659 1305 cogitant,
2740 1217 3007 1284 narratio

1942 1321 2021 1385 de
2068 1319 2268 1384 Maria
2313 1318 2704 1404 Aegyptiace
2763 1317 3007 1382 abunde

1942 1420 2144 1484 docet.
2237 1417 2610 1502 Appellatur
2637 1420 2845 1481 autem
2875 1436 3005 1479 ma-

1940 1537 2104 1602 gnus
2142 1537 2359 1594 canon,
2408 1520 2478 1581 ut
2509 1517 2667 1580 forte
2700 1514 3007 1599 quispiam

1943 1616 2182 1690 dixerit,
2248 1620 2500 1700 propter
2561 1612 3009 1679 sententiarum

1942 1716 2184 1799 pondus
2220 1718 2283 1778 et
2308 1714 2697 1799 gravitatem,
2747 1731 3005 1795 quarum

1942 1812 2365 1878 feracissimus
2397 1815 2495 1877 est
2540 1810 2727 1894 hujus
2757 1810 3009 1875 canonis

1944 1914 2188 1988 auctor,
2269 1910 2332 1975 in
2402 1910 2502 1975 his
2567 1906 3011 1993 componendis

1943 2008 2257 2095 praeclare
2279 2008 2677 2074 exercitatus:
2699 2009 3007 2092 quodque,

1943 2127 2133 2191 quum
2184 2107 2410 2173 caeteri
2460 2126 2730 2171 canones
2760 2105 3012 2191 triginta

1944 2211 2050 2272 aut
2078 2205 2258 2291 paulo
2289 2205 2556 2290 amplius
2577 2205 2849 2289 troparia
2868 2224 3012 2270 con-

1944 2306 2210 2379 tineant,
2279 2304 2400 2369 iste
2470 2304 2547 2369 ad
2615 2305 2883 2369 ducenta
2951 2308 3012 2368 et

1944 2402 3010 2490 quinquagintaprogrediatur,quo-

1943 2502 2096 2568 libet
2153 2522 2228 2567 ex
2273 2500 2395 2566 illis
2442 2499 2817 2566 ineffabilem
2880 2500 3011 2565 stil-

1944 2601 2109 2666 lante
2119 2599 2509 2666 dulcedinem
2533 2604 2595 2665 et
2610 2599 3008 2684 voluptatem.

1944 2699 2097 2765 Jure
2143 2700 2333 2785 igitur
2385 2700 2619 2784 optimo
2680 2703 2742 2765 et
2789 2719 3009 2764 conve-

1944 2799 2186 2864 nienter
2232 2797 2541 2864 sancitum
2589 2804 2702 2876 est,
2765 2802 2835 2863 ut
2882 2819 3009 2862 ma-

1943 2917 2107 2982 gnus
2154 2896 2273 2962 iste
2322 2916 2539 2973 canon,
2603 2903 2667 2962 et
2712 2916 3010 2982 compun-

1947 2996 2168 3060 ctionis
2214 2994 2613 3080 plenissimus
2668 2995 2729 3060 in
2788 3015 3011 3081 magna

1946 3092 2165 3158 saltem
2184 3094 2673 3180 Quadragesima
2693 3094 3008 3178 psallatur.

1944 3192 2129 3258 Hunc
2175 3192 2741 3277 praeclarissimum
2788 3197 2850 3258 et
2881 3212 3011 3257 ma-

1946 3291 2185 3356 ximum
2223 3311 2543 3369 canonem,
2590 3311 2709 3357 nec
2739 3311 2862 3357 non
2888 3297 3010 3357 tra-

1947 3393 2182 3455 ctatum
2245 3389 2406 3454 vitae
2467 3397 2717 3454 sanctae
2777 3390 3013 3456 Mariae

1948 3488 2406 3572 Aegyptiacae,
2490 3488 2758 3573 ipsemet
2829 3489 3014 3555 Pater

1949 3589 2160 3650 noster
2204 3586 2491 3651 Andreas
2551 3586 2791 3671 primus
2853 3586 3011 3653 Gon-

1940 3684 2411 3769 ,stantinopolim
2497 3684 2669 3763 tulit,
2767 3686 3013 3770 quando

1948 3782 2026 3846 ab
2051 3781 2628 3867 Hierosolymorum
2664 3784 3016 3868 patriarcha

1947 3880 2275 3946 Theodoro
2323 3881 2401 3946 ad
2434 3885 2673 3947 sextam
2705 3883 3014 3967 synodum

1947 3980 2223 4045 subsidio
2244 3979 2473 4045 missus
2493 3984 2607 4046 est.
2656 3980 2831 4046 'I'unc
2849 3980 3011 4046 enim

1948 4078 2353 4144 monasticam
2400 4077 2589 4143 vitam
2620 4077 2825 4143 adhuc
2872 4099 3014 4164 pro-

1947 4178 2151 4256 fitenS,
2206 4197 2398 4261 quum
2448 4177 2743 4242 adversus
2791 4175 3013 4243 Mono-

1947 4276 2197 4342 thelitas
2284 4275 2529 4340 fortiter
2614 4276 3011 4354 decertasset,

1948 4375 2247 4442 ecclesiae
2299 4373 3015 4459 Constantinopolitanae

1948 4474 2114 4540 clero
2162 4475 2509 4558 adscriptus
2542 4479 2670 4539 est:
2720 4474 3014 4559 deinceps
