3514 5391
1126 532 1438 587 Solemnitas
1475 533 1719 604 Corporis
1755 533 1967 589 Christi.
2560 536 2666 592 473

472 643 707 650 -——-.-—....-
744 644 833 650 ὴ.-
852 644 1063 651 σ--ῇ-ἒ.
1092 646 1385 652 ..ῃ-,-

442 727 755 787 catholicae
805 730 947 788 fidei
1000 728 1176 801 digne
1236 746 1306 788 ac
1355 731 1808 789 rationabiliter
1846 732 2115 791 duximus
2154 734 2550 806 statuendum,
2600 742 2667 792 ut

441 810 507 867 de
542 815 705 868 tanto
742 817 1152 882 sacramento,
1203 816 1450 885 praeter
1495 812 1899 885 quotidianam
1954 813 2322 886 memoriam,
2377 831 2550 887 quam
2592 816 2664 873 de

439 892 556 964 ipso
589 890 740 950 facit
777 891 1076 963 Ecclesia,
1116 898 1179 950 et
1215 893 1536 951 solemnior
1573 900 1637 951 et
1672 894 1991 968 specialior
2028 894 2332 953 annuatim
2378 896 2665 954 memoria

436 972 793 1031 celebretur:
832 978 1063 1031 certum
1088 972 1166 1031 ad
1191 974 1302 1032 hoc
1327 973 1713 1046 designantes
1752 980 1816 1033 et
1840 973 2251 1034 describentes
2278 974 2465 1034 diem:
2503 976 2666 1035 vide·

434 1052 568 1111 licet
588 1051 807 1111 feriam
833 1052 1100 1127 quintam
1137 1054 1464 1127 proximam
1501 1060 1636 1127 post
1664 1053 1958 1113 Octavam
1982 1056 2026 1127 ¹)
2053 1055 2475 1117 Pentecostes:
2511 1056 2664 1114 utin

431 1134 555 1206 ipsa
589 1133 801 1206 quinta
835 1132 996 1192 feria
1046 1134 1301 1193 devotae
1341 1135 1556 1194 turbae
1595 1134 1860 1194 fidelium
1899 1141 2145 1210 propter
2195 1136 2306 1195 hoc
2358 1136 2436 1194 ad
2474 1137 2664 1195 eccle-

430 1214 545 1272 sias
583 1213 909 1273 affectuose
948 1221 1324 1287 concurrant,
1363 1220 1427 1274 et
1461 1223 1589 1274 tam
1627 1215 1837 1275 clerici
1877 1232 2049 1289 quam
2087 1218 2289 1291 populi
2314 1217 2663 1290 gaudentes,

427 1295 485 1353 in
522 1296 763 1354 cantica
798 1296 1037 1354 laudum
1076 1302 1355 1369 surgant:
1395 1302 1552 1357 tunc.
1576 1296 1731 1354 enim
1771 1297 2024 1356 omnium
2052 1297 2235 1356 corda
2272 1304 2336 1356 et
2360 1302 2518 1369 vota,
2559 1313 2665 1355 ora

428 1382 487 1433 et
530 1374 730 1449 labia,
783 1376 1030 1449 hymnos
1079 1377 1427 1450 persolvant
1476 1377 1754 1439 laetitiae
1806 1378 2094 1437 salutaris
2118 1380 2192 1451 ⁸)=
2247 1384 2388 1437 tunc
2438 1378 2665 1452 psallat

425 1454 584 1527 fides,
641 1472 781 1528 spes
819 1457 1126 1531 tripudiet,
1184 1457 1416 1517 exultet
1465 1458 1708 1530 caritas,
1767 1458 2005 1517 devotio
2042 1458 2325 1532 plaudat.
2375 1459 2600 1532 jubilet
2616 1457 2664 1527 8)

424 1537 648 1608 cherua,
706 1537 940 1611 puritas
969 1537 1364 1609 jncundetur:
1420 1544 1561 1597 tunc
1606 1538 1826 1612 singuli
1877 1539 2071 1598 alacri
2123 1545 2317 1597 auimo
2362 1555 2664 1613 pronaque

422 1618 733 1677 voluntate
761 1618 1136 1690 conveniant,
1164 1635 1273 1678 sua
1297 1619 1499 1677 studia
1525 1619 1916 1677 laudabiliter
1942 1620 2300 1691 exequendo,
2339 1620 2497 1678 tanti
2521 1617 2663 1678 festi

420 1698 711 1757 solemnia
766 1698 1177 1757 celebrantes:
1231 1705 1297 1758 et
1347 1699 1573 1758 utinam
1626 1699 1702 1758 ad
1756 1698 2010 1760 Christi·
2038 1700 2345 1759 servitium
2398 1700 2485 1758 sic
2535 1699 2663 1772 ejus

420 1777 629 1838 fideles
669 1779 852 1838 ardor
892 1777 1250 1851 inflammet,
1305 1786 1374 1839 ut
1422 1797 1533 1854 per
1567 1779 1720 1839 haec
1772 1786 1836 1838 et
1873 1780 1997 1839 alia
2033 1780 2480 1853 proficientibus
2517 1780 2663 1854 ipsis

420 1859 767 1918 meritorum
807 1859 1054 1918 cumulis
1078 1860 1249 1956 ‘apud
1290 1878 1450 1933 eum,
1503 1861 1601 1935 qui
1639 1879 1772 1920 sese
1813 1860 1983 1920 dedit
2019 1879 2125 1934 pro
2164 1862 2251 1919 eis
2290 1860 2352 1919 in
2387 1862 2661 1934 pretium,

419 1941 752 2015 tribuitque
790 1958 855 2000 se
892 1940 1036 2015 ipsis
1075 1941 1138 2000 in
1174 1942 1472 2014 pabulum,
1512 1941 1755 2001 tandem
1793 1948 1928 2016 post
1963 1942 2137 2015 hujus
2161 1942 2326 2001 vitae
2352 1941 2660 2000 decursum

419 2021 506 2079 eis
556 2038 624 2080 se
685 2021 745 2080 in
795 2022 1119 2095 praemium
1176 2022 1495 2094 largiatur.
1567 2022 1829 2096 Ideoque
1869 2023 2342 2083 universitatem
2396 2029 2660 2083 vestram

417 2119 721 2162 monemus
778 2108 842 2160 et
874 2101 1184 2170 hortamur
1232 2103 1294 2161 in
1331 2100 1618 2176 Domino,
1676 2110 1738 2161 et
1779 2121 1885 2176 per
1921 2103 2276 2176 Apostolica
2324 2104 2552 2178 scripta
2603 2103 2663 2161 in

416 2182 644 2242 virtute
699 2188 945 2242 sanctae
997 2181 1377 2241 obedientiae
1429 2184 1643 2242 stricte
1693 2184 2120 2259 praecipiendo
2174 2184 2549 2257 mandamus,
2601 2184 2662 2243 in

413 2264 826 2323 remissionem
865 2263 1266 2338 peccaminum
1308 2263 1706 2337 injungentes,
1744 2271 2035 2337 quatenus
2074 2274 2196 2324 tam
2237 2265 2551 2335 excelsum,
2600 2272 2663 2322 et

416 2351 538 2403 tam
576 2344 902 2418 gloriosum
939 2343 1160 2403 festum
1198 2345 1514 2417 praedicta
1552 2345 1761 2419 quinta
1787 2345 1946 2405 feria
1974 2346 2226 2419 singulis
2253 2346 2423 2403 annis
2449 2345 2662 2404 devote

416 2442 487 2484 ac
524 2425 880 2484 solemniter
917 2425 1260 2497 celebretis.
1300 2431 1365 2484 et
1400 2425 1647 2484 faciatis
1686 2426 1949 2486 studiose
1987 2444 2098 2501 per
2134 2426 2446 2486 universas
2474 2426 2661 2485 eccle·

414 2505 536 2565 sias
576 2505 893 2564 civitatum
920 2511 1255 2564 vestrarum
1296 2512 1358 2564 et
1384 2506 1741 2565 dioecesium
1773 2508 2100 2566 celebrari:
2139 2506 2404 2565 subditos
2430 2514 2662 2565 vestros

414 2585 474 2643 iu
510 2584 853 2657 Dominica,
903 2585 1123 2644 dictam
1165 2586 1432 2659 quintam
1469 2586 1687 2646 feriam
1723 2589 1988 2662 proxime
2026 2587 2456 2662 praecedente,
2508 2587 2664 2644 salu·

412 2666 650 2726 taribus
692 2666 930 2726 monitis
968 2667 1226 2727 sollicite
1261 2685 1373 2744 per
1407 2685 1511 2729 vos
1564 2675 1627 2729 et
1664 2686 1775 2743 per
1814 2670 1962 2729 alios
2002 2669 2404 2741 exhortanteS,
2453 2674 2520 2727 ut
2555 2684 2664 2742 per

412 2764 622 2806 veram
653 2755 718 2806 et
734 2764 942 2821 puram
964 2747 1410 2822 confessionem,
1438 2751 1946 2825 eleemosynarum
1966 2750 2366 2824 largitionem,
2394 2755 2662 2808 attentas

417 2834 481 2887 et
518 2828 766 2888 sedulas
805 2830 1106 2889 orationes
1126 2829 1174 2900 ⁴)
1215 2835 1279 2888 et
1316 2830 1439 2889 alia:
1479 2831 1811 2890 devotionis
1851 2839 1913 2891 et
1949 2832 2198 2907 pietatis
2232 2847 2415 2914 opera
2452 2831 2662 2889 taliter

410 2934 672 3029 revelavit
709 2975 757 3028 ei
794 2974 1046 3037 Christus,
1096 2974 1149 3028 in
1185 2974 1307 3028 luna
1343 2979 1671 3044 praesentem
1708 2975 2022 3037 Ecclesiam
2071 2977 2124 3030 in
2160 2976 2310 3030 lunae
2348 2980 2521 3030 autem
2559 2975 2659 3029 fra-

410 3054 583 3109 ctione
621 3053 881 3108 defectum
918 3054 1067 3108 unius
1103 3055 1448 3109 solemnitatis
1484 3056 1535 3109 in
1561 3054 1796 3110 Ecclesia
1821 3056 2054 3126 figurari,
2088 3073 2240 3127 quam
2265 3056 2430 3113 adhuc
2453 3054 2662 3110 volebat

411 3151 444 3188 a
478 3135 589 3189 suis
627 3133 865 3189 fidelibus
902 3133 1204 3190 celebrari.“
1278 3134 1384 3189 Vit.
1422 3135 1475 3190 S.
1501 3136 1737 3191 Julianae
1776 3137 1863 3192 lib.
1901 3136 1965 3203 11,
2004 3153 2118 3207 cap.
2155 3136 2206 3204 2,
2244 3136 2407 3206 April.
2446 3140 2570 3189 tom.
2610 3136 2660 3194 1.

410 3231 459 3285 p.
496 3215 650 3284 457.)
726 3214 827 3270 Sed
862 3214 942 3269 his
979 3215 1213 3270 faciliora
1250 3229 1463 3271 accessu
1500 3217 1725 3273 fortasse
1764 3219 1984 3287 cuipiam
2022 3217 2241 3286 fuerint,
2293 3232 2423 3288 quae
2461 3217 2559 3285 ipsi
2597 3232 2660 3269 ex

410 3296 560 3351 Actis
598 3296 655 3350 S.
692 3295 902 3350 Rituum
939 3295 1372 3366 Congregationis
1410 3296 1472 3350 de
1491 3297 1659 3352 Beata
1683 3302 1865 3352 nostra
1890 3299 2115 3353 eruimus
2141 3298 2193 3352 in
2211 3313 2366 3367 opere
2393 3297 2480 3351 De
2490 3297 2663 3367 festis

409 3376 705 3445 utriusque
741 3375 846 3430 SS.
887 3376 1097 3444 Cot-dis,
1136 3381 1174 3432 t.
1215 3378 1264 3443 1,
1302 3393 1385 3447 pp.
1424 3379 1637 3434 323—39
1677 3383 1732 3434 et
1772 3379 2084 3455 102-194;
2124 3379 2248 3433 edit.
2286 3379 2337 3432 ὃ.

598 3457 643 3524 ι)
683 3455 827 3523 Quod
855 3459 1065 3528 festum
1102 3457 1453 3512 Pentecostes
1494 3459 1706 3514 Octavia
1753 3476 1951 3514 cat-ere
1998 3461 2200 3514 dicatur
2248 3475 2300 3528 c..
2335 3457 2661 3528 capellanus

410 3538 460 3591 4.
500 3537 567 3591 X.
610 3537 687 3591 de
725 3537 749 3589 f
758 3537 920 3591 eriis
959 3537 1046 3604 (Π.
1073 3538 1148 3604 9),
1187 3538 1576 3608 intelligendum
1600 3539 1652 3593 id
1678 3544 1763 3594 est
1787 3540 1848 3595 de
1878 3540 2043 3595 Officii
2071 3540 2443 3604 celebratione:
2482 3537 2658 3592 eodem

410 3618 568 3672 titulo
608 3618 745 3672 enim
783 3635 826 3672 c.
865 3616 1182 3683 Quoniam
1220 3619 1269 3673 2.
1318 3623 1670 3674 memorantur
1718 3619 2016 3675 Octavae
2054 3620 2535 3684 PentecosteS,
2585 3634 2658 3671 se.

409 3698 581 3767 quoad
620 3698 816 3752 dierum
852 3713 1132 3753 numerum.
1194 3699 1301 3754 Cfr.
1340 3700 1573 3769 superius
1611 3700 1749 3754 dicta
1786 3717 1869 3770 pp.
1907 3702 2029 3768 394,
2068 3702 2191 3768 423,
2230 3701 2352 3754 461.

595 3775 642 3842 ²)
682 3776 761 3830 Ne
798 3777 901 3832 ullo
937 3795 1157 3851 unquam
1194 3780 1341 3834 modo
1379 3781 1639 3851 popularis
1665 3782 1824 3836 etiam
1849 3781 2051 3836 laetitia
2087 3782 2151 3835 ob
2177 3781 2335 3835 talem
2372 3796 2435 3834 ac
2459 3783 2658 3834 tantam

412 3857 760 3912 festivitatem
796 3858 1083 3926 minuatur,
1133 3860 1462 3929 generalibus
1499 3861 1738 3917 Decretis
1791 3866 2044 3917 statutum
2083 3868 2193 3929 est,
2250 3866 2307 3915 ut
2355 3866 2657 3915 occurrente

408 3937 597 4006 vigilia
641 3954 684 3992 s.
722 3938 937 3994 Joannis
981 3939 1253 4008 Baptistae
1304 3941 1355 3994 in
1404 3941 1485 3996 die
1538 3943 1672 3996 festo
1722 3942 1812 3998 SS.
1852 3943 2095 4012 Corporis
2133 3941 2357 4009 Christi,
2407 3941 2656 4012 jejunium

410 4019 646 4089 ejusdem
682 4020 893 4090 vigiliae
929 4020 1241 4090 anticipetur
1274 4022 1407 4076 feria
1443 4022 1530 4076 IV.

598 4096 642 4167 ⁸)
683 4099 959 4167 ,flubilnm
994 4101 1159 4170 inquit
1194 4101 1305 4170 gl.,
1343 4105 1426 4157 est
1461 4104 1720 4173 gaudium,
1768 4104 1902 4174 quod
1938 4104 2111 4158 verbis
2148 4103 2395 4173 explicari
2432 4119 2532 4156 non
2570 4118 2656 4172 po-

412 4183 550 4245 test,
604 4195 699 4234 nec
738 4183 911 4234 tamen
948 4181 1152 4251 penitus
1189 4181 1453 4236 reticeri.“
1540 4184 1657 4238 Jam
1692 4200 1817 4238 vero
1854 4184 2020 4254 ipsum
2060 4185 2247 4238 festum
2285 4184 2374 4238 SS.
2413 4183 2656 4252 Corporis

410 4258 642 4325 Christi,
693 4259 1033 4329 multiplicato
1069 4261 1272 4316 cantico
1310 4263 1584 4333 Allelaja,
1639 4264 2016 4318 solemnitatem
2054 4264 2346 4334 paschalem
2387 4264 2494 4317 fere
2546 4263 2655 4317 imi·

411 4342 561 4391 tatur
597 4339 663 4391 ad
701 4337 1020 4395 indicandum
1059 4342 1242 4413 ingens
1278 4343 1520 4412 gaudium
1559 4345 1840 4399 exultantis
1878 4344 2158 4400 Ecclesiae.

599 4419 644 4484 ⁴)
685 4417 876 4473 Glossa
909 4422 1050 4476 verb.
1087 4423 1366 4477 orationes
1413 4425 1673 4494 integrum
1722 4429 2009 4480 tractatum
2056 4425 2119 4479 de
2168 4424 2400 4478 oratione
2447 4423 2657 4477 exhibet

372 4553 379 4560 ,
410 4514 601 4556 novem
637 4499 1058 4574 comprehensum
1094 4503 1451 4578 paragraphis,
1499 4504 1561 4559 de
1600 4506 1743 4578 cujus
1779 4506 2078 4578 prolixitate
2113 4510 2296 4564 auctor
2330 4521 2386 4562 se
2425 4509 2655 4572 excusat,
