<?xml version="1.0" encoding="UTF-8"?>
<!DOCTYPE html PUBLIC "-//W3C//DTD XHTML 1.0 Transitional//EN"
    "http://www.w3.org/TR/xhtml1/DTD/xhtml1-transitional.dtd">
<html xmlns="http://www.w3.org/1999/xhtml" xml:lang="en" lang="en">
 <head>
  <title>
</title>
<meta http-equiv="Content-Type" content="text/html;charset=utf-8" />
  <meta name='ocr-system' content='tesseract 3.04.00' />
  <meta name='ocr-capabilities' content='ocr_page ocr_carea ocr_par ocr_line ocrx_word'/>
</head>
<body>
  <div class='ocr_page' id='page_1' title='image "./kalendariummanu00nillgoog_0623.png"; bbox 0 0 3514 5391; ppageno 0'>
   <div class='ocr_carea' id='block_1_1' title="bbox 972 551 1974 605">
    <p class='ocr_par' dir='ltr' id='par_1_1' title="bbox 972 551 1974 605">
     <span class='ocr_line' id='line_1_1' title="bbox 972 551 1974 605; baseline -0.001 -1"><span class='ocrx_word' id='word_1_1' title='bbox 972 551 1107 604; x_wconf 87' lang='lat' dir='ltr'><em>Ordo</em></span> <span class='ocrx_word' id='word_1_2' title='bbox 1149 552 1392 604; x_wconf 84' lang='lat' dir='ltr'><em>festorum</em></span> <span class='ocrx_word' id='word_1_3' title='bbox 1434 551 1678 604; x_wconf 79' lang='lat' dir='ltr'><em>ecclesiae</em></span> <span class='ocrx_word' id='word_1_4' title='bbox 1719 568 1974 605; x_wconf 81' lang='lat' dir='ltr'><em>armenae.</em></span> 
     </span>
    </p>
   </div>
   <div class='ocr_carea' id='block_1_2' title="bbox 812 746 2140 816">
    <p class='ocr_par' dir='ltr' id='par_1_2' title="bbox 812 746 2140 816">
     <span class='ocr_line' id='line_1_2' title="bbox 812 746 2140 816; baseline -0.001 -15"><span class='ocrx_word' id='word_1_5' title='bbox 812 747 984 802; x_wconf 74' lang='lat' dir='ltr'><em>Sentio</em></span> <span class='ocrx_word' id='word_1_6' title='bbox 1023 746 1108 800; x_wconf 78' lang='lat' dir='ltr'><em>1V.</em></span> <span class='ocrx_word' id='word_1_7' title='bbox 1171 747 1543 802; x_wconf 84' lang='lat' dir='ltr'><em>Hoke-Kalust.</em></span> <span class='ocrx_word' id='word_1_8' title='bbox 1600 749 1865 801; x_wconf 74' lang='lat' dir='ltr'>Adventus</span> <span class='ocrx_word' id='word_1_9' title='bbox 1904 748 2140 816; x_wconf 74' lang='lat' dir='ltr'>Spiritus.</span> 
     </span>
    </p>
   </div>
   <div class='ocr_carea' id='block_1_3' title="bbox 384 925 2138 1110">
    <p class='ocr_par' dir='ltr' id='par_1_3' title="bbox 384 925 2138 1110">
     <span class='ocr_line' id='line_1_3' title="bbox 541 925 2138 993; baseline 0.002 -4"><span class='ocrx_word' id='word_1_10' title='bbox 541 925 767 991; x_wconf 84' lang='lat' dir='ltr'><em>Feria</em></span> <span class='ocrx_word' id='word_1_11' title='bbox 815 926 902 991; x_wconf 88' lang='lat' dir='ltr'><em>II.</em></span> <span class='ocrx_word' id='word_1_12' title='bbox 986 928 1241 991; x_wconf 71' lang='lat' dir='ltr'><em>Festum</em></span> <span class='ocrx_word' id='word_1_13' title='bbox 1288 951 1366 993; x_wconf 82' lang='lat'><em>88.</em></span> <span class='ocrx_word' id='word_1_14' title='bbox 1423 928 1761 991; x_wconf 68' lang='lat' dir='ltr'><em>Puerorum</em></span> <span class='ocrx_word' id='word_1_15' title='bbox 1808 928 2138 992; x_wconf 75' lang='lat' dir='ltr'><em>Bethleem.</em></span> 
     </span>
     <span class='ocr_line' id='line_1_4' title="bbox 384 1025 777 1110; baseline 0.018 -28"><span class='ocrx_word' id='word_1_16' title='bbox 384 1025 669 1110; x_wconf 72' lang='lat' dir='ltr'><em>martyris,</em></span> <span class='ocrx_word' id='word_1_17' title='bbox 711 1084 717 1089; x_wconf 91' lang='lat'><em>.</em></span> <span class='ocrx_word' id='word_1_18' title='bbox 771 1028 777 1033; x_wconf 71' lang='grc'><em>’</em></span> 
     </span>
    </p>
   </div>
   <div class='ocr_carea' id='block_1_4' title="bbox 366 1131 2164 1811">
    <p class='ocr_par' dir='ltr' id='par_1_4' title="bbox 366 1131 2164 1811">
     <span class='ocr_line' id='line_1_5' title="bbox 538 1131 2164 1201; baseline 0.002 -6"><span class='ocrx_word' id='word_1_19' title='bbox 538 1131 793 1197; x_wconf 83' lang='lat' dir='ltr'><em>Festum</em></span> <span class='ocrx_word' id='word_1_20' title='bbox 840 1134 1184 1199; x_wconf 87' lang='lat' dir='ltr'><em>Puerorum</em></span> <span class='ocrx_word' id='word_1_21' title='bbox 1234 1133 1555 1198; x_wconf 73' lang='lat' dir='ltr'><em>Bethleem</em></span> <span class='ocrx_word' id='word_1_22' title='bbox 1610 1134 1866 1198; x_wconf 78' lang='lat' dir='ltr'><em>Romani</em></span> <span class='ocrx_word' id='word_1_23' title='bbox 1916 1135 1975 1198; x_wconf 90' lang='lat' dir='ltr'><em>d.</em></span> <span class='ocrx_word' id='word_1_24' title='bbox 2007 1135 2164 1201; x_wconf 81' lang='lat'><em>28.1</em></span> 
     </span>
     <span class='ocr_line' id='line_1_6' title="bbox 377 1228 2164 1316; baseline 0.004 -26"><span class='ocrx_word' id='word_1_25' title='bbox 377 1231 428 1295; x_wconf 84' lang='lat' dir='ltr'><em>d.</em></span> <span class='ocrx_word' id='word_1_26' title='bbox 475 1230 570 1293; x_wconf 79' lang='lat'><em>29.</em></span> <span class='ocrx_word' id='word_1_27' title='bbox 620 1231 854 1311; x_wconf 80' lang='lat' dir='ltr'><em>eiusd.,</em></span> <span class='ocrx_word' id='word_1_28' title='bbox 920 1233 979 1297; x_wconf 89' lang='lat' dir='ltr'><em>in</em></span> <span class='ocrx_word' id='word_1_29' title='bbox 1029 1228 1245 1298; x_wconf 80' lang='lat' dir='ltr'><em>octava</em></span> <span class='ocrx_word' id='word_1_30' title='bbox 1290 1232 1665 1310; x_wconf 76' lang='lat' dir='ltr'><em>Nativitatis,</em></span> <span class='ocrx_word' id='word_1_31' title='bbox 1736 1233 2068 1307; x_wconf 80' lang='lat' dir='ltr'><em>celebrant,</em></span> <span class='ocrx_word' id='word_1_32' title='bbox 2138 1254 2164 1316; x_wconf 77' lang='lat' dir='ltr'>q</span> 
     </span>
     <span class='ocr_line' id='line_1_7' title="bbox 377 1329 2164 1397; baseline -0.001 -6"><span class='ocrx_word' id='word_1_33' title='bbox 377 1333 545 1394; x_wconf 80' lang='lat' dir='ltr'><em>testes</em></span> <span class='ocrx_word' id='word_1_34' title='bbox 590 1329 949 1395; x_wconf 78' lang='lat' dir='ltr'><em>Nativitatis</em></span> <span class='ocrx_word' id='word_1_35' title='bbox 999 1331 1247 1397; x_wconf 80' lang='lat' dir='ltr'>Christi.</span> <span class='ocrx_word' id='word_1_36' title='bbox 1344 1331 1788 1396; x_wconf 82' lang='lat' dir='ltr'><em>Verumtamen</em></span> <span class='ocrx_word' id='word_1_37' title='bbox 1853 1335 2093 1396; x_wconf 83' lang='lat' dir='ltr'><em>constat</em></span> <span class='ocrx_word' id='word_1_38' title='bbox 2157 1355 2164 1390; x_wconf 66' lang='grc' dir='ltr'>ι</span> 
     </span>
     <span class='ocr_line' id='line_1_8' title="bbox 373 1426 2110 1515; baseline 0.002 -24"><span class='ocrx_word' id='word_1_39' title='bbox 373 1429 584 1511; x_wconf 85' lang='lat' dir='ltr'><em>tyrium</em></span> <span class='ocrx_word' id='word_1_40' title='bbox 650 1430 987 1515; x_wconf 79' lang='lat' dir='ltr'><em>contigisse</em></span> <span class='ocrx_word' id='word_1_41' title='bbox 1054 1432 1183 1495; x_wconf 85' lang='lat' dir='ltr'><em>fere</em></span> <span class='ocrx_word' id='word_1_42' title='bbox 1246 1430 1595 1513; x_wconf 88' lang='lat' dir='ltr'><em>quindecim</em></span> <span class='ocrx_word' id='word_1_43' title='bbox 1632 1426 1801 1513; x_wconf 60' lang='lat' dir='ltr'><em>&#39;post-</em></span> <span class='ocrx_word' id='word_1_44' title='bbox 1862 1450 2110 1494; x_wconf 89' lang='lat' dir='ltr'><em>menses</em></span> 
     </span>
     <span class='ocr_line' id='line_1_9' title="bbox 372 1526 2142 1612; baseline 0.002 -22"><span class='ocrx_word' id='word_1_45' title='bbox 372 1526 603 1596; x_wconf 79' lang='lat' dir='ltr'><em>Christi,</em></span> <span class='ocrx_word' id='word_1_46' title='bbox 654 1528 922 1612; x_wconf 83' lang='lat' dir='ltr'><em>ideoque</em></span> <span class='ocrx_word' id='word_1_47' title='bbox 971 1528 1262 1593; x_wconf 80' lang='lat' dir='ltr'><em>incidisse</em></span> <span class='ocrx_word' id='word_1_48' title='bbox 1311 1549 1522 1593; x_wconf 87' lang='lat' dir='ltr'><em>mense</em></span> <span class='ocrx_word' id='word_1_49' title='bbox 1554 1528 1773 1612; x_wconf 74' lang='lat' dir='ltr'><em>Aprili,</em></span> <span class='ocrx_word' id='word_1_50' title='bbox 1826 1527 1919 1592; x_wconf 86' lang='lat' dir='ltr'><em>vel</em></span> <span class='ocrx_word' id='word_1_51' title='bbox 1954 1527 2142 1611; x_wconf 77' lang='lat' dir='ltr'><em>Maj0.</em></span> 
     </span>
     <span class='ocr_line' id='line_1_10' title="bbox 369 1625 2164 1711; baseline 0.001 -22"><span class='ocrx_word' id='word_1_52' title='bbox 369 1625 805 1691; x_wconf 86' lang='lat' dir='ltr'><em>Men.·eorum</em></span> <span class='ocrx_word' id='word_1_53' title='bbox 842 1628 1204 1710; x_wconf 80' lang='lat' dir='ltr'><em>martyrium</em></span> <span class='ocrx_word' id='word_1_54' title='bbox 1238 1628 1408 1709; x_wconf 86' lang='lat' dir='ltr'><em>ponit</em></span> <span class='ocrx_word' id='word_1_55' title='bbox 1436 1627 1498 1692; x_wconf 90' lang='lat' dir='ltr'><em>d.</em></span> <span class='ocrx_word' id='word_1_56' title='bbox 1536 1630 1635 1692; x_wconf 88' lang='lat'><em>11.</em></span> <span class='ocrx_word' id='word_1_57' title='bbox 1665 1627 1836 1708; x_wconf 80' lang='lat' dir='ltr'><em>Maji‚</em></span> <span class='ocrx_word' id='word_1_58' title='bbox 1889 1647 1958 1692; x_wconf 81' lang='lat' dir='ltr'><em>ac</em></span> <span class='ocrx_word' id='word_1_59' title='bbox 1985 1632 2164 1711; x_wconf 87' lang='lat' dir='ltr'><em>propt</em></span> 
     </span>
     <span class='ocr_line' id='line_1_11' title="bbox 366 1724 2124 1811; baseline 0.002 -24"><span class='ocrx_word' id='word_1_60' title='bbox 366 1724 494 1788; x_wconf 86' lang='lat' dir='ltr'><em>dem</em></span> <span class='ocrx_word' id='word_1_61' title='bbox 544 1745 792 1809; x_wconf 86' lang='lat' dir='ltr'><em>quoque</em></span> <span class='ocrx_word' id='word_1_62' title='bbox 842 1725 1067 1790; x_wconf 86' lang='lat' dir='ltr'><em>festum</em></span> <span class='ocrx_word' id='word_1_63' title='bbox 1116 1727 1319 1811; x_wconf 80' lang='lat' dir='ltr'><em>agitur</em></span> <span class='ocrx_word' id='word_1_64' title='bbox 1369 1726 1469 1790; x_wconf 88' lang='lat' dir='ltr'><em>hic</em></span> <span class='ocrx_word' id='word_1_65' title='bbox 1516 1746 1638 1790; x_wconf 84' lang='lat' dir='ltr'><em>non</em></span> <span class='ocrx_word' id='word_1_66' title='bbox 1687 1725 1772 1789; x_wconf 87' lang='lat' dir='ltr'><em>ita</em></span> <span class='ocrx_word' id='word_1_67' title='bbox 1816 1725 2000 1810; x_wconf 83' lang='lat' dir='ltr'><em>longe</em></span> <span class='ocrx_word' id='word_1_68' title='bbox 2050 1726 2124 1790; x_wconf 81' lang='lat' dir='ltr'><em>ab</em></span> 
     </span>
    </p>
   </div>
   <div class='ocr_carea' id='block_1_5' title="bbox 356 1831 2164 3475">
    <p class='ocr_par' dir='ltr' id='par_1_5' title="bbox 356 1831 2164 3475">
     <span class='ocr_line' id='line_1_12' title="bbox 537 1831 2140 1919; baseline 0 -23"><span class='ocrx_word' id='word_1_69' title='bbox 537 1831 601 1896; x_wconf 79' lang='lat' dir='ltr'><em>Ei</em></span> <span class='ocrx_word' id='word_1_70' title='bbox 652 1832 1044 1900; x_wconf 84' lang='lat' dir='ltr'><em>subnectitur</em></span> <span class='ocrx_word' id='word_1_71' title='bbox 1081 1833 1263 1897; x_wconf 80' lang='lat' dir='ltr'><em>etiam</em></span> <span class='ocrx_word' id='word_1_72' title='bbox 1302 1833 1526 1897; x_wconf 90' lang='lat' dir='ltr'><em>festum</em></span> <span class='ocrx_word' id='word_1_73' title='bbox 1562 1833 1786 1902; x_wconf 78' lang='lat' dir='ltr'><em>Aeacii</em></span> <span class='ocrx_word' id='word_1_74' title='bbox 1815 1834 2140 1919; x_wconf 73' lang='lat' dir='ltr'><em>martyris,</em></span> 
     </span>
     <span class='ocr_line' id='line_1_13' title="bbox 367 1923 2140 2014; baseline 0.001 -22"><span class='ocrx_word' id='word_1_75' title='bbox 367 1931 502 1995; x_wconf 83' lang='lat' dir='ltr'><em>varii</em></span> <span class='ocrx_word' id='word_1_76' title='bbox 550 1932 805 2014; x_wconf 91' lang='lat' dir='ltr'><em>quidem</em></span> <span class='ocrx_word' id='word_1_77' title='bbox 855 1923 1065 1995; x_wconf 79' lang='lat' dir='ltr'><em>extant</em></span> <span class='ocrx_word' id='word_1_78' title='bbox 1111 1935 1438 2014; x_wconf 80' lang='lat' dir='ltr'><em>martyre-S,</em></span> <span class='ocrx_word' id='word_1_79' title='bbox 1486 1932 1591 1995; x_wconf 89' lang='lat' dir='ltr'><em>sed</em></span> <span class='ocrx_word' id='word_1_80' title='bbox 1641 1929 1762 2009; x_wconf 87' lang='lat' dir='ltr'><em>ille,</em></span> <span class='ocrx_word' id='word_1_81' title='bbox 1815 1931 1989 2014; x_wconf 83' lang='lat' dir='ltr'><em>cujus</em></span> <span class='ocrx_word' id='word_1_82' title='bbox 2040 1931 2140 1996; x_wconf 80' lang='lat' dir='ltr'><em>hic</em></span> 
     </span>
     <span class='ocr_line' id='line_1_14' title="bbox 366 2028 2161 2114; baseline 0.003 -24"><span class='ocrx_word' id='word_1_83' title='bbox 366 2032 477 2106; x_wconf 56' lang='lat' dir='ltr'><em>tur„</em></span> <span class='ocrx_word' id='word_1_84' title='bbox 522 2034 616 2094; x_wconf 87' lang='lat' dir='ltr'><em>est</em></span> <span class='ocrx_word' id='word_1_85' title='bbox 666 2030 953 2104; x_wconf 55' lang='lat' dir='ltr'><em>Aeacius</em></span> <span class='ocrx_word' id='word_1_86' title='bbox 1007 2029 1189 2103; x_wconf 12' lang='lat' dir='ltr'><em>miles*</em></span> <span class='ocrx_word' id='word_1_87' title='bbox 1231 2028 1582 2114; x_wconf 80' lang='lat' dir='ltr'>Cappadox,</span> <span class='ocrx_word' id='word_1_88' title='bbox 1632 2031 1735 2113; x_wconf 92' lang='lat' dir='ltr'><em>qui</em></span> <span class='ocrx_word' id='word_1_89' title='bbox 1786 2030 1900 2094; x_wconf 88' lang='lat' dir='ltr'><em>sub</em></span> <span class='ocrx_word' id='word_1_90' title='bbox 1929 2030 2161 2095; x_wconf 83' lang='lat' dir='ltr'><em>Maxim</em></span> 
     </span>
     <span class='ocr_line' id='line_1_15' title="bbox 365 2126 2164 2211; baseline 0.002 -22"><span class='ocrx_word' id='word_1_91' title='bbox 365 2126 599 2192; x_wconf 87' lang='lat' dir='ltr'><em>tribuno</em></span> <span class='ocrx_word' id='word_1_92' title='bbox 647 2127 988 2201; x_wconf 79' lang='lat' dir='ltr'><em>deferente,</em></span> <span class='ocrx_word' id='word_1_93' title='bbox 1040 2129 1202 2211; x_wconf 87' lang='lat' dir='ltr'><em>quod</em></span> <span class='ocrx_word' id='word_1_94' title='bbox 1256 2133 1422 2192; x_wconf 89' lang='lat' dir='ltr'><em>esset</em></span> <span class='ocrx_word' id='word_1_95' title='bbox 1468 2127 1877 2204; x_wconf 57' lang='lat' dir='ltr'><em>Christianus</em></span> <span class='ocrx_word' id='word_1_96' title='bbox 1930 2150 1964 2192; x_wconf 82' lang='lat' dir='ltr'>a</span> <span class='ocrx_word' id='word_1_97' title='bbox 2011 2128 2164 2194; x_wconf 66' lang='lat' dir='ltr'><em>Bibia</em></span> 
     </span>
     <span class='ocr_line' id='line_1_16' title="bbox 356 2223 2160 2312; baseline 0.002 -24"><span class='ocrx_word' id='word_1_98' title='bbox 356 2223 554 2305; x_wconf 90' lang='lat' dir='ltr'><em>judice</em></span> <span class='ocrx_word' id='word_1_99' title='bbox 602 2225 888 2291; x_wconf 81' lang='lat' dir='ltr'><em>Perinthi</em></span> <span class='ocrx_word' id='word_1_100' title='bbox 950 2225 1308 2312; x_wconf 83' lang='lat' dir='ltr'><em>saevissime</em></span> <span class='ocrx_word' id='word_1_101' title='bbox 1357 2227 1697 2304; x_wconf 81' lang='lat' dir='ltr'><em>cruciatuS,</em></span> <span class='ocrx_word' id='word_1_102' title='bbox 1762 2227 1983 2291; x_wconf 89' lang='lat' dir='ltr'><em>deinde</em></span> <span class='ocrx_word' id='word_1_103' title='bbox 2033 2228 2160 2310; x_wconf 81' lang='lat' dir='ltr'><em>Byz</em></span> 
     </span>
     <span class='ocr_line' id='line_1_17' title="bbox 366 2323 2164 2409; baseline -0.001 -23"><span class='ocrx_word' id='word_1_104' title='bbox 366 2323 491 2388; x_wconf 82' lang='lat' dir='ltr'><em>cino</em></span> <span class='ocrx_word' id='word_1_105' title='bbox 539 2323 909 2408; x_wconf 83' lang='lat' dir='ltr'><em>proconsule</em></span> <span class='ocrx_word' id='word_1_106' title='bbox 958 2325 1157 2409; x_wconf 87' lang='lat' dir='ltr'><em>capite</em></span> <span class='ocrx_word' id='word_1_107' title='bbox 1206 2327 1533 2390; x_wconf 81' lang='lat' dir='ltr'><em>damnatus</em></span> <span class='ocrx_word' id='word_1_108' title='bbox 1582 2330 1706 2390; x_wconf 89' lang='lat' dir='ltr'><em>est:</em></span> <span class='ocrx_word' id='word_1_109' title='bbox 1777 2327 1853 2389; x_wconf 88' lang='lat' dir='ltr'><em>de</em></span> <span class='ocrx_word' id='word_1_110' title='bbox 1902 2345 2023 2409; x_wconf 91' lang='lat' dir='ltr'><em>quo</em></span> <span class='ocrx_word' id='word_1_111' title='bbox 2074 2325 2164 2388; x_wconf 69' lang='lat' dir='ltr'><em>M«</em></span> 
     </span>
     <span class='ocr_line' id='line_1_18' title="bbox 363 2422 2138 2506; baseline 0.002 -22"><span class='ocrx_word' id='word_1_112' title='bbox 363 2422 417 2489; x_wconf 83' lang='lat' dir='ltr'><em>d.</em></span> <span class='ocrx_word' id='word_1_113' title='bbox 466 2423 523 2487; x_wconf 82' lang='lat'><em>7.</em></span> <span class='ocrx_word' id='word_1_114' title='bbox 580 2423 746 2499; x_wconf 76' lang='lat' dir='ltr'><em>Maii,</em></span> <span class='ocrx_word' id='word_1_115' title='bbox 799 2424 999 2488; x_wconf 90' lang='lat' dir='ltr'><em>Arm.</em></span> <span class='ocrx_word' id='word_1_116' title='bbox 1052 2443 1195 2487; x_wconf 91' lang='lat' dir='ltr'><em>vero</em></span> <span class='ocrx_word' id='word_1_117' title='bbox 1244 2424 1304 2486; x_wconf 90' lang='lat' dir='ltr'><em>d.</em></span> <span class='ocrx_word' id='word_1_118' title='bbox 1355 2423 1416 2486; x_wconf 86' lang='lat'><em>9.</em></span> <span class='ocrx_word' id='word_1_119' title='bbox 1466 2424 1692 2506; x_wconf 82' lang='lat' dir='ltr'><em>ejusd,</em></span> <span class='ocrx_word' id='word_1_120' title='bbox 1761 2443 2138 2506; x_wconf 82' lang='lat' dir='ltr'><em>quamquam</em></span> 
     </span>
     <span class='ocr_line' id='line_1_19' title="bbox 365 2518 2164 2589; baseline 0.001 -6"><span class='ocrx_word' id='word_1_121' title='bbox 365 2518 528 2584; x_wconf 84' lang='lat' dir='ltr'><em>Rom.</em></span> <span class='ocrx_word' id='word_1_122' title='bbox 595 2541 739 2586; x_wconf 88' lang='lat' dir='ltr'><em>eum</em></span> <span class='ocrx_word' id='word_1_123' title='bbox 801 2523 861 2589; x_wconf 88' lang='lat'><em>8.</em></span> <span class='ocrx_word' id='word_1_124' title='bbox 914 2521 1064 2586; x_wconf 82' lang='lat' dir='ltr'><em>Maii</em></span> <span class='ocrx_word' id='word_1_125' title='bbox 1132 2520 1441 2586; x_wconf 85' lang='lat' dir='ltr'><em>collocans</em></span> <span class='ocrx_word' id='word_1_126' title='bbox 1503 2522 1935 2587; x_wconf 83' lang='lat' dir='ltr'><em>Acathium</em></span> <span class='ocrx_word' id='word_1_127' title='bbox 2014 2542 2164 2586; x_wconf 81' lang='lat' dir='ltr'><em>nom:</em></span> 
     </span>
     <span class='ocr_line' id='line_1_20' title="bbox 362 2618 2147 2703; baseline 0.002 -23"><span class='ocrx_word' id='word_1_128' title='bbox 362 2638 496 2684; x_wconf 85' lang='lat' dir='ltr'><em>vero</em></span> <span class='ocrx_word' id='word_1_129' title='bbox 557 2618 662 2684; x_wconf 89' lang='lat' dir='ltr'><em>hic</em></span> <span class='ocrx_word' id='word_1_130' title='bbox 709 2620 874 2685; x_wconf 89' lang='lat' dir='ltr'><em>idem</em></span> <span class='ocrx_word' id='word_1_131' title='bbox 924 2620 1231 2685; x_wconf 82' lang='lat' dir='ltr'><em>Acathius</em></span> <span class='ocrx_word' id='word_1_132' title='bbox 1292 2621 1420 2685; x_wconf 85' lang='lat' dir='ltr'><em>sive</em></span> <span class='ocrx_word' id='word_1_133' title='bbox 1468 2620 1735 2686; x_wconf 78' lang='lat' dir='ltr'><em>Aeacius</em></span> <span class='ocrx_word' id='word_1_134' title='bbox 1794 2621 1905 2700; x_wconf 86' lang='lat' dir='ltr'><em>sit,</em></span> <span class='ocrx_word' id='word_1_135' title='bbox 1972 2620 2147 2703; x_wconf 87' lang='lat' dir='ltr'><em>cujus</em></span> 
     </span>
     <span class='ocr_line' id='line_1_21' title="bbox 361 2716 2164 2804; baseline 0.003 -25"><span class='ocrx_word' id='word_1_136' title='bbox 361 2716 485 2783; x_wconf 86' lang='lat' dir='ltr'><em>loco</em></span> <span class='ocrx_word' id='word_1_137' title='bbox 533 2719 870 2804; x_wconf 78' lang='lat' dir='ltr'><em>peragitur,</em></span> <span class='ocrx_word' id='word_1_138' title='bbox 924 2725 1091 2804; x_wconf 82' lang='lat' dir='ltr'><em>patet</em></span> <span class='ocrx_word' id='word_1_139' title='bbox 1138 2741 1212 2784; x_wconf 79' lang='lat' dir='ltr'><em>ex</em></span> <span class='ocrx_word' id='word_1_140' title='bbox 1262 2740 1351 2796; x_wconf 69' lang='grc' dir='ltr'><em>ρο,</em></span> <span class='ocrx_word' id='word_1_141' title='bbox 1403 2721 1566 2802; x_wconf 86' lang='lat' dir='ltr'><em>quod</em></span> <span class='ocrx_word' id='word_1_142' title='bbox 1617 2719 1896 2784; x_wconf 82' lang='lat' dir='ltr'><em>Missalia</em></span> <span class='ocrx_word' id='word_1_143' title='bbox 1943 2721 2164 2784; x_wconf 88' lang='lat' dir='ltr'><em>vetusti</em></span> 
     </span>
     <span class='ocr_line' id='line_1_22' title="bbox 356 2815 2160 2899; baseline 0.001 -19"><span class='ocrx_word' id='word_1_144' title='bbox 356 2815 529 2899; x_wconf 77' lang='lat' dir='ltr'><em>gulos</em></span> <span class='ocrx_word' id='word_1_145' title='bbox 562 2818 799 2882; x_wconf 88' lang='lat' dir='ltr'><em>mensis</em></span> <span class='ocrx_word' id='word_1_146' title='bbox 837 2818 970 2884; x_wconf 87' lang='lat' dir='ltr'><em>dies</em></span> <span class='ocrx_word' id='word_1_147' title='bbox 999 2817 1368 2883; x_wconf 81' lang='lat' dir='ltr'><em>Sanctorum</em></span> <span class='ocrx_word' id='word_1_148' title='bbox 1402 2819 1564 2883; x_wconf 82' lang='lat' dir='ltr'><em>festa</em></span> <span class='ocrx_word' id='word_1_149' title='bbox 1595 2818 2030 2895; x_wconf 79' lang='lat' dir='ltr'><em>describentia,</em></span> <span class='ocrx_word' id='word_1_150' title='bbox 2074 2818 2160 2882; x_wconf 82' lang='lat' dir='ltr'><em>ita</em></span> 
     </span>
     <span class='ocr_line' id='line_1_23' title="bbox 357 2915 2164 3006; baseline 0.001 -29"><span class='ocrx_word' id='word_1_151' title='bbox 357 2915 731 2980; x_wconf 83' lang='lat' dir='ltr'><em>inscribunt:</em></span> <span class='ocrx_word' id='word_1_152' title='bbox 799 2919 858 2980; x_wconf 88' lang='lat'><em>6.</em></span> <span class='ocrx_word' id='word_1_153' title='bbox 905 2917 1096 3006; x_wconf 77' lang='lat' dir='ltr'><strong><em>Maji,</em></strong></span> <span class='ocrx_word' id='word_1_154' title='bbox 1145 2916 1520 3002; x_wconf 54' lang='lat' dir='ltr'><em>marty-ium</em></span> <span class='ocrx_word' id='word_1_155' title='bbox 1565 2917 1774 2979; x_wconf 77' lang='lat' dir='ltr'><em>sancti</em></span> <span class='ocrx_word' id='word_1_156' title='bbox 1820 2916 2042 2979; x_wconf 72' lang='lat' dir='ltr'><em>Aeacii</em></span> <span class='ocrx_word' id='word_1_157' title='bbox 2087 2915 2164 3001; x_wconf 58' lang='grc' dir='ltr'><em>ΒΞ</em></span> 
     </span>
     <span class='ocr_line' id='line_1_24' title="bbox 359 3014 2164 3099; baseline 0.001 -22"><span class='ocrx_word' id='word_1_158' title='bbox 359 3033 493 3078; x_wconf 88' lang='lat' dir='ltr'><em>eum</em></span> <span class='ocrx_word' id='word_1_159' title='bbox 543 3035 616 3078; x_wconf 80' lang='lat' dir='ltr'><em>ex</em></span> <span class='ocrx_word' id='word_1_160' title='bbox 663 3014 820 3086; x_wconf 83' lang='lat' dir='ltr'><em>loco,</em></span> <span class='ocrx_word' id='word_1_161' title='bbox 885 3035 1005 3099; x_wconf 88' lang='lat' dir='ltr'><em>quo</em></span> <span class='ocrx_word' id='word_1_162' title='bbox 1054 3015 1419 3098; x_wconf 77' lang='lat' dir='ltr'><em>martyrium</em></span> <span class='ocrx_word' id='word_1_163' title='bbox 1470 3014 1639 3090; x_wconf 88' lang='lat' dir='ltr'><em>obiit,</em></span> <span class='ocrx_word' id='word_1_164' title='bbox 1710 3014 2164 3099; x_wconf 67' lang='lat' dir='ltr'><em>cognominanti</em></span> 
     </span>
     <span class='ocr_line' id='line_1_25' title="bbox 358 3111 2122 3197; baseline 0.001 -22"><span class='ocrx_word' id='word_1_165' title='bbox 358 3112 485 3176; x_wconf 83' lang='lat' dir='ltr'><em>fieri</em></span> <span class='ocrx_word' id='word_1_166' title='bbox 530 3113 750 3197; x_wconf 80' lang='lat' dir='ltr'><em>possit,</em></span> <span class='ocrx_word' id='word_1_167' title='bbox 799 3114 962 3197; x_wconf 87' lang='lat' dir='ltr'><em>quod</em></span> <span class='ocrx_word' id='word_1_168' title='bbox 1012 3113 1118 3196; x_wconf 90' lang='lat' dir='ltr'><em>qui</em></span> <span class='ocrx_word' id='word_1_169' title='bbox 1164 3112 1267 3177; x_wconf 91' lang='lat' dir='ltr'><em>hic</em></span> <span class='ocrx_word' id='word_1_170' title='bbox 1314 3111 1679 3189; x_wconf 86' lang='lat' dir='ltr'><em>celebratur,</em></span> <span class='ocrx_word' id='word_1_171' title='bbox 1730 3113 1813 3176; x_wconf 88' lang='lat' dir='ltr'><em>sit</em></span> <span class='ocrx_word' id='word_1_172' title='bbox 1854 3114 2122 3178; x_wconf 80' lang='lat' dir='ltr'><em>Aeacius</em></span> 
     </span>
     <span class='ocr_line' id='line_1_26' title="bbox 361 3211 2164 3294; baseline -0.001 -18"><span class='ocrx_word' id='word_1_173' title='bbox 361 3217 607 3292; x_wconf 78' lang='lat' dir='ltr'><em>perante</em></span> <span class='ocrx_word' id='word_1_174' title='bbox 656 3211 893 3275; x_wconf 87' lang='lat' dir='ltr'><em>Licinio</em></span> <span class='ocrx_word' id='word_1_175' title='bbox 942 3232 978 3275; x_wconf 81' lang='lat' dir='ltr'><strong>a</strong></span> <span class='ocrx_word' id='word_1_176' title='bbox 1025 3211 1222 3275; x_wconf 88' lang='lat' dir='ltr'><em>tribus</em></span> <span class='ocrx_word' id='word_1_177' title='bbox 1260 3211 1575 3294; x_wconf 88' lang='lat' dir='ltr'><em>judicibus</em></span> <span class='ocrx_word' id='word_1_178' title='bbox 1626 3211 2030 3288; x_wconf 81' lang='lat' dir='ltr'><em>excruciatus,</em></span> <span class='ocrx_word' id='word_1_179' title='bbox 2092 3212 2164 3275; x_wconf 91' lang='lat' dir='ltr'><em>de</em></span> 
     </span>
     <span class='ocr_line' id='line_1_27' title="bbox 360 3309 2135 3394; baseline 0.001 -23"><span class='ocrx_word' id='word_1_180' title='bbox 360 3309 552 3394; x_wconf 82' lang='lat' dir='ltr'><em>capite</em></span> <span class='ocrx_word' id='word_1_181' title='bbox 615 3309 1024 3374; x_wconf 82' lang='lat' dir='ltr'><em>obtruncatus</em></span> <span class='ocrx_word' id='word_1_182' title='bbox 1092 3316 1204 3374; x_wconf 87' lang='lat' dir='ltr'><em>est.</em></span> <span class='ocrx_word' id='word_1_183' title='bbox 1316 3309 1415 3374; x_wconf 89' lang='lat' dir='ltr'><em>De</em></span> <span class='ocrx_word' id='word_1_184' title='bbox 1478 3330 1599 3393; x_wconf 84' lang='lat' dir='ltr'><em>quo</em></span> <span class='ocrx_word' id='word_1_185' title='bbox 1647 3310 1876 3376; x_wconf 83' lang='lat' dir='ltr'><em>Mart.</em></span> <span class='ocrx_word' id='word_1_186' title='bbox 1929 3309 2135 3374; x_wconf 84' lang='lat' dir='ltr'><em>Rom.</em></span> 
     </span>
     <span class='ocr_line' id='line_1_28' title="bbox 361 3406 2160 3475; baseline 0.001 -4"><span class='ocrx_word' id='word_1_187' title='bbox 361 3406 544 3474; x_wconf 82' lang='lat' dir='ltr'><em>Men.</em></span> <span class='ocrx_word' id='word_1_188' title='bbox 598 3410 655 3472; x_wconf 91' lang='lat' dir='ltr'><em>d.</em></span> <span class='ocrx_word' id='word_1_189' title='bbox 708 3408 814 3473; x_wconf 76' lang='lat'><em>28.</em></span> <span class='ocrx_word' id='word_1_190' title='bbox 863 3408 1031 3475; x_wconf 82' lang='lat' dir='ltr'><em>Julii.</em></span> <span class='ocrx_word' id='word_1_191' title='bbox 1084 3411 1609 3472; x_wconf 83' lang='lat' dir='ltr'><em>A1·n1eno1·um</em></span> <span class='ocrx_word' id='word_1_192' title='bbox 1662 3428 1805 3471; x_wconf 83' lang='lat' dir='ltr'><em>vero</em></span> <span class='ocrx_word' id='word_1_193' title='bbox 1856 3410 1893 3472; x_wconf 76' lang='grc' dir='ltr'><em>(Ι</em></span> <span class='ocrx_word' id='word_1_194' title='bbox 1970 3408 2071 3473; x_wconf 89' lang='grc'><em>10.</em></span> <span class='ocrx_word' id='word_1_195' title='bbox 2125 3408 2160 3472; x_wconf 86' lang='lat' dir='ltr'>J</span> 
     </span>
    </p>
   </div>
   <div class='ocr_carea' id='block_1_6' title="bbox 364 3586 2132 3752">
    <p class='ocr_par' dir='ltr' id='par_1_6' title="bbox 364 3586 2132 3752">
     <span class='ocr_line' id='line_1_29' title="bbox 528 3586 2132 3672; baseline -0.001 -21"><span class='ocrx_word' id='word_1_196' title='bbox 528 3587 580 3651; x_wconf 82' lang='lat' dir='ltr'><strong>F</strong></span> <span class='ocrx_word' id='word_1_197' title='bbox 602 3587 718 3651; x_wconf 84' lang='lat' dir='ltr'><em>eri</em></span> <span class='ocrx_word' id='word_1_198' title='bbox 739 3609 775 3650; x_wconf 80' lang='lat' dir='ltr'>a</span> <span class='ocrx_word' id='word_1_199' title='bbox 825 3586 954 3652; x_wconf 90' lang='lat' dir='ltr'><em>III.</em></span> <span class='ocrx_word' id='word_1_200' title='bbox 1067 3589 1319 3651; x_wconf 79' lang='lat' dir='ltr'><em>Festum</em></span> <span class='ocrx_word' id='word_1_201' title='bbox 1386 3597 1747 3651; x_wconf 68' lang='lat' dir='ltr'><em>sanctarum</em></span> <span class='ocrx_word' id='word_1_202' title='bbox 1820 3589 2132 3672; x_wconf 73' lang='lat' dir='ltr'><em>viryinum</em></span> 
     </span>
     <span class='ocr_line' id='line_1_30' title="bbox 364 3687 641 3752; baseline 0.018 -6"><span class='ocrx_word' id='word_1_203' title='bbox 364 3687 641 3752; x_wconf 63' lang='lat' dir='ltr'><em>[Maniae.</em></span> 
     </span>
    </p>
   </div>
   <div class='ocr_carea' id='block_1_7' title="bbox 360 3810 2164 4568">
    <p class='ocr_par' dir='ltr' id='par_1_7' title="bbox 360 3810 2164 4568">
     <span class='ocr_line' id='line_1_31' title="bbox 530 3810 2164 3896; baseline 0.001 -22"><span class='ocrx_word' id='word_1_204' title='bbox 530 3810 814 3875; x_wconf 79' lang='lat' dir='ltr'><em>Fuerunt</em></span> <span class='ocrx_word' id='word_1_205' title='bbox 858 3812 1013 3876; x_wconf 88' lang='lat' dir='ltr'><em>istae</em></span> <span class='ocrx_word' id='word_1_206' title='bbox 1063 3835 1094 3874; x_wconf 83' lang='lat' dir='ltr'><em>e</em></span> <span class='ocrx_word' id='word_1_207' title='bbox 1145 3817 1323 3876; x_wconf 84' lang='lat' dir='ltr'><em>coetu</em></span> <span class='ocrx_word' id='word_1_208' title='bbox 1372 3811 1840 3895; x_wconf 82' lang='lat' dir='ltr'><em>Ripsimitarum</em></span> <span class='ocrx_word' id='word_1_209' title='bbox 1871 3812 2164 3896; x_wconf 80' lang='lat' dir='ltr'><em>Virginun</em></span> 
     </span>
     <span class='ocr_line' id='line_1_32' title="bbox 362 3908 2164 3990; baseline 0.003 -22"><span class='ocrx_word' id='word_1_210' title='bbox 362 3929 404 3970; x_wconf 90' lang='lat' dir='ltr'><em>s.</em></span> <span class='ocrx_word' id='word_1_211' title='bbox 451 3908 659 3973; x_wconf 83' lang='lat' dir='ltr'><em>Mania</em></span> <span class='ocrx_word' id='word_1_212' title='bbox 708 3927 900 3990; x_wconf 90' lang='lat' dir='ltr'><em>quum</em></span> <span class='ocrx_word' id='word_1_213' title='bbox 948 3929 1022 3974; x_wconf 82' lang='lat' dir='ltr'><em>ex</em></span> <span class='ocrx_word' id='word_1_214' title='bbox 1072 3909 1246 3974; x_wconf 85' lang='lat' dir='ltr'><em>Urbe</em></span> <span class='ocrx_word' id='word_1_215' title='bbox 1295 3909 1492 3975; x_wconf 84' lang='lat' dir='ltr'><em>Roma</em></span> <span class='ocrx_word' id='word_1_216' title='bbox 1538 3910 1599 3973; x_wconf 88' lang='lat' dir='ltr'><em>in</em></span> <span class='ocrx_word' id='word_1_217' title='bbox 1651 3910 2012 3974; x_wconf 85' lang='lat' dir='ltr'><em>Armeniam</em></span> <span class='ocrx_word' id='word_1_218' title='bbox 2063 3930 2164 3974; x_wconf 70' lang='lat' dir='ltr'><em>una</em></span> 
     </span>
     <span class='ocr_line' id='line_1_33' title="bbox 360 4006 2164 4092; baseline 0.002 -22"><span class='ocrx_word' id='word_1_219' title='bbox 360 4006 729 4084; x_wconf 83' lang='lat' dir='ltr'><em>advenisset,</em></span> <span class='ocrx_word' id='word_1_220' title='bbox 799 4007 858 4072; x_wconf 90' lang='lat' dir='ltr'><em>in</em></span> <span class='ocrx_word' id='word_1_221' title='bbox 909 4013 1183 4073; x_wconf 89' lang='lat' dir='ltr'><em>montem</em></span> <span class='ocrx_word' id='word_1_222' title='bbox 1232 4008 1445 4092; x_wconf 87' lang='lat' dir='ltr'><em>Sepuh</em></span> <span class='ocrx_word' id='word_1_223' title='bbox 1493 4009 1858 4074; x_wconf 81' lang='lat' dir='ltr'><em>Daranaliae</em></span> <span class='ocrx_word' id='word_1_224' title='bbox 1923 4009 2164 4092; x_wconf 75' lang='lat' dir='ltr'><em>provinc</em></span> 
     </span>
     <span class='ocr_line' id='line_1_34' title="bbox 362 4103 2162 4189; baseline 0.002 -23"><span class='ocrx_word' id='word_1_225' title='bbox 362 4103 557 4187; x_wconf 88' lang='lat' dir='ltr'><em>ibique</em></span> <span class='ocrx_word' id='word_1_226' title='bbox 621 4103 889 4170; x_wconf 76' lang='lat' dir='ltr'><em>ascetica</em></span> <span class='ocrx_word' id='word_1_227' title='bbox 951 4108 1074 4171; x_wconf 79' lang='lat' dir='ltr'><em>vita.</em></span> <span class='ocrx_word' id='word_1_228' title='bbox 1120 4106 1407 4172; x_wconf 80' lang='lat' dir='ltr'><em>habitans</em></span> <span class='ocrx_word' id='word_1_229' title='bbox 1469 4107 1530 4171; x_wconf 92' lang='lat' dir='ltr'><em>in</em></span> <span class='ocrx_word' id='word_1_230' title='bbox 1580 4106 1892 4189; x_wconf 78' lang='lat' dir='ltr'><em>spelunca,</em></span> <span class='ocrx_word' id='word_1_231' title='bbox 1941 4108 2162 4171; x_wconf 74' lang='lat' dir='ltr'><em>sancti</em></span> 
     </span>
     <span class='ocr_line' id='line_1_35' title="bbox 363 4203 2164 4288; baseline 0.002 -23"><span class='ocrx_word' id='word_1_232' title='bbox 363 4203 824 4269; x_wconf 83' lang='lat' dir='ltr'><em>consummavit.</em></span> <span class='ocrx_word' id='word_1_233' title='bbox 939 4204 1166 4270; x_wconf 80' lang='lat' dir='ltr'><em>Sancta</em></span> <span class='ocrx_word' id='word_1_234' title='bbox 1229 4225 1373 4270; x_wconf 81' lang='lat' dir='ltr'><em>vero</em></span> <span class='ocrx_word' id='word_1_235' title='bbox 1440 4206 1501 4270; x_wconf 85' lang='lat' dir='ltr'>N</span> <span class='ocrx_word' id='word_1_236' title='bbox 1509 4206 1649 4269; x_wconf 78' lang='lat' dir='ltr'><em>unia</em></span> <span class='ocrx_word' id='word_1_237' title='bbox 1714 4206 2082 4288; x_wconf 82' lang='lat' dir='ltr'><em>perveniens</em></span> <span class='ocrx_word' id='word_1_238' title='bbox 2149 4206 2164 4268; x_wconf 93' lang='lat' dir='ltr'><em>i</em></span> 
     </span>
     <span class='ocr_line' id='line_1_36' title="bbox 363 4299 2164 4387; baseline 0.002 -23"><span class='ocrx_word' id='word_1_239' title='bbox 363 4299 696 4376; x_wconf 79' lang='lat' dir='ltr'><em>Iberorum,</em></span> <span class='ocrx_word' id='word_1_240' title='bbox 750 4322 853 4367; x_wconf 88' lang='lat' dir='ltr'><em>eos</em></span> <span class='ocrx_word' id='word_1_241' title='bbox 900 4304 1355 4387; x_wconf 83' lang='lat' dir='ltr'><em>praedicatione</em></span> <span class='ocrx_word' id='word_1_242' title='bbox 1405 4313 1461 4367; x_wconf 86' lang='lat' dir='ltr'><em>et</em></span> <span class='ocrx_word' id='word_1_243' title='bbox 1504 4303 1817 4368; x_wconf 86' lang='lat' dir='ltr'><em>miraculis</em></span> <span class='ocrx_word' id='word_1_244' title='bbox 1866 4305 1940 4367; x_wconf 79' lang='lat' dir='ltr'><em>ad</em></span> <span class='ocrx_word' id='word_1_245' title='bbox 1976 4323 2164 4380; x_wconf 78' lang='lat' dir='ltr'><em>vera-11</em></span> 
     </span>
     <span class='ocr_line' id='line_1_37' title="bbox 365 4400 2164 4487; baseline 0.001 -24"><span class='ocrx_word' id='word_1_246' title='bbox 365 4400 543 4478; x_wconf 78' lang='lat' dir='ltr'><em>duxit,</em></span> <span class='ocrx_word' id='word_1_247' title='bbox 608 4407 670 4466; x_wconf 86' lang='lat' dir='ltr'><em>et</em></span> <span class='ocrx_word' id='word_1_248' title='bbox 718 4402 783 4465; x_wconf 90' lang='lat' dir='ltr'><em>in</em></span> <span class='ocrx_word' id='word_1_249' title='bbox 830 4400 1075 4466; x_wconf 81' lang='lat' dir='ltr'><em>Christo</em></span> <span class='ocrx_word' id='word_1_250' title='bbox 1141 4402 1377 4486; x_wconf 83' lang='lat' dir='ltr'><em>placide</em></span> <span class='ocrx_word' id='word_1_251' title='bbox 1428 4402 1818 4467; x_wconf 85' lang='lat' dir='ltr'><em>obdormivit.</em></span> <span class='ocrx_word' id='word_1_252' title='bbox 1887 4408 2072 4487; x_wconf 87' lang='lat' dir='ltr'><em>prout</em></span> <span class='ocrx_word' id='word_1_253' title='bbox 2116 4401 2164 4465; x_wconf 81' lang='lat' dir='ltr'><em>ft</em></span> 
     </span>
     <span class='ocr_line' id='line_1_38' title="bbox 368 4497 2164 4568; baseline 0.001 -9"><span class='ocrx_word' id='word_1_254' title='bbox 368 4497 421 4559; x_wconf 85' lang='lat' dir='ltr'><em>in</em></span> <span class='ocrx_word' id='word_1_255' title='bbox 471 4501 665 4566; x_wconf 80' lang='lat' dir='ltr'><em>Arm.</em></span> <span class='ocrx_word' id='word_1_256' title='bbox 719 4498 1002 4566; x_wconf 81' lang='lat' dir='ltr'><em>Menol.</em></span> <span class='ocrx_word' id='word_1_257' title='bbox 1055 4501 1111 4566; x_wconf 86' lang='lat' dir='ltr'><em>in</em></span> <span class='ocrx_word' id='word_1_258' title='bbox 1164 4520 1370 4564; x_wconf 78' lang='lat' dir='ltr'><em>earum</em></span> <span class='ocrx_word' id='word_1_259' title='bbox 1425 4502 1544 4566; x_wconf 77' lang='lat' dir='ltr'><em>vita</em></span> <span class='ocrx_word' id='word_1_260' title='bbox 1595 4500 1665 4566; x_wconf 73' lang='lat' dir='ltr'><em>ed</em></span> <span class='ocrx_word' id='word_1_261' title='bbox 1718 4500 1775 4565; x_wconf 88' lang='lat' dir='ltr'><em>d.</em></span> <span class='ocrx_word' id='word_1_262' title='bbox 1829 4500 1932 4568; x_wconf 77' lang='lat'><em>29.</em></span> <span class='ocrx_word' id='word_1_263' title='bbox 1987 4499 2164 4563; x_wconf 69' lang='lat' dir='ltr'><em>Octo}</em></span> 
     </span>
    </p>
   </div>
  </div>
 </body>
</html>
