3514 5391
833 499 940 560 292
1553 496 1714 559 Festa
1748 499 1957 560 mobilia
1992 508 2111 574 post
2147 496 2364 560 Pascha·

835 701 1046 767 minici
1091 701 1178 766 ita
1225 713 1300 766 ex
1346 700 1559 766 ordine
1607 699 2043 784 perleguntur,
2111 720 2146 765 a
2201 700 2402 784 primo
2463 700 2818 784 incipiendo
2885 719 3081 784 usque

837 800 909 870 ad
951 799 1377 875 undecimum,
1424 801 1495 862 ut
1541 796 1756 876 ultimo
1805 796 1925 862 hoc
1972 797 2146 862 finito
2195 798 2269 861 ad
2311 797 2583 884 primum
2631 801 2988 863 recurratur
3016 798 3073 862 in

836 897 1072 962 orbem.
1184 896 1246 962 Si
1311 916 1458 981 ergo
1508 916 1834 961 numerum
1891 896 2131 961 dierum
2183 896 2653 962 Dominicorum
2701 917 2738 961 a
2784 888 3081 982 κυρίακῇς

837 999 967 1057 τῶν
1022 987 1214 1076 ἁγίων
1268 991 1531 1056 πάντων
1596 995 1672 1058 ad
1718 991 2018 1079 κυριακῇν
2074 997 2191 1056 τοῦ
2234 989 2512 1056 τελώνου
2570 992 2677 1057 καὶ
2731 987 3082 1080 φαρισαίου

837 1114 948 1177 per
1006 1092 1291 1158 undecim
1342 1092 1650 1166 diviseris,
1723 1093 1889 1177 quod
1934 1086 2268 1176 ‘residuum
2338 1092 2523 1157 fuerit
2590 1088 3077 1176 (κατάλοιπον),

837 1187 1117 1255 ἑωθινόν
1161 1190 1478 1276 sequentis
1526 1189 1666 1254 anni
1717 1190 1920 1266 dabit;
1972 1190 2023 1255 si
2071 1209 2215 1255 vero
2263 1188 2417 1254 nihil
2464 1188 3079 1273 fueritsuperfluum,

838 1283 1117 1352 ἑωθινόν
1164 1290 1370 1373 ipsum
1417 1288 1534 1354 erit
1581 1288 1997 1353 undecimum.

1015 1447 1315 1533 Exemplo
1376 1449 1457 1512 sit
1501 1448 1604 1513 ille
1653 1448 1787 1533 ipse
1836 1469 2032 1515 annus
2086 1450 2275 1515 1881.

1016 1584 1074 1647 A
1145 1581 1472 1647 Dominica
1538 1584 1666 1644 τῶν
1735 1575 1931 1663 ἁγίων
1988 1581 2253 1646 πάντων
2333 1584 2474 1648 anni
2548 1584 2829 1667 proxime
2889 1582 3079 1682 elapsi

838 1678 972 1763 (15.
1007 1679 1177 1744 Junii
1225 1689 1341 1745 vet.
1392 1678 1554 1764 atili)
1603 1680 1681 1744 ad
1729 1680 1969 1746 initium
2018 1680 2247 1747 Triodii
2295 1682 2386 1764 (1.
2436 1680 2655 1766 Febr.)
2703 1679 2890 1764 hujus
2937 1682 3079 1746 unni

836 1783 1242 1843 numerantur
1274 1778 1406 1842 dies
1438 1777 1748 1842 Dominici
1770 1777 1888 1856 343
1940 1798 2094 1862 quos
2133 1780 2185 1844 si
2227 1799 2338 1864 per
2374 1782 2449 1843 ll
2483 1778 2786 1852 diviseris,
2837 1784 3081 1863 praeter

836 1877 1214 1959 quotientem
1278 1870 1613 1961 (πηλίκον)
1663 1876 1722 1954 3,
1789 1877 2033 1941 residua
2095 1878 2212 1942 erit
2275 1878 2526 1956 unitas,
2604 1896 2764 1961 quae
2826 1875 3081 1961 proinde

838 1968 1119 2036 ἑωθινὸν
1169 1970 1228 2036 α’
1282 1974 1342 2038 in
1387 1972 1597 2038 tabula
1646 1974 1922 2058 paschali
1974 1976 2309 2042 denotabit.

1013 2090 1212 2169 Quum
1265 2109 1424 2154 anno
1461 2089 1631 2154 1882
1683 2094 1899 2154 contra
1946 2090 2308 2157 Dominicae
2341 2090 2426 2155 33
2475 2089 2863 2176 colliguntur,
2914 2091 3079 2155 facta

837 2187 1155 2258 divisione,
1219 2193 1460 2271 praeter
1507 2188 1891 2271 quotientem
1938 2189 1978 2252 3
2024 2188 2177 2254 nihil
2226 2194 2321 2254 est
2370 2189 2599 2255 residui
2647 2186 3079 2274 (κατάλοιπον

833 2282 1081 2371 μηδέν).
1177 2285 1338 2349 Hinc
1403 2285 1651 2350 rubrica
1712 2286 1774 2350 in
1837 2285 2166 2351 Paschalio
2227 2288 2370 2352 anni
2434 2288 2711 2372 proxime
2761 2286 3076 2372 sequentis

835 2376 1117 2446 ἑωθινὸν
1161 2380 1273 2448 ια’.

1014 2543 1247 2610 Similis
1294 2549 1389 2610 est
1433 2541 1723 2627 μέθοδος
1767 2549 1879 2631 τῆς
1922 2549 2039 2609 τοῦ
2084 2544 2236 2633 ἤχου
2274 2543 2579 2631 εὑρέσεως
2624 2567 2731 2612 seu
2774 2546 2947 2611 ratio
2978 2546 3067 2609 in-

832 2640 1190 2726 vestiqandi
1234 2651 1447 2708 tonum
1493 2644 1690 2711 eidem
1733 2645 2095 2713 Dominieae
2142 2646 2452 2731 publicani
2502 2650 2564 2713 et
2587 2646 2897 2732 pharisaei
2926 2666 3069 2712 con-

831 2745 1176 2824 gruentem.

1019 2866 1170 2931 Octo
1218 2868 1475 2933 Graecis
1523 2888 1660 2933 esse
1724 2880 1905 2934 tonos
1952 2872 2256 2947 musicos,
2320 2867 2644 2955 ὄκτωὴχου
2689 2890 2840 2936 voce
2902 2890 3067 2936 com-

832 2962 1194 3046 prehensos,
1244 2965 1513 3030 diximus
1560 2972 1729 3031 tomo
1784 2969 1838 3043 1,
1888 2989 1991 3052 pp.
2042 2967 2416 3044 LII—LIII,
2466 2975 2733 3053 quatuor
2760 2978 2961 3034 rectos
3008 2975 3067 3034 et

832 3067 1095 3144 quatuor
1150 3060 1432 3149 obliquos
1456 3064 1527 3147 ¹).
1621 3064 1872 3130 Priores
1919 3065 2262 3151 simplicem
2313 3067 2877 3132 denominationem
2924 3072 3067 3132 sunt

828 3159 1026 3223 nacti:
1107 3151 1255 3245 ἦχος
1301 3158 1420 3238 α’.,
1497 3171 1678 3225 tonus
1732 3165 2027 3249 primu⁸,·
2098 3156 2246 3251 ἦχος
2288 3163 2414 3247 β’.,
2488 3174 2671 3229 tonus
2727 3164 3066 3239 secundia-33

828 3245 979 3339 ἦχος
1027 3253 1102 3338 γ’.
1126 3306 1140 3335 ,
1209 3266 1390 3322 tonus
1450 3269 1670 3324 tertius
1682 3283 1707 3339 ‚⁰
1777 3252 1927 3346 ἦχος
1975 3259 2054 3339 d'.
2077 3312 2090 3338 ‚
2162 3274 2345 3328 tonus
2402 3273 2683 3350 quartus.
2795 3263 3067 3345 Quatuor

829 3353 1199 3434 posteriores
1244 3374 1391 3421 vero
1424 3357 1712 3423 dicuntur
1760 3349 1910 3444 ἦχος
1945 3354 2224 3444 πλαγίου
2255 3359 2518 3446 πρώτου
2565 3352 2747 3447 (ἦχος
2776 3360 2887 3427 πλ.
2925 3359 3063 3446 α’.),

828 3461 1011 3515 tonus
1069 3450 1309 3537 obliqui
1341 3455 1577 3540 primi,-
1641 3447 1792 3545 ἦχος
1851 3452 2130 3541 πλαγίου
2191 3456 2487 3542 δευτέρου
2548 3451 2732 3547 (ἦχος
2775 3458 2890 3525 πλ.
2937 3457 3058 3543 β’.)

826 3556 1009 3613 tonus
1045 3548 1287 3636 obliqui
1332 3553 1590 3617 secundi
1603 3581 1621 3633 ‚-
1670 3564 1853 3619 tonus
1908 3554 2151 3642 obliqui
2199 3559 2371 3623 tertii
2418 3549 2567 3647 ἦχος
2613 3556 2831 3643 βαρῦς,
2884 3569 3063 3622 tonus

822 3649 1058 3731 qravis,
1108 3648 1296 3727 audit,
1345 3656 1560 3734 utpote
1607 3652 1711 3736 qui
1759 3654 2040 3738 qraviter
2085 3674 2155 3720 ae
2201 3677 2439 3720 morose
2487 3661 2584 3721 est
2624 3656 3060 3722 decantandus

831 3745 1107 3812 Ultimus
1155 3752 1250 3811 est
1301 3739 1446 3832 ἦχος
1489 3746 1599 3813 πλ.
1652 3748 1755 3831 ὁ’.,
1807 3762 1993 3817 tonus
2036 3751 2278 3840 obliqui
2320 3755 2552 3841 quarti.

1005 3869 1234 3955 Incipit
1262 3876 1546 3938 tonorum
1579 3876 1772 3940 series
1806 3877 2130 3942 Dominica
2163 3880 2434 3944 secunda
2465 3880 2603 3965 post
2627 3880 3057 3946 Pentecosten.

824 3966 946 4032 Sed
995 3974 1060 4032 tu
1108 3968 1319 4055 relege
1366 3990 1523 4054 quae
1572 3974 1650 4038 de
1698 3968 1909 4039 eorum
1960 3976 2361 4059 dispositione
2408 3991 2592 4062 atque
2641 3999 2754 4044 usu
2794 3979 2925 4063 jam
2958 4000 3056 4046 no-

823 4066 1090 4131 tavimus
1138 4074 1286 4134 tom.
1342 4069 1396 4132 l.
1447 4069 1485 4132 l.
1538 4090 1589 4135 c.
2782 4076 2789 4082 ’
2996 4080 3001 4085 ’

1003 4368 1045 4435 ¹)
1085 4368 1216 4423 Sunt
1253 4387 1316 4424 ex
1355 4372 1646 4427 nationibus
1684 4375 1862 4442 graeci
1901 4376 2064 4444 ritus,
2117 4394 2248 4449 quae
2286 4380 2552 4449 πλαγίους
2585 4397 2685 4435 non
2722 4381 2937 4443 habent,
2986 4386 3037 4436 ut

819 4446 975 4512 slavi,
1011 4450 1192 4518 quibus
1213 4451 1262 4503 in
1289 4453 1421 4505 omni
1445 4469 1635 4519 genere
1655 4455 2057 4511 modulationum
2077 4459 2379 4528 simpliciter
2396 4462 2565 4515 ootoni
2584 4459 2715 4529 ἦχοι
2733 4462 2908 4531 (910⁸)
2927 4470 3055 4518 sunt.
