3514 5391
819 568 929 621 486
1466 561 1625 613 Festa
1663 557 1871 611 mobilia
1909 560 2026 624 post·
2063 553 2425 606 Pentecosten.

827 766 877 824 O
918 764 1036 822 Cor
1075 763 1350 832 voluptas
1389 758 1684 816 coelitum,
2004 749 2239 819 Καρδία,
2278 746 2320 798 ὣ
2358 745 2636 816 οὐρανίων
2672 743 2869 816 τροφὴ,

900 844 1020 903 Cor
1057 842 1179 899 fida
1219 856 1353 912 spes
1392 836 1750 901 mortalium,
2077 828 2315 897 Καρδία,
2365 825 2407 878 o}
2445 825 2591 884 ἐλπὶς
2629 827 2852 890 θνητῶν
2889 823 3071 886 πιστὴ,

897 924 994 982 En
1031 922 1196 980 hisce
1236 919 1421 977 tracti
1459 918 1722 986 vocibuS‚
2077 907 2402 979 κινούμενοι
2437 905 2597 976 ἡμεῖς
2633 906 2689 958 ἐκ
2714 908 2828 958 σῶν
2852 906 3072 973 φωνῶν,

900 1006 1000 1064 Ad
1041 1010 1102 1061 te
1142 1001 1412 1060 venimus
1451 996 1765 1072 supplices.
2080 994 2247 1043 ἱκέται
2284 990 2666 1057 συντρέχομεν
2703 988 2779 1044 εἰς
2814 984 2914 1041 ἐσέ,

831 1113 924 1171 Tu
963 1117 1170 1170 nostra
1206 1115 1379 1180 terge
1417 1107 1669 1165 vulnera
2005 1099 2328 1166 Έξοὶλειψον
2365 1099 2474 1158 ναὶ,
2513 1095 2606 1154 τοὶς
2642 1092 2851 1163 πληγάς
2885 1091 3043 1161 ἡμῶν

902 1193 998 1251 Ex
1035 1198 1098 1249 te
1137 1188 1359 1247 fluente
1400 1186 1717 1259 sanguine3
1787 1224 1797 1229 -
2076 1180 2270 1246 Ἰησοῦ,
2319 1176 2392 1228 δι’
2434 1174 2667 1246 αἵματός
2703 1190 2806 1226 σου
2845 1177 3077 1242 ρέοντος,

903 1273 996 1331 Tu
1036 1273 1113 1328 da
1152 1287 1362 1327 novum
1404 1284 1506 1325 eor
1544 1267 1827 1334 omnibus,
2079 1258 2176 1318 δός
2212 1262 2348 1310 πᾶσι
2382 1255 2617 1328 καρδίαν
2649 1253 2796 1324 η’μῖν
2833 1258 2962 1307 νέαν

907 1354 1024 1426 Qui
1063 1359 1123 1410 te
1162 1355 1471 1424 gementes
1510 1348 1809 1404 invocant.
2084 1340 2210 1400 τούς
2226 1333 2897 1410 θρηνοῦσινΣωτηρήμων
2916 1337 3078 1394 εἰςσέ.

1264 1456 1474 1514 Α111611.
1819 1436 1828 1443 ’
2453 1443 2644 1515 Ἀμήν.

907 1571 977 1623 V.
1019 1565 1139 1624 Cor
1179 1564 1219 1621 J
1228 1580 1331 1622 esu
1390 1560 1654 1633 flagrans
1707 1539 1907 1617 amore
2125 1560 2195 1613 Σ.
2234 1554 2453 1624 Καρδία
2492 1556 2592 1605 τοῦ
2626 1552 2804 1617 Ἰησοῦ
2839 1549 3081 1603 ἀναπτο-

847 1653 1069 1717 noStrO,
2017 1642 2156 1709 μένη
2192 1638 2246 1690 ἐκ
2282 1640 2374 1702 τῆς
2410 1633 2626 1704 ἀγάπης
2662 1630 2833 1702 ἡμῶν.

906 1740 974 1804 Bc.
991 1733 1305 1794 Inflamma
1318 1749 1419 1791 cor
1435 1737 1694 1789 nostrum
1713 1746 1911 1788 amore
2127 1732 2197 1780 A.
2230 1727 2485 1792 ’Ἀνιιψον
2522 1723 2621 1789 τὴν
2657 1721 2891 1792 καρδίαν
2929 1718 3086 1790 ἡμῶν

847 1825 964 1875 1110.
1542 1877 1548 1883 ,
2022 1809 2077 1861 ἐκ
2112 1812 2203 1874 τῆς
2238 1806 2451 1876 ἀγάπης
2486 1804 2624 1875 πρὸς
2657 1804 2757 1856 eof.

1203 1936 1560 1997 OREMUS.
2405 1932 2709 1985 ΔΕΗΣΙΣ.

948 2048 1077 2106 Fac
1116 2063 1238 2117 n08,
1277 2045 1534 2103 Domine
1573 2044 1616 2101 J
1621 2061 1741 2115 esu,
1784 2061 1914 2101 san·
2136 2046 2400 2108 Ποίησον,
2440 2038 2612 2111 Κύριε
2648 2036 2827 2103 Ἰησοῦ
2868 2030 3089 2104 Χριστὲ,

847 2128 1097 2187 ctissimi
1163 2125 1378 2184 Cordis
1442 2125 1528 2182 tui
1591 2124 1915 2182 virtutibus
2025 2132 2091 2176 vd
2115 2119 2558 2190 ἐνδυθῶμεντοές
2580 2116 2775 2189 ἀρετάς
2794 2113 3091 2183 τῆς-Ἀγιω-

846 2209 1009 2267 11111111
1028 2206 1418 2266 etaffectibus
1440 2203 1824 2262 inflammari:
1853 2209 1919 2262 ut
2026 2205 2341 2270 τάτηςσου
2402 2200 2673 2273 Καρδίας,
2747 2200 2839 2250 καὶ
2894 2196 2950 2247 ἐκ
3004 2197 3093 2258 τῆς

848 2298 911 2346 et
948 2288 1198 2360 imagini
1247 2292 1389 2344 tuae
1444 2285 1734 2343 bonitatis
1786 2301 1916 2343 con·
2025 2284 2239 2354 ἀγάπης
2274 2283 2342 2337 vo?
2382 2282 2738 2353 οἶναφθῶμεν
2773 2275 3093 2339 ὃπως-ἀξιο-

848 2368 1100 2434 formeS,
1172 2373 1235 2424 et
1290 2371 1450 2424 tuae·
1489 2366 1918 2438 redemptionis
2026 2364 2397 2436 μισθήσωμεν
2460 2362 2526 2415 vo?
2590 2362 2938 2432 μιμηθῶμεν
2998 2352 3095 2420 τὴν

851 2465 1186 2508 mereamur
1225 2464 1355 2505 esse
1396 2446 1742 2520 participes,
1802 2446 1918 2519 Qui
2026 2444 2350 2515 ἄγαθότηιά
2390 2458 2521 2507 σου,
2572 2445 2662 2494 καὶ
2699 2439 2767 2493 vo?
2808 2439 3093 2507 συμμεθέ-

853 2531 1007 2588 vivis
1067 2536 1130 2587 et
1168 2544 1386 2600 regnas
1439 2543 1566 2585 cum
1618 2526 1809 2585 Patre
1858 2533 1920 2584 et
2027 2534 2209 2596 ἕωμεν
2246 2530 2337 2592 τῆς
2372 2521 2739 2593 ἐξαγοράσεώς
2774 2532 2895 2581 σου,
2949 2516 3097 2575 ὅστις

856 2610 1088 2683 Spiritu
1118 2608 1340 2668 Sancto
1366 2608 1426 2664 in
1453 2608 1699 2665 saecula
1718 2624 1920 2665 saecu·
2029 2611 2118 2680 ζῇς
2161 2609 2251 2658 καὶ
2286 2603 2590 2671 βασιλεύεις
2626 2601 2776 2672 ὁμοῦ
2810 2598 2953 2670 pam?
3001 2601 3100 2650 τοῦ

849 2692 1054 2750 1οΓ11111.
1135 2689 1349 2749 Amen.
2032 2687 2249 2758 Πατρός
2298 2690 2390 2739 καὶ
2427 2685 2617 2756 Ἁγίου
2658 2680 2990 2752 Πνεὺματος
3027 2681 3099 2738 εἰς

921 2801 926 2806 ·
2029 2769 2156 2829 τούς
2194 2772 2393 2827 αἰῶνας
2431 2770 2539 2821 τῶν
2578 2763 2808 2819 αἰώνων.
2870 2758 3064 2831 Ἀμήν.

1040 2967 1215 3025 Inter
1252 2968 1499 3040 pietatis
1539 2968 1831 3025 exercitia
1869 2968 2020 3025 ritus
2057 2967 2265 3039 graeci
2301 2966 2550 3039 primum
2578 2964 2768 3020 locum
2794 2958 2982 3018 facile
3007 2957 3101 3015 ob·

855 3049 1011 3105 tinet
1063 3048 1384 3107 Ἀκιὶθιστος
1440 3052 1530 3113 τῆς
1577 3048 1913 3116 γλυκυτιέτης
1966 3051 2054 3099 καὶ
2110 3046 2412 3116 ἁγιωτάτης
2465 3044 2710 3113 Καρδίας
2764 3045 2865 3094 τοῦ
2909 3038 3100 3105 Ἰησοῦ.

859 3133 1084 3197 Ποίημα
1103 3127 1385 3198 Ἰσιδώρου
1408 3129 1660 3194 Δολνίκη,
1689 3131 1887 3198 ἱερέως.
1924 3127 2087 3200 Opus
2101 3128 2229 3200 jam
2252 3126 2517 3185 omnibus
2539 3120 3027 3192 εὐπροσοδώτατον
3043 3116 3102 3187 ²),

859 3209 1345 3281 commendatum,
1383 3215 1451 3266 ut
1489 3209 1728 3280 dignum
1772 3215 1880 3279 est,
1918 3208 2140 3267 videsis
2179 3209 2241 3265 in
2273 3206 2599 3276 Zeti-schrift
2628 3206 2735 3275 fur
2759 3200 2911 3256 lcatlu.
2945 3199 3102 3253 Theo-

858 3290 1020 3358 maie,
1058 3290 1215 3354 1894,
1256 3306 1348 3362 1³1)-
1390 3289 1692 3347 196—197.

929 3512 941 3525 .
1038 3430 1110 3488 In
1152 3432 1489 3490 exercenda
1515 3432 1745 3503 pietate
1776 3449 1921 3504 erga
1951 3431 2055 3490 SS.
2085 3431 2205 3490 Cor
2223 3431 2269 3489 J
2272 3447 2375 3488 esu
2403 3430 2608 3497 etiam,
2645 3430 2893 3500 praeter
2921 3420 3107 3479 multa

862 3513 986 3569 alia
1026 3512 1264 3570 cantica
1289 3512 1592 3583 liturgica,
1631 3513 1762 3569 usui
1792 3529 1922 3569 esse
1948 3517 2147 3585 potest
2173 3509 2367 3563 Κανών
2393 3507 2654 3578 ἱκετήριος
2679 3510 2754 3564 εἰς
2779 3505 2876 3557 τὸν
2900 3502 3106 3573 Κύριον

865 3592 1020 3686 ἦῌᾱξν
1057 3591 1269 3657 Ἰησοῦν
1310 3591 1654 3663 Χριστόν’),
1711 3593 1810 3664 qui
1848 3593 2141 3662 nimirum,
2194 3596 2449 3664 quantus
2487 3592 2772 3661 quantus,
2828 3583 2977 3641 nihil
3016 3586 3108 3639 est

864 3690 978 3729 nisi
1018 3673 1149 3730 laus
1192 3690 1263 3731 ac
1300 3672 1677 3746 praedicatio
1716 3673 1989 3731 infinitae
2030 3671 2308 3731 caritatis
2349 3668 2578 3728 Christi
2616 3667 2662 3725 J
2665 3683 2784 3736 esu,
2841 3663 2911 3722 Si
2936 3664 3104 3731 enim,

864 3752 915 3809 P
932 3753 951 3809 i
967 3771 998 3811 0
1039 3751 1164 3810 ΡΡ.
1185 3753 1292 3811 VI.
1334 3754 1590 3817 doctore,
1630 3754 1939 3808 substantia
1968 3752 2266 3809 devotionis
2294 3751 2396 3806 SS.
2422 3749 2618 3805 Cot-dis
2638 3748 2773 3802 Jesa
2801 3762 2864 3801 eo
2887 3746 3106 3815 spectat,

800 3855 806 3860 ·
863 3838 925 3886 ut
959 3834 1013 3887 in
1040 3834 1330 3903 symbolica
1370 3834 1553 3888 cordis
1578 3835 1816 3903 imaqz'ne
1841 3835 2156 3888 immensam
2184 3832 2470 3888 caritatem
2498 3831 2838 3901 effusumque
2866 3839 3100 3880 amorem

869 3915 1041 3969 dicim*
1057 3917 1420 3985 redemptoris
1437 3917 1620 3970 nostri
1639 3916 1965 3971 meditemur
1989 3919 2151 3985 atque
2176 3911 2578 3981 veneremur⁸):
2607 3909 2796 3967 eidem
2817 3904 3105 3965 fovendae

869 3994 1139 4088 profecto
1183 3997 1456 4065 congruit
1494 4013 1780 4069 praesens
1817 4013 1987 4052 canon
2025 3996 2272 4066 supplex,
2313 3994 2411 4067 qui
2448 3999 2609 4051 totus
2648 3994 2743 4047 est
2778 3989 2842 4045 in
2877 3984 3104 4044 infinita

869 4074 990 4133 Π61
1030 4076 1297 4134 bonitate
1340 4085 1402 4133 et
1440 4077 1854 4136 misericordia
1892 4075 2257 4134 celebranda
2296 4091 2367 4131 ac
2406 4068 2891 4132 commendanda·

1060 4208 1097 4268 ¹)
1137 4204 1362 4272 Relegas
1401 4204 1634 4270 superius
1672 4208 1855 4258 notata
1891 4211 1930 4257 t.
1975 4207 2020 4267 l,
2059 4218 2107 4271 p.
2142 4202 2262 4256 538.

1053 4284 1095 4352 ²)
1136 4286 1506 4340 Κατάστικτος
1565 4284 1630 4337 ad
1682 4284 1998 4354 singulorum
2059 4296 2302 4336 versuum
2359 4279 2742 4333 distinctionem
2791 4275 3008 4330 habetur
3061 4272 3108 4324 in

934 4366 1286 4434 orologi0‚
1326 4382 1408 4435 pp.
1454 4365 1756 4431 324-328,
1798 4365 1920 4419 edit.
1959 4378 2084 4417 rom.
2123 4378 2205 4416 an.
2247 4362 2413 4417 1876:
2464 4363 2518 4413 et
2553 4360 2605 4413 in
2643 4355 2987 4412 Paraclet.
3024 4368 3107 4406 seu

932 4449 1209 4504 ctoecho
1248 4461 1332 4513 m.,
1371 4457 1454 4514 pp.
1495 4446 1796 4512 732-737,
1836 4445 1957 4498 edit.
1996 4456 2123 4497 rom.
2160 4457 2243 4495 an.
2285 4441 2439 4496 1885.

1056 4529 1098 4591 ⁸)
1140 4529 1332 4581 Iterum
1370 4544 1431 4582 ac
1470 4527 1675 4605 saepius
1712 4526 1865 4580 relat.
1913 4525 1963 4578 in
2002 4539 2082 4599 op.
2131 4522 2198 4575 de
2226 4522 2398 4599 festis
2435 4520 2723 4595 utriusque
2761 4517 2863 4576 SS.
2906 4512 3107 4575 Cordi-s.
