3514 5391
816 482 1076 554 Κυριακῆ
1114 486 1203 551 τῆς
1236 481 1501 554 ἅπόκρεω.
1579 484 1846 541 Dominica
1883 485 2267 557 Sexagesimac.
2598 491 2669 544 35

414 684 504 737 est
527 678 587 751 ι),
647 696 931 753 magnum
975 688 1039 739 et
1077 681 1368 741 illustrem
1406 682 1652 740 Domini
1690 683 1882 741 nostri
1919 682 2072 741 Jesu
2111 683 2338 743 Christi
2376 684 2670 745 adventus

417 758 569 818 diem
609 761 967 833 cogitemus,
1026 763 1125 836 qui
1165 762 1353 836 judex
1405 763 1610 822 ovibus
1662 762 1902 835 dextra,
1960 763 2168 822 haedis
2207 765 2454 822 sinistra
2493 766 2667 823 collo-

420 840 582 913 catiS,
643 842 788 900 illas
837 843 957 901 hac
1010 840 1178 901 felici
1230 849 1294 901 et
1344 843 1720 918 optatissima
1769 860 1915 907 voce
1963 844 2373 917 compellabit:
2429 845 2667 917 Venite,

417 922 719 981 benedicti
771 923 968 997 patris
1021 924 1165 994 mei,
1219 924 1521 997 possidete
1563 929 1843 998 paratum
1878 924 2046 982 vobis
2083 941 2329 999 regnum
2381 942 2416 983 a
2454 927 2667 984 consti-

420 1001 641 1061 tutione
683 1004 891 1063 mundi
931 1003 1171 1075 (Matth.
1196 1005 1285 1076 25,
1322 1005 1437 1076 34).
1473 1005 1567 1063 his
1607 1004 1799 1062 diram
1839 1020 1911 1063 ac
1947 1004 2352 1063 tristissimam
2382 1021 2512 1064 eam
2540 1023 2669 1064 sen·

422 1083 665 1141 tentiam
707 1085 1015 1158 loquetur·
1052 1050 1369 1144 Discedite
1412 1103 1448 1144 a
1486 1103 1596 1158 me,
1636 1085 1962 1157 maledicti,
2002 1086 2063 1143 in
2100 1085 2299 1158 ignem
2339 1093 2668 1157 aeternum,

422 1162 513 1235 qui
549 1171 804 1236 paratus
845 1170 944 1223 est
982 1165 1216 1225 diabolo
1270 1172 1334 1225 et
1372 1168 1604 1240 angelis
1643 1167 1774 1240 ejus
1814 1129 1981 1237 (ibid.
2020 1166 2136 1237 41).
2209 1166 2384 1225 Haec
2420 1168 2666 1227 horrore

422 1252 566 1309 sunt,
607 1245 840 1304 medius
879 1246 1076 1318 fidius,
1115 1253 1180 1306 et
1214 1264 1453 1321 pavore,
1503 1263 1577 1306 ac
1615 1246 2097 1306 consternatione
2133 1247 2342 1320 plena:
2383 1265 2533 1321 quae
2564 1267 2668 1307 nos

415 1324 583 1393 juxta
612 1333 795 1399 atque
822 1327 963 1386 illos
987 1333 1221 1401 oportet
1247 1333 1598 1402 reputantes
1626 1328 1905 1386 accidere
1945 1334 2010 1385 et
2038 1328 2429 1402 allacrymari
2447 1328 2668 1388 Deum·

421 1421 527 1475 que
562 1407 889 1480 propitium
928 1425 1180 1482 parare,
1232 1411 1575 1483 priusquam
1628 1408 1705 1467 ad
1736 1409 2188 1481 experientiam·
2218 1412 2300 1468 sit
2351 1411 2666 1469 deventum

421 1501 611 1544 rernm
652 1504 805 1561 quae
846 1490 1186 1549 audiantur.
1261 1491 1356 1549 Ac
1405 1507 1578 1564 quum
1631 1490 1719 1548 sic
1772 1491 1994 1548 obeant
2040 1490 2148 1559 illi,
2201 1506 2324 1560 noS,
2375 1493 2667 1564 cohortor,

422 1564 794 1636 Evangelica
842 1572 1170 1643 praeconia
1222 1572 1498 1645 pernices
1552 1570 1892 1642 audiamus,
1949 1571 2158 1629 timide
2215 1577 2394 1647 atque
2427 1572 2667 1645 trepide

420 1644 547 1704 Deo
568 1647 801 1707 servire
824 1656 1196 1723 satagentes,
1219 1657 1434 1710 cuncta
1463 1667 1534 1709 ex
1563 1651 1759 1709 animo
1784 1650 2121 1709 vitiositate
2139 1651 2452 1723 remota²);
2489 1654 2668 1712 omni-

421 1744 527 1800 que
553 1728 812 1791 invicem
840 1733 1203 1804 praeclarae
1227 1731 1552 1790 functionis
1590 1732 1837 1791 inducta
1875 1733 2147 1804 scientia,
2197 1733 2405 1805 penita
2441 1733 2669 1792 miseri-

422 1809 635 1878 cordia,
673 1812 1071 1885 benignitate,
1111 1814 1516 1893 submissione,
1556 1813 2029 1886 mansuetudine,
2066 1813 2339 1879 lenitate,
2387 1830 2491 1871 seu
2529 1815 2669 1887 quid

422 1890 582 1948 alind
621 1898 717 1949 est
755 1893 1035 1952 eximium
1084 1901 1146 1952 et
1182 1894 1518 1957 laudatum,
1576 1910 1687 1967 quo
1739 1893 1922 1964 digna
1971 1893 2138 1952 obita
2190 1892 2421 1953 Christi
2468 1893 2672 1967 Evan-⁴

421 1972 572 2040 gelio
611 1972 741 2031 vita
780 1976 1046 2034 coeleste
1093 1992 1356 2048 regnum
1386 1975 1750 2035 erciscamus
1803 1990 1913 2047 per
1950 1972 2251 2033 Christum
2290 1973 2498 2036 Jesum
2547 1973 2669 2033 Do·

424 2051 637 2111 minum
674 2060 975 2114 nostrum:
1033 2056 1128 2114 cui
1166 2052 1375 2128 gloria,
1416 2061 1480 2113 et
1517 2054 1849 2129 imperium,
1901 2070 2029 2113 cum
2069 2053 2277 2125 Patre,
2335 2071 2406 2113 ac
2445 2053 2667 2113 Sancto

421 2130 665 2207 Spiritu,
704 2152 878 2210 nuuc,
921 2142 984 2196 et
1020 2152 1276 2211 semper,
1306 2137 1367 2193 in
1405 2151 1749 2209 omnemque
1788 2135 2272 2207 perpetuitatem.
2346 2135 2559 2193 Amen.

480 2280 491 2349 f
597 2280 985 2347 Graecorum
1046 2279 1309 2368 κυριακὴ
1365 2283 1483 2368 τῆς.
1522 2277 1821 2365 ἅπόκρεω
1882 2283 2131 2344 bostrae
2179 2278 2551 2341 Dominicae
2597 2280 2668 2341 in

425 2372 835 2461 Seaeaqe'sima
896 2372 1249 2464 respondet.
1360 2378 1733 2444 Similiorem
1797 2397 1942 2442 vero
2004 2376 2359 2461 opinionem
2420 2375 2666 2441 illorum

414 2471 539 2553 jam
589 2475 862 2542 diximus
910 2481 971 2562 p'.
1026 2479 1127 2556 14,
1178 2479 1280 2562 qui
1331 2482 1609 2542 statuunt
1656 2476 1790 2560 ejus
1837 2475 2288 2541 institutionem
2336 2474 2478 2539 inde
2528 2494 2666 2539 esse

424 2574 819 2654 repetendam
844 2600 861 2652 ‚·
922 2577 1115 2659 quod,
1184 2577 1288 2661 qui
1339 2576 1647 2660 Jejunium
1710 2572 2248 2660 quadragesimale
2309 2573 2464 2637 feria
2509 2572 2587 2637 V.
2614 2573 2665 2655 ³)

424 2669 513 2735 vel
561 2672 827 2740 sabbato
844 2676 903 2758 ⁴)
950 2674 1277 2754 solverent,
1339 2675 1411 2739 in
1454 2673 1947 2761 redemptionem
1992 2672 2232 2738 dierum
2281 2671 2664 2737 intermisso·

422 2788 575 2848 rum,
625 2777 698 2836 ut
743 2779 890 2858 post
934 2773 1396 2857 Belethum,
1448 2775 1709 2838 Ration.
1760 2771 1955 2837 divin.
2004 2770 2167 2857 offic.
2219 2791 2272 2836 c.
2326 2770 2407 2835 78
2430 2769 2483 2854 ὅ)
2531 2791 2662 2835 rem

423 2869 709 2951 exprimit
756 2872 869 2937 Du
890 2873 1247 2949 randus‚.
1276 2872 1540 2938 Ration.
1588 2871 1788 2936 divin.
1838 2869 2002 2954 offic.
2053 2870 2093 2934 Ι.
2142 2871 2204 2948 6,
2255 2889 2307 2934 c.
2358 2870 2464 2946 24,
2501 2871 2574 2933 ιι.
2601 2869 2666 2946 2,

423 2971 482 3028 et
524 2987 578 3031 c.
630 2968 737 3046 26,
790 2991 850 3036 ιι.
900 2972 956 3048 1,
998 2971 1236 3055 jejunio
1284 2991 1470 3035 unam
1518 2971 1929 3056 septimanam
1982 2968 2331 3033 addiderint
2377 2971 2439 3032 et
2471 2965 2664 3031 Sexa-

419 3066 717 3148 9esimam
763 3069 853 3133 sic
901 3068 1299 3134 instituerint.
1396 3067 1808 3154 Gornputandi
1858 3067 2013 3132 ratio
2061 3065 2232 3151 patet
2264 3086 2336 3130 ex
2363 3066 2456 3142 iis,
2508 3077 2665 3149 quae

422 3164 602 3228 modo
650 3165 849 3231 dicta
866 3174 1013 3233 sunt
1059 3168 1123 3233 in
1168 3167 1582 3233 declaratione
1628 3171 1740 3253 τῆς
1785 3162 2271 3251 παρειςβάσεως
2297 3167 2444 3227 τῶν
2473 3158 2668 3246 ἁγίων

422 3267 725 3347 νηστειῶν
771 3267 959 3350 apud
987 3268 2184 3333 Graecos·
2337 3291 2344 3296 ’

595 3391 713 3471 Qui
760 3393 968 3457 varios
1015 3412 1235 3457 sensus
1267 3393 1584 3476 mysticos,
1634 3392 1862 3475 quibus
1891 3389 2263 3475 recipiendis
2295 3387 2659 3454 vocabulum

424 3484 869 3575 Seaeaqesimae
915 3495 1014 3555 est
1063 3495 1309 3575 aptum,
1374 3489 1665 3576 religiose
1711 3476 2099 3566 scrutantur,
2168 3492 2501 3573 praeeunte
2551 3487 2665 3551 Or-

423 3586 562 3652 dine
609 3587 894 3655 Romano
942 3609 1173 3655 nomen
1217 3590 1444 3654 ducere
1507 3588 1707 3654 solent
1769 3609 1805 3652 a
1865 3587 2085 3653 diebus
2148 3585 2494 3670 sexaginta,
2563 3583 2669 3667 qui

424 3683 616 3750 fluunt
683 3688 759 3752 ab
819 3688 943 3754 hac
1004 3688 1333 3753 Dominica
1396 3707 1595 3773 usque
1656 3687 1732 3751 ad
1795 3686 2073 3760 medinm
2117 3683 2429 3758 Paschae,
2473 3685 2667 3766 -quod

428 3857 847 3868 —q-——ff--u-n

604 3955 871 4027 ¹)Incipit
906 3973 939 4011 a
976 3955 1150 4011 verbis
1187 3954 1285 4021 τήν
1321 3954 1530 4028 ἡμέραν
1566 3953 1666 4020 τήν
1703 3952 1937 4025 φοικτιὶν
1987 3955 2166 4022 estque
2219 3950 2377 4020 ipsius
2425 3965 2467 4003 s,
2510 3947 2668 4003 Theo·

428 4007 529 4088 dori
567 4035 837 4091 Studitae.

598 4115 641 4182 ²)
673 4117 833 4172 Haud
871 4117 1143 4172 dissimilia
1179 4121 1300 4172 sunt
1334 4118 1483 4172 varia
1520 4117 1609 4172 illa
1645 4116 1857 4186 pietatis
1896 4113 2159 4178 exercitia,
2197 4126 2327 4180 quae
2366 4110 2542 4164 diebus
2581 4109 2670 4162 ba·

428 4194 703 4252 chanalium
740 4199 794 4252 in
833 4197 1074 4252 Ecclesia
1111 4199 1272 4252 latina
1309 4198 1421 4252 fieri
1460 4214 1576 4252 mox
1614 4197 1896 4252 videbimus
1934 4211 1983 4263 p.
2022 4195 2108 4247 69.

596 4276 640 4344 ³)
680 4278 809 4333 Can.
847 4278 1133 4349 Jejuniam
1175 4280 1258 4333 14.
1297 4279 1432 4333 Dist.
1471 4279 1522 4344 3,
1561 4278 1622 4331 de
1661 4277 1813 4331 Cous,

598 4362 640 4424 ⁴)
681 4359 809 4413 Can.
849 4357 1093 4413 Sabbata
1131 4360 1216 4414 13.
1254 4359 1365 4413 eod.

595 4438 639 4507 ⁶)
679 4439 878 4508 Migne,
917 4438 1064 4493 Patr.
1102 4438 1196 4493 lat.
1234 4442 1273 4492 t.
1311 4439 1434 4506 202,
1472 4454 1521 4507 p.
1559 4438 1646 4490 84.
