3514 5391
673 502 927 574 Κυριακή
967 509 1056 570 τῆς
1093 505 1715 576 σιαυροπροςκυνῆσεως.
1776 508 2046 563 Dominioa
2083 508 2171 563 III.
2198 508 2455 579 Quadrag.
2585 512 2688 566 137

452 702 714 785 gniuaria
767 708 1077 787 repetunt,
1128 724 1285 788 quae
1334 708 1598 770 exeunte
1647 704 1894 770 saeculo
1944 712 2117 775 sexto
2163 707 2225 771 in
2278 706 2450 772 Urbe
2492 707 2689 772 Roma

455 806 594 863 tauta
661 801 723 865 vi
773 802 1207 886 grassabatur,
1274 808 1372 881 ut,
1437 804 1489 869 si
1537 804 1686 888 quis·
1724 804 2053 871 oscitasset
2111 804 2208 871 vel
2256 816 2688 889 ετοιπαιαεεει,

447 898 636 962 statim
689 900 988 984 spiritum
1035 901 1347 968 emitteret
1382 901 1449 985 ¹).
1546 900 1658 967 Oui
1721 901 1886 967 malo
1947 902 2303 987 repellendo
2353 926 2400 970 s.
2454 906 2690 989 Grego-

444 996 559 1060 rius
604 997 698 1063 M.
755 999 1071 1065 celebrem
1117 999 1288 1066 illam
1335 999 1637 1066 litaniam
1681 1001 2113 1087 septzjfov-mem
2166 1002 2229 1066 in
2278 1000 2452 1067 Urbe
2500 1022 2689 1087 agen-

442 1096 572 1159 dam
623 1097 873 1163 curavit
920 1119 1078 1164 anno
1123 1099 1275 1178 590,
1326 1120 1513 1184 quam
1562 1099 1920 1165 Joannes
1967 1099 2375 1166 Diaconus
2424 1100 2485 1164 in
2542 1099 2691 1164 Vita

441 1191 718 1274 ejusdem
767 1195 1095 1262 Pontificis
1141 1199 1439 1265 describit
1484 1197 1523 1265 1.
1577 1200 1634 1271 1,
1685 1218 1789 1264 nn.
1838 1198 2107 1264 42-43
2132 1200 2202 1283 ²),
2252 1219 2535 1283 quaeque
2583 1199 2689 1263 de-

442 1290 574 1356 inde
625 1292 692 1357 in
742 1293 894 1359 alias
943 1296 1238 1362 ecclesias
1286 1299 1477 1363 etiam
1523 1302 1867 1384 propagata
1891 1297 2219 1383 quotannis
2244 1296 2531 1383 religiose
2560 1318 2690 1362 ser-

442 1390 560 1455 vari
611 1392 840 1477 coepit,
910 1397 1040 1458 tum
1089 1399 1158 1459 ut
1204 1396 1470 1480 populus
1517 1396 1915 1474 christianuS,
1966 1396 2153 1462 tantis
2200 1396 2534 1462 defunctus
2582 1416 2690 1479 pe-

441 1488 672 1567 riculiS,
734 1494 981 1576 gratam
1042 1492 1328 1560 beneficii
1386 1494 1768 1560 liberationis
1828 1494 2193 1561 memoriam
2242 1498 2488 1580 ageret,
2558 1498 2687 1558 tum

441 1591 506 1649 ut
549 1588 810 1653 numine
866 1589 1194 1674 implorato
1262 1613 1298 1658 a
1357 1592 1541 1661 simili
1605 1593 1956 1683 calamitate
2018 1594 2077 1659 in
2127 1598 2447 1679 posterum
2512 1612 2690 1676 prae-

443 1691 816 1753 servaretur.

618 1792 888 1861 Causam
939 1796 1368 1880 appellationis
1415 1795 1770 1887 Ky'clzavnd
1813 1800 2003 1884 igitur
2048 1819 2191 1864 cum
2237 1797 2694 1863 sternutatione

442 1890 870 1979 compingunt,
921 1896 1088 1978 quod
1131 1895 1421 1981 geminus
1467 1894 1571 1962 ille
1619 1897 1971 1962 litaniarum
2018 1896 2161 1961 finis
2191 1896 2515 1981 speciatim
2545 1895 2693 1960 huic

443 1987 808 2058 Dominicae
853 1993 918 2058 in
969 1993 1270 2059 Bohemia
1317 1995 1722 2078 praestitutus
1756 1996 2133 2072 crederetur,
2185 1994 2280 2060 vel
2306 1995 2493 2060 etiam
2526 1992 2693 2077 quod

444 2088 782 2173 antiquitus
831 2092 969 2176 ipso
1018 2091 1137 2157 hoc
1167 2093 1267 2157 die
1299 2092 1516 2158 fideles
1565 2094 1642 2158 de
1673 2093 2020 2158 rationibus
2051 2093 2506 2159 anniversariae
2532 2090 2694 2157 illius

445 2187 934 2272 supplicationiS,
984 2210 1141 2274 quae
1189 2192 1267 2255 ad
1315 2191 1722 2257 imitationem
1773 2191 2022 2257 litaniae
2052 2191 2433 2276 septiformis
2462 2214 2511 2256 s.
2536 2192 2693 2257 Gre-

443 2285 598 2369 gorii
661 2286 1124 2365 celebrabatur,
1194 2294 1483 2354 accurate
1544 2291 1948 2365 docerentur,
2016 2291 2225 2356 addita
2274 2288 2523 2375 publica
2584 2291 2693 2354 ad-

448 2384 804 2463 monitione,
855 2389 926 2450 ut
957 2389 1268 2451 vetustum
1301 2388 1538 2465 morem
1572 2387 1980 2453 christianum
2013 2388 2504 2454 sternutantibus
2535 2388 2694 2452 bene

450 2482 740 2564 precandi
787 2482 1079 2569 religiose
1109 2490 1428 2552 servarent
1451 2485 1525 2571 ³),
1576 2485 1855 2552 adhibita
1883 2486 2182 2552 formula:
2234 2485 2522 2550 Pozdrav
2552 2484 2695 2551 Ράτι

469 2628 480 2631 -
505 2623 760 2639 ——q—--q-—L
789 2632 872 2636 -—-

622 2695 666 2764 ι)
707 2697 791 2752 Ita
828 2700 1093 2770 sequiores
1129 2701 1377 2769 historici,
1432 2703 1516 2773 qui
1554 2707 1859 2772 praeterea,
1912 2694 2061 2757 nulla'
2088 2704 2210 2757 licet
2249 2703 2429 2758 idonea
2475 2701 2696 2756 auctori·

455 2779 552 2830 tate
591 2777 731 2845 fulti,
771 2779 1042 2834 enucleate
1079 2787 1309 2848 narrant,
1347 2781 1466 2835 inde
1505 2782 1662 2836 etiam
1700 2783 1923 2848 venisse,
1975 2790 2049 2846 ut,
2100 2783 2251 2837 simul
2289 2799 2350 2837 ac
2388 2783 2502 2853 quis
2540 2780 2696 2836 alium

451 2863 825 2913 sternutantem
863 2860 1113 2929 audisset,
1151 2863 1321 2917 subito
1359 2867 1658 2917 accurreret
1695 2864 1860 2917 eidem
1899 2864 2027 2918 bene
2066 2862 2322 2933 precando
2359 2863 2457 2917 hac
2507 2861 2589 2915 vel
2628 2860 2695 2915 si-

450 2937 546 2991 mili
583 2939 863 2994 verborum
900 2940 1146 2996 formula:
1187 2943 1344 2997 Deus
1378 2942 1457 2998 sit
1488 2943 1591 2997 tibi
1610 2942 1931 3013 propitius!
1985 2942 2193 2998 Addunt
2219 2943 2387 3009 immo,
2428 2957 2491 2995 ex
2517 2941 2697 2996 eadem

450 3033 600 3072 causa
635 3023 762 3072 tunc
800 3021 996 3075 factum
1034 3037 1165 3088 esse,
1218 3027 1292 3088 ut,
1339 3037 1492 3093 quum
1530 3023 1714 3093 aliquis
1752 3040 1810 3077 se
1847 3023 1981 3078 velle
2019 3024 2242 3078 oscitare
2281 3023 2526 3089 sentiret,
2580 3038 2695 3076 con-

451 3096 585 3151 tinuo
623 3099 830 3167 signum
869 3102 1037 3154 crucis
1074 3103 1149 3156 ori
1188 3103 1479 3172 imprimere
1518 3104 1806 3160 festinaret.
1883 3102 1982 3157 Sed
2010 3103 2269 3159 enimvero
2294 3104 2421 3157 haec
2449 3118 2697 3171 germana

452 3177 638 3232 criticis
675 3195 777 3234 non
815 3182 1070 3246 videntur,
1107 3199 1203 3237 nec
1240 3183 1350 3237 sine
1389 3200 1546 3237 causa
1582 3182 1763 3253 par‘um
1801 3184 2171 3239 recentioribus
2208 3184 2507 3255 probantur,
2544 3198 2697 3256 quum

451 3258 599 3325 nullo,
637 3265 697 3314 ut
736 3261 975 3329 diximuS,
1014 3262 1196 3317 idoneo
1233 3264 1561 3334 antiquitatis
1599 3264 1897 3319 testimonio
1935 3265 2181 3320 nitantur.

553 3340 559 3348 '
627 3339 672 3402 ²)
713 3343 862 3410 Apud
902 3342 1091 3412 Migne,
1129 3343 1274 3398 Patr.
1315 3346 1405 3399 lat.
1445 3351 1486 3398 t.
1526 3346 1612 3412 75,
1651 3361 1735 3414 pp.
1776 3347 2005 3401 79-80.

626 3421 671 3484 ⁸)
712 3421 845 3477 Erat
881 3423 1039 3479 etiam
1076 3425 1209 3494 apud
1248 3425 1480 3482 ethnicos
1517 3431 1667 3478 vetus
1706 3442 1834 3490 mos,
1887 3426 2143 3480 salutandi
2198 3430 2290 3480 aut
2340 3426 2468 3480 bene
2519 3439 2699 3495 appre-
2806 3425 2815 3434 '

454 3502 594 3556 candi
632 3503 1074 3568 sternutantibus;
1115 3506 1397 3559 censebant
1423 3505 1574 3571 enim,
1614 3505 2046 3560 sternutationem
2078 3507 2382 3575 portendere
2420 3506 2539 3576 quid
2566 3505 2698 3564 boni.

455 3589 541 3636 aut
576 3584 762 3638 saltem
802 3600 895 3654 pro
933 3586 1100 3640 medio
1137 3586 1304 3640 omine
1328 3586 1602 3649 habebant,
1643 3592 1701 3640 ut
1727 3587 1882 3640 testis
1912 3592 1993 3640 est
2022 3586 2367 3641 Theocrit.
2406 3587 2462 3641 in
2495 3585 2698 3640 Thalia.

456 3665 506 3715 et
535 3662 783 3733 Epithal.
821 3664 1112 3726 Helenae:
1161 3666 1374 3736 ideoque
1415 3670 1742 3720 sternutante
1781 3666 1969 3736 alique,
2020 3667 2288 3721 adstantes
2339 3667 2409 3721 illi
2463 3667 2699 3720 dicebant

456 3742 581 3796 bona
615 3744 793 3810 verba,
833 3748 894 3799 ut
929 3746 976 3799 si
1010 3745 1130 3815 quid
1166 3746 1286 3799 mali
1325 3746 1673 3816 portenderet,
1723 3746 1774 3799 id
1813 3747 1985 3801 fausta
2024 3747 2317 3816 precatione
2355 3750 2699 3801 amoveretur.

456 3822 613 3878 Plin.
651 3824 688 3878 l.
726 3823 825 3888 28,
862 3842 906 3879 c.
947 3825 1000 3879 2.
1075 3825 1144 3880 Et
1180 3827 1346 3880 medio
1384 3843 1512 3881 aevo
1550 3827 1715 3881 adhuc
1751 3828 2082 3881 sternutatio
2131 3827 2269 3882 inter
2314 3827 2533 3897 auguria
2569 3827 2699 3880 refe—

454 3904 689 3971 rebatur,
740 3911 801 3960 ut
838 3910 988 3974 patet
1026 3922 1090 3960 ex
1127 3906 1362 3961 indiculo
1398 3907 1843 3976 superstitionum
1895 3911 1949 3961 et
1971 3908 2365 3977 paganitarum,
2401 3926 2433 3962 a
2470 3925 2511 3962 s.
2550 3907 2700 3961 Boni-

457 3983 583 4038 sacio
633 3985 775 4040 edito
823 3986 877 4039 in
923 3986 1138 4042 concilio
1174 3987 1462 4057 Liptinensi
1513 4005 1595 4044 an.
1635 3989 1766 4054 743,
1823 4005 1873 4041 n.
1914 3991 1982 4044 13
2034 3989 2188 4058 (apud
2228 3989 2427 4056 Migne,
2482 3989 2627 4042 Patr.
2665 3988 2700 4042 l.

457 4069 494 4118 t.
529 4066 615 4132 89,
654 4082 703 4136 p.
742 4067 895 4126 813).
971 4068 1088 4122 Alia
1135 4069 1198 4122 de
1246 4069 1611 4138 superstitiosa
1662 4075 2192 4123 sternutamentorum
2242 4069 2572 4123 observantia
2621 4085 2699 4120 re-

458 4147 617 4213 peries
653 4147 791 4216 apud
831 4146 1108 4214 Grimm,
1149 4149 1422 4204 Deutsclae
1457 4149 1811 4220 Mytholoqie‚
1849 4151 1899 4204 2.
1939 4150 2080 4217 edit,
2118 4167 2202 4220 pp,
2242 4151 2611 4205 1070—1071.
2633 4180 2697 4187 —

459 4224 705 4280 Universa
741 4226 835 4281 illa
875 4226 1011 4281 falsa
1047 4228 1412 4297 superstitione
1451 4230 1502 4283 in
1539 4246 1716 4284 veram
1755 4230 2004 4298 pietatem
2035 4232 2143 4300 jam
2182 4234 2398 4295 mutata,
2437 4230 2701 4282 christiani

457 4308 868 4362 sternutantibus
906 4308 1272 4377 omnipotentis
1299 4310 1396 4364 Dei
1433 4311 1676 4364 auxilium
1713 4315 1894 4364 sancte
1917 4317 2278 4380 apprecantur.
2309 4339 2373 4347 —
2402 4309 2481 4362 De
2505 4309 2703 4377 origine

455 4388 605 4441 molis
642 4387 1067 4446 ster-nutantibus
1107 4388 1236 4444 bene
1262 4391 1504 4459 precandi
1530 4399 1741 4461 praeter
1767 4390 1897 4444 alios
1923 4395 2218 4444 tractarunt
2244 4390 2292 4443 M
2308 4405 2339 4441 o
2355 4389 2456 4441 rin
2473 4427 2485 4451 ,
2525 4388 2701 4442 Pour-

457 4469 579 4538 «μοι’
611 4484 678 4524 on
711 4469 836 4540 fait
873 4467 978 4525 des
1012 4470 1258 4525 sonitans
1293 4487 1359 4525 en
1388 4473 1594 4544 facem·
1630 4470 1729 4526 des
1765 4486 1921 4536 ceux,
1966 4469 2062 4541 qui
2095 4470 2377 4526 eternuent
2414 4470 2704 4532 (memnii-es
