3514 5391
852 548 1026 610 Mense
1053 526 1359 610 ‘Novembri
1417 548 1559 609 Com.
1599 547 1782 624 igneae
1821 548 2023 623 pluviae
2062 546 2161 609 ΟΡ.

440 662 500 668 ...0-
556 663 717 671 --ῳ-*-
740 664 1081 671 ---..--.-

406 742 608 814 λανίαν
635 742 731 828 εἷς
769 747 1037 839 πυρώδη
1068 747 1235 817 θέαν
1262 771 1462 843 μεταῇ

403 844 619 926 βαλών,
651 840 866 913 ἐδόκει
895 845 978 911 τὰ
1007 844 1228 912 πάντα
1249 868 1448 912 κατα-

403 940 656 1026 φλέγειν·
706 939 794 1018 ιῦς
823 937 1106 1026 νομίζειν
1134 940 1448 1022 ἅπαντας,

403 1035 481 1116 ὥς
518 1033 571 1104 εἶ
626 1035 738 1104 καί
785 1039 989 1128 βροχὴ
1035 1036 1453 1126 κατενεχθείη

401 1130 464 1201 ἐκ
511 1136 820 1202 τοιούτων
882 1142 1122 1224 νεφῶν,
1190 1137 1454 1217 πάντως

400 1238 516 1318 πῦρ
572 1229 758 1300 ἔσται
779 1287 793 1316 ,
859 1234 968 1300 καὶ
1016 1234 1202 1322 φλὸξ,
1250 1260 1450 1302 κατα-
1488 1310 1495 1315 ,

397 1328 657 1397 καίουσα
705 1331 792 1410 ὡς
815 1332 1015 1398 πάλαι
1052 1333 1132 1398 τὰ
1167 1333 1449 1419 Σόδομα.

398 1426 660 1496 Πάντων
729 1429 799 1496 δὲ
866 1435 994 1503 τῶν
1059 1426 1277 1519 ἱερέων
1343 1432 1448 1496 καὶ

394 1533 512 1593 τῶν
570 1528 863 1612 εὖλαβῶν
933 1529 1094 1614 μετὰ
1165 1523 1455 1616 δακρύων

394 1626 893 1716 προσφυγόντων
910 1631 1056 1706 ταῖς
1072 1624 1452 1717 ἐκκλησίαις,

393 1724 493 1792 καὶ
537 1726 654 1792 τὸν
698 1726 883 1807 Θεΐν,
933 1726 1040 1792 καὶ
1086 1725 1200 1815 τὴν
1243 1725 1452 1792 πανά-

391 1848 658 1907 χραντον
711 1822 1033 1891 Θεοτόκον
1078 1823 1453 1890 δυσωπούν-

390 1948 533 2006 των,
595 1922 633 1989 ὁ
682 1924 769 2011 μὴ
817 1923 1031 1989 θέλων
1082 1923 1198 1989 τὸν
1226 1923 1454 1997 ,θάνα-

392 2045 500 2098 τον
569 2027 702 2088 τῶν
771 2021 1165 2108 ἁμαρτωλῶν
1224 2022 1454 2109 φιλάν-

395 2124 664 2207 θρωπος
715 2118 990 2207 Κύριος,
1052 2120 1324 2205 κεράσας
1377 2126 1455 2209 τῇ

388 2215 662 2307 τιμωρίᾳ
706 2218 842 2305 τὴν·
866 2216 1262 2308 σ’γαθότητα,
1317 2217 1454 2284 ἐκέ-

387 2318 567 2384 λευσε
634 2321 782 2394 ταῖς
845 2315 1144 2405 νεφέλαις
1203 2315 1456 2403 βρέχειν

388 2414 570 2482 ὑετὸν
632 2415 1030 2501 παράδοξον.
1122 2414 1292 2480 'And
1338 2415 1454 2501 γὰρ

384 2519 494 2604 τῆς
540 2510 824 2602 ἑσπέρας
870 2515 1127 2603 ἤρξατο,
1188 2513 1297 2579 καὶ
1342 2513 1457 2598 μέ-

385 2636 487 2700 χρι
541 2609 966 2700 μεσονυκτίου
1026 2609 1263 2700 ἔβρεχε.
1366 2612 1457 2678 Τὸ

389 2710 458 2777 δὲ
534 2712 999 2799 κατερχόμενον
1073 2706 1145 2799 ἦν
1219 2712 1475 2808 στακτὴ.

386 2807 625 2890 ζέουσα
672 2811 760 2891 ὥς
787 2809 1134 2898 ἅνθρακιά·
1182 2809 1320 2901 ἥτις
1352 2810 1458 2875 καὶ

386 2907 739 2977 κατέκαυσε
767 2909 983 2976 πάντα
1007 2909 1089 2974 τὰ
1117 2908 1309 2997 φυτὰ,
1345 2908 1458 2974 ἐπὶ

386 3012 516 3072 τῶν
559 3008 852 3094 κεράμων
896 3011 1170 3074 τεθεῖσα
1215 3006 1304 3084 ὥς
1349 3006 1459 3072 ἅν-

388 3104 542 3190 ὁρός
586 3105 944 3195 σπιθαμή»

2523 549 2622 610 531

1562 751 1956 837 praeferens,
2031 751 2164 839 igni
2224 751 2433 818 omnia
2492 770 2627 819 cor-

1561 852 1884 932 repturum
1948 867 2085 914 esse
2140 848 2494 925 videbatur,
2560 856 2630 916 ut

1563 945 1806 1011 etiamsi
1855 965 1929 1011 ex
1962 945 2324 1024 hujusmodi
2356 946 2628 1012 nubibus

1561 1043 1771 1127 pluvia
1815 1043 2179 1118 deferretur,
2242 1044 2373 1128 igni
2419 1048 2629 1110 tamen

1563 1161 1635 1206 ac
1682 1142 1953 1213 flamma,
2003 1162 2126 1206 non
2168 1161 2348 1206 secus
2380 1161 2451 1207 ac
2481 1141 2625 1207 olim

1563 1238 1869 1320 Sodoma,
1938 1240 2144 1305 omnia
2205 1246 2371 1305 esset
2416 1241 2628 1306 iucen-

1564 1357 1726 1402 sura.
1845 1337 1968 1403 Sed
2026 1358 2220 1422 quum
2261 1339 2630 1403 sacerdotes

1564 1453 1781 1500 omnes
1847 1456 1918 1500 ac
1988 1437 2067 1518 pii
2135 1435 2421 1500 homines
2488 1456 2626 1500 cum

1561 1533 1834 1598 lacrimis
1896 1534 1973 1598 ad
2034 1534 2267 1618 templa
2332 1534 2630 1620 confuge-

1563 1636 1720 1707 rent,
1744 1632 2073 1715 Deumque
2092 1635 2154 1697 et
2170 1631 2626 1697 immaculatam
2651 1704 2656 1707 ,

1565 1729 1909 1814 Deiparam
1967 1729 2281 1814 supplices
2330 1731 2630 1815 depreca-

1560 1832 1811 1905 rentur3
1862 1828 1966 1912 qui
2014 1848 2138 1892 non
2187 1828 2316 1892 vult
2363 1836 2629 1895 mortem

1564 1932 1960 2010 peccatorum
1977 1926 2630 1994 clementissimusDo·

1565 2026 1788 2100 minus,
1840 2044 2102 2109 poenam
2127 2026 2458 2091 clementia
2478 2033 2632 2091 tem-

1566 2144 1809 2208 poram,
1860 2124 2188 2206 imperavit
2224 2125 2517 2204 nubibuS,
2565 2130 2633 2189 ut

1564 2222 1992 2287 admirabilem
2062 2222 2330 2306 pluviam
2390 2224 2632 2288 emitte-

1561 2326 1719 2387 rent.
1832 2321 1892 2384 A
1961 2341 2219 2403 vespere
2290 2322 2481 2406 igitur
2555 2323 2629 2386 ad

1567 2419 1836 2484 mediam
1884 2423 2130 2495 noctem
2194 2419 2368 2502 pluit.
2464 2418 2632 2499 Quae

1566 2522 1772 2582 autem
1834 2516 2175 2591 defluebat,
2244 2521 2439 2582 stacte
2502 2524 2634 2582 erat

1564 2615 1813 2681 fervens
1842 2615 2037 2679 instar
2064 2616 2422 2692 carbonum,
2474 2635 2633 2700 quae

1567 2714 1809 2799 plantas
1867 2734 2085 2779 omnes
2134 2715 2405 2780 adussit:
2471 2735 2630 2798 quae

1566 2834 1711 2878 vero
1750 2814 1815 2878 in
1847 2813 2088 2899 tegulas
2121 2813 2370 2889 decidit,
2418 2814 2490 2877 ad
2519 2811 2633 2876 ho-

1573 2911 1753 2976 minis
1802 2911 2179 2995 spithamam
2231 2913 2519 2977 excrevit.

500 3275 505 3279 ’
579 3267 936 3348 Caeterum,
1010 3269 1210 3352 inquit
1271 3289 1320 3334 S.
1379 3269 1960 3353 TheophaneS,
2030 3272 2090 3336 in
2163 3269 2631 3358 Chronoqraph.

391 3366 470 3430 ad
521 3387 618 3432 an.
668 3367 800 3432 466
829 3369 914 3452 ¹),
975 3367 1177 3452 iynem
1225 3390 1437 3432 verum
1483 3369 1791 3447 extitisse,
1856 3379 1916 3431 et
1955 3370 2217 3455 posthac
2264 3372 2634 3434 eat-stinctum

388 3465 520 3527 Dei
584 3463 967 3550 beniqm'tate
1031 3467 1100 3529 in
1150 3465 1477 3553 pulverem
1533 3489 1777 3531 versum
1823 3471 2030 3532 cuncti
2075 3469 2442 3533 asserebant
2497 3466 2636 3553 (καὶ

388 3559 633 3637 πάντες
677 3555 894 3644 ἔλεγον
937 3559 1039 3626 ὅτι
1086 3567 1218 3645 πῦρ
1264 3556 1369 3651 ἦν,
1433 3563 1544 3628 καὶ
1591 3562 1884 3651 ἐσβέσθη
1928 3563 2036 3630 καὶ
2083 3563 2295 3648 γέγονε
2341 3564 2516 3642 κόνις
2560 3570 2638 3652 τῇ

387 3661 512 3721 τοῦ
565 3659 729 3723 Θεοῦ
776 3656 1301 3747 φιλανθρωπίᾳ).

575 3766 755 3832 Diem
782 3764 1187 3854 ἀναμνήσεως
1233 3769 1450 3855 igneae
1496 3769 1680 3854 hujus
1712 3770 1953 3854 pluviae
1982 3771 2109 3836 sere
2143 3792 2360 3836 omnes
2392 3777 2633 3837 sextum

390 3863 772 3931 Novembris
836 3866 1026 3931 fuisse
1072 3860 1354 3944 tradunt}
1416 3870 1525 3933 sed
1587 3869 1847 3933 solemni
1896 3869 2364 3953 supplicationis
2414 3870 2636 3935 Officio

392 3960 562 4025 diem
605 3964 983 4030 dominicum
1011 3968 1490 4048 praecedentem
1537 3967 1676 4032 ideo
1717 3967 2100 4052 assignatum
2136 3968 2385 4033 voluere
2419 3968 2642 4035 OPoli-

392 4059 548 4136 tani‚
593 4063 757 4145 quod
806 4063 939 4128 dies
986 4068 1196 4129 sextus
1236 4064 1365 4148 jam
1415 4066 1493 4130 ob
1535 4086 1585 4130 S.
1616 4064 1793 4130 Pauli
1845 4066 2120 4150 episcopi
2169 4072 2231 4130 et
2263 4086 2353 4130 co]

394 4159 759 4225 memoriam
811 4161 1006 4227 festus
1054 4162 1391 4229 haberetur
1412 4164 1487 4247 ²).
1554 4163 1627 4227 Id
1675 4184 1820 4228 vero
1869 4165 2163 4230 distincta
2209 4164 2326 4228 hac

583 4335 622 4403 ¹)
660 4337 811 4408 Apud
846 4339 1035 4408 Migne,
1077 4340 1218 4395 Patr.
1258 4358 1339 4411 gr.
1378 4347 1416 4395 t.
1459 4343 1578 4408 108,
1617 4358 1700 4411 pp.
1742 4342 2046 4396 299—300.

583 4415 625 4483 ²)
664 4417 770 4473 cfr.
809 4425 948 4473 tomo
989 4422 1036 4488 1,
1088 4437 1136 4490 p.
1175 4423 1306 4477 316:
1356 4427 1408 4475 et
1458 4424 1551 4476 cfr.
1604 4424 1760 4476 etiam
1799 4421 2113 4476 Morcelli
2163 4421 2288 4475 Kal.
2333 4425 2353 4474 ί

397 4510 449 4563 p.
491 4494 612 4551 215.
655 4516 661 4521 ·

2322 4592 2353 4643 3
