3514 5391
1037 565 1495 636 Ψυχοσᾶββατον.
1549 565 1741 636 Vigilia
1777 565 2133 621 Pentecostes

460 780 542 829 πῳ
577 767 849 831 φωτεινῷ,
898 764 959 817 ἐν
994 763 1146 831 τόπῳ
1181 766 1421 836 χλοερῷ,
1474 763 1531 817 ἐν

459 841 605 911 τόπῳ
627 842 968 917 ἀναψύξεως,
993 844 1134 897 ἔνθα
1152 843 1364 915 ἀπέδρα
1387 842 1531 910 λύπη

457 925 545 973 καὶ
580 924 909 993 στεναγμός·
948 928 1036 977 καὶ
1075 926 1167 977 ἵνα
1203 927 1532 996 καταπέμψῃ

457 1002 646 1057 ἄνεσιν
694 1008 785 1056 καὶ
833 1005 1178 1077 παραψυχήν
1227 1010 1338 1058 τῶν
1374 1023 1531 1059 κατε-

459 1082 682 1152 χόντων
719 1084 922 1145 αὐτούς
957 1084 1215 1157 ἀνιαρῶν,
1254 1089 1342 1137 καὶ
1383 1083 1532 1156 δαίσῃ

459 1164 642 1224 αὐτοῖς
666 1166 988 1238 ἐλευθερίαν
1013 1169 1102 1218 καὶ
1124 1166 1398 1236 λύτρωσιν
1424 1170 1532 1218 τῶν

459 1245 516 1298 ἐν
551 1250 626 1313 τῷ
651 1245 756 1319 ᾅδῃ
780 1251 1108 1317 στεναγμῶν
1144 1251 1233 1298 καὶ
1257 1245 1529 1316 δακρύων,

459 1326 710 1397 καθάπερ
747 1326 778 1393 ἦ
816 1327 952 1396 ἁγία
979 1332 1077 1381 τοῦ
1111 1331 1255 1381 Θεοῦ
1280 1327 1530 1393 ἐκκλησία

448 1407 706 1462 *διδάσκει
742 1407 1101 1478 κηρύττουσα.

2595 568 2704 621 383

1641 764 1895 822 collocet
1933 763 1993 822 in
2031 765 2159 822 loco
2196 764 2421 836 lucido,
2479 765 2539 822 in
2576 763 2705 823 loco

1640 860 1916 915 amoeno,
1969 844 2030 900 in
2067 843 2196 902 loco
2235 843 2573 916 refrigerii,
2632 860 2706 902 ex

1640 941 1751 997 quo
1791 924 1958 982 dolor
1995 929 2059 981 et
2095 925 2350 996 gemitus
2383 925 2605 996 exulat,
2644 930 2708 982 et

1639 1011 1707 1062 ut
1753 1005 1830 1063 iis
1867 1004 2249 1077 impertiatur
2297 1005 2705 1063 remissionem

1641 1091 1704 1143 et
1757 1085 2191 1144 relaxationem
2254 1087 2330 1143 ab
2388 1085 2706 1156 aerumniS,

1642 1182 1795 1238 quae
1820 1165 1970 1223 ‘illos
2010 1165 2531 1238 comprehendunt,
2580 1166 2704 1224 det-

1641 1263 1751 1319 que
1802 1246 1925 1305 illis
1976 1247 2322 1308 libertatem
2378 1254 2440 1306 et
2474 1248 2703 1305 redem-

1639 1328 1900 1400 ptionem
1965 1328 2041 1385 ab
2107 1325 2327 1385 inferni
2387 1328 2706 1399 gemitibus

1641 1413 1704 1465 et
1757 1407 2053 1478 lacrimis,
2110 1407 2265 1466 sicut
2321 1413 2533 1467 sancta
2586 1407 2707 1466 Dei

1642 1487 1926 1546 Ecclesia
1965 1488 2141 1546 docet
2179 1504 2250 1545 ac
2287 1488 2620 1561 praedicat.

619 1593 953 1655 Similiter
1003 1597 1064 1655 in
1114 1596 1249 1655 Mis
1271 1613 1351 1654 sa
1403 1613 1447 1653 s,
1487 1595 1815 1658 Joannis
1866 1593 2403 1666 Chrysostomi
2449 1595 2584 1665 ὑπὲρ
2621 1614 2707 1649 τε·

463 1674 733 1737 &aalma
751 1692 863 1746 pro
876 1677 1171 1748 defunctis,
1192 1676 1501 1749 liturgiam
1530 1676 1940 1783 celebraturus
1962 1671 2241 1733 sacerdos
2270 1677 2710 1734 accommodate

460 1754 535 1811 ad
575 1754 792 1827 dogma
831 1757 1190 1816 catholicum
1229 1757 1402 1816 dicit:

511 1859 719 1932 ’Υπὲρ
756 1862 1117 1924 αναπαύσεως
1162 1868 1249 1917 καὶ
1288 1864 1535 1935 α’φέσεως

459 1946 550 2008 τῆς
585 1946 773 2012 ψυχῆς
808 1948 909 1997 τοῦ
934 1943 1141 1999 δούλου
1175 1961 1294 2009 σου,
1331 1944 1532 2006 δεῖνος,

457 2023 518 2076 ἐν
570 2022 724 2090 τόπῳ
778 2029 1061 2095 φωτεινῷ,
1130 2025 1270 2078 ἔνθα
1324 2024 1534 2095 ἀπέδρα

458 2102 603 2168 λύπη
657 2107 743 2155 καὶ
807 2105 1145 2176 στεναγμός,
1207 2104 1535 2159 ἀνάπαυσον

462 2183 632 2252 αὐτὴν
668 2182 813 2238 ὅπου
848 2186 1133 2239 ἐπισκοπεῖ
1167 2185 1230 2238 τό
1282 2190 1398 2256 φῶς
1435 2188 1535 2238 τοῦ

461 2263 749 2334 προςώπου
787 2280 905 2322 σου.

1753 1862 1875 1921 Pro
1895 1864 2100 1936 requie
2128 1869 2192 1922 et
2208 1862 2557 1921 remissione
2587 1862 2711 1921 ani-

1641 1960 1776 2002 mae
1817 1944 1977 2003 servi
2015 1944 2106 2003 tui
2129 1942 2202 2002 N.
2243 1944 2306 2001 in
2329 1943 2457 2002 loco
2494 1943 2707 2010 lucido,

1643 2041 1680 2083 a
1717 2040 1829 2097 quo
1869 2025 2076 2083 exulat
2112 2024 2279 2083 dolor
2335 2030 2399 2082 et
2434 2024 2707 2097 gemitus,

1641 2103 1742 2164 fac
1783 2122 1912 2164 eam
1951 2105 2274 2177 quiescere,
2319 2103 2422 2163 ubi
2459 2103 2712 2178 respicit

1644 2186 1841 2243 lumen
1878 2186 2077 2244 vultus
2116 2186 2223 2244 tui.

638 2389 715 2449 In
753 2390 1210 2464 Pentecostario
1250 2409 1473 2466 quoque
1512 2392 1848 2451 sexcenties
1881 2397 2199 2450 occurrunt
2222 2390 2515 2449 formulae
2539 2390 2711 2460 litur7

461 2470 635 2543 gicae
676 2471 754 2529 ad
791 2472 1213 2535 intemeratum
1239 2472 1521 2531 catholici
1544 2472 1720 2544 hujus
1742 2473 2038 2545 dogmatis
2066 2487 2350 2531 canonem
2371 2487 2709 2544 expressae,

460 2549 774 2621 Ejusmodi
813 2552 974 2611 inter
1014 2552 1168 2612 alias
1206 2559 1344 2611 sunt
1372 2567 1620 2627 ‘preceS,
1677 2570 1826 2626 quas
1865 2552 2091 2613 Graeci
2144 2553 2408 2611 crastino
2447 2552 2543 2610 die
2580 2549 2711 2609 fun·

463 2631 611 2690 dunt
648 2632 727 2690 ad
766 2633 1191 2708 Vesperas.
1250 2633 1310 2691 in
1363 2633 1632 2692 oratione
1686 2634 1895 2707 quinta
1947 2631 2152 2701 Officii
2204 2637 2295 2699 τῆς
2345 2633 2710 2702 γονυκλισίας,

461 2730 615 2785 quae
654 2713 893 2788 incipit:
950 2713 1017 2765 ‘H
1059 2714 1301 2774 ἅεννᾶως
1336 2713 1583 2785 βρύουσα
1619 2716 1811 2782 ζωτικῆ
1858 2717 1949 2767 καὶ
1996 2712 2295 2785 φωτιστική
2346 2711 2506 2781 πηγή.
2582 2711 2710 2771 Eas

462 2810 539 2851 ex
578 2792 840 2853 editione
878 2795 1119 2854 Veneta
1156 2793 1274 2869 (pp.
1315 2794 1623 2866 199—200)
1661 2796 1761 2855 hic
1799 2795 2219 2858 adscribimus:

572 2900 774 2963 Αὐτός,
815 2906 1077 2955 Λέσποτα
1113 2906 1222 2955 τῶν
1258 2901 1535 2964 ἁπάντων,

458 2979 494 3032 o‘
550 2980 690 3041 Θεὸς
736 2980 768 3034 ὁ
821 2983 1012 3052 Σωτήρ
1068 2981 1254 3052 ἡμῶν,
1309 2981 1342 3049 ἡ
1394 2984 1539 3041 ἐλπὶς

463 3061 693 3115 πάντων
729 3066 840 3115 τῶν
877 3061 1125 3133 περάτων
1162 3066 1251 3128 τῆς
1287 3067 1397 3132 γῆς,
1448 3065 1538 3115 καὶ

461 3145 576 3196 τῶν
613 3142 669 3195 ἰν
710 3141 963 3215 θαλάσσῃ
997 3142 1235 3215 μακράν,
1285 3141 1316 3194 o‘
1353 3147 1445 3195 καὶ
1479 3144 1539 3197 ἐν

464 3223 637 3296 ταύτῃ
675 3227 739 3296 τῇ
775 3223 996 3297 ἐσχάτῃ,
1033 3226 1124 3276 καὶ
1158 3222 1397 3296 μεγάλῃ,
1448 3227 1535 3275 καὶ

465 3308 715 3374 σωτηρίῳ
749 3303 923 3375 ἡμέρᾳ
960 3308 1052 3371 τῆς
1076 3308 1452 3371 Πεντηκοστῆς
1473 3303 1535 3357 τό

465 3383 778 3453 μυστήριον
825 3387 918 3450 τῆς
965 3379 1161 3456 ἁγίας,
1207 3388 1293 3436 καὶ
1334 3384 1538 3456 ὁμοου-

467 3469 621 3526 σίου,
671 3468 759 3516 καὶ
799 3464 1119 3527 συναῒδίου,
1170 3468 1259 3516 καὶ
1294 3465 1538 3536 ἀδιαιρέ-

468 3562 586 3609 του,
633 3548 721 3596 καὶ
757 3543 1083 3615 (ἔσυγχύτου
1128 3544 1365 3615 Τριάδος
1399 3545 1540 3599 ύπο-

468 3623 650 3689 δείξας
685 3624 853 3699 ἡμῖν,
902 3628 993 3677 καὶ
1042 3625 1142 3691 τήν
1192 3627 1541 3696 ἐπιφοίτησιν

470 3708 561 3757 καὶ
595 3709 907 3775 παρουσίαν
941 3710 1044 3759 τοῦ
1078 3704 1246 3774 ἁγίου
1282 3709 1373 3758 καὶ
1407 3709 1540 3768 ζωο-

473 3790 638 3839 ποιοῦ
702 3800 805 3839 σου
867 3785 1224 3856 Πνεύματυς,
1291 3786 1350 3839 ἐν
1406 3782 1540 3840 εἴδει

473 3870 721 3937 πυρίνων
756 3868 1019 3935 γλωσσῶν
1065 3867 1152 3919 ἐπὶ
1189 3866 1316 3925 τούς
1349 3865 1544 3935 ἁγίους

477 3960 580 3999 σου
603 3946 969 4006 Ἀποστόλους
1001 3947 1204 4019 ἐκχέας,
1242 3950 1331 3999 καὶ
1358 3946 1542 4015 Εὐαγ-

477 4027 724 4096 γελιστᾰς
761 4025 961 4085 αὐτούς
996 4029 1232 4097 θέμενος
1267 4031 1358 4092 τῆς
1389 4025 1542 4080 εὐσε-

475 4110 607 4171 βοῦς
641 4105 800 4176 ripam
837 4109 1092 4171 πίστεως,
1141 4110 1233 4163 καὶ
1268 4105 1544 4177 ὁμολογη-

478 4188 575 4247 wic
608 4191 697 4241 καὶ
732 4186 965 4257 κήρυκας
1004 4191 1099 4254 τῆς
1133 4187 1375 4254 ἀληθοῦς
1409 4186 1544 4241 ἅνα-

476 4268 656 4333 δείξας
706 4269 1026 4337 θεολογίας,
1075 4266 1106 4320 ο“
1144 4271 1233 4320 καὶ
1280 4268 1340 4320 ἐν
1375 4267 1544 4339 ταύτῃ

476 4352 542 4421 τῇ
577 4350 879 4415 παντελείῳ
906 4348 1062 4420 ἑορτῇ
1085 4351 1174 4400 καὶ
1199 4347 1544 4419 σωτηριώδει,

479 4429 837 4499 ἱλασμούς
870 4429 999 4499 μὲν
1036 4431 1358 4492 ἱκεσίους,
1384 4427 1546 4499 ὑπὲρ

479 4513 610 4563 τῶν
645 4512 1121 4578 κατεχομένων
1157 4509 1223 4561 ἐν
1258 4508 1401 4581 ᾅδῃ,
1441 4527 1545 4561 κα·-

1750 2902 1891 2976 Ipse
1930 2902 2182 2960 omnium
2222 2900 2497 2981 Domum,
2543 2900 2712 2958 Deus

1645 2990 1711 3042 et
1729 2983 2014 3043 Salvator
2041 2988 2257 3048 noster,
2296 2978 2431 3056 spes
2458 2981 2713 3041 omnium

1645 3063 1847 3123 finium
1876 3070 2081 3122 terrae
2121 3067 2182 3120 et
2208 3062 2299 3134 iis,
2339 3063 2438 3134 qui
2473 3063 2535 3120 in
2564 3062 2714 3121 mari

1645 3145 1821 3218 longe
1875 3151 2013 3202 sunt
2061 3142 2271 3216 positi,
2327 3143 2424 3215 qui
2484 3143 2546 3200 in
2598 3143 2751 3201 hac.

1647 3242 1867 3299 magna
1893 3230 1957 3282 et
1981 3221 2304 3282 salutifera
2322 3222 2712 3281 Pentecostes

1647 3306 2099 3379 die,sanctae,et
2113 3303 2638 3363 consubstantialis
2653 3309 2733 3361 et.

1647 3392 2026 3457 coaeternae,
2064 3391 2129 3443 et
2150 3383 2513 3450 individuae,
2542 3390 2604 3441 et
2629 3382 2721 3445 in-V

1649 3463 1928 3525 confusae
1950 3463 2273 3523 Trinitatis
2300 3464 2467 3522 nobis
2498 3464 2719 3537 myste-'

1647 3548 1800 3605 rium
1829 3547 2136 3619 revelasti,
2178 3551 2240 3603 et
2262 3546 2523 3604 adventu
2543 3561 2713 3619 prae·

1649 3628 1960 3700 sentiaque
1999 3625 2196 3685 sancti
2234 3632 2297 3683 et
2332 3625 2561 3686 vivifici
2585 3623 2714 3698 Spi-

1649 3709 1802 3766 ritus
1873 3707 1935 3764 in
2004 3708 2314 3778 ignearum
2375 3706 2712 3778 linguarum

1648 3785 1843 3845 forma
1891 3803 2070 3859 super
2117 3792 2353 3844 sanctos
2391 3786 2715 3859 Apostolos

1650 3873 1782 3924 tuos
1803 3866 2010 3936 effusa,
2040 3865 2293 3924 devotae
2313 3864 2454 3923 fidei
2473 3871 2715 3924 nostrae

1651 3946 2082 4018 Evangelistas
2096 3946 2232 4004 illos
2252 3952 2317 4004 et
2329 3944 2714 4013 confessoreS,

1653 4043 1951 4099 veraeque
1993 4032 2056 4085 et
2092 4025 2332 4085 divinae
2379 4026 2716 4098 sapientiae

1651 4124 1980 4182 praecones
2036 4105 2430 4178 renuntiasti,
2462 4118 2465 4121 ·
2502 4106 2602 4180 qui
2657 4106 2715 4165 in

1647 4187 2040 4261 ‚undequaque
2089 4187 2363 4245 absoluto
2411 4194 2473 4245 et
2510 4187 2717 4245 saluti·

1649 4267 1785 4327 fero
1821 4266 1979 4326 festo
2016 4267 2295 4338 suffraqia
2312 4307 2328 4332 ,
2377 4268 2717 4336 supplicatio-

1651 4365 1854 4418 nesque
1878 4364 1989 4418 pro
2026 4348 2260 4402 detentis
2290 4348 2345 4401 in
2372 4347 2576 4417 inferis
2599 4365 2717 4402 sas·-

1651 4429 1835 4499 cipere
1872 4430 2130 4498 diqnatus
2167 4444 2247 4493 e3,
2282 4443 2481 4496 mamm
2507 4443 2605 4496 spe
2626 4444 2717 4482 no-

1655 4509 1738 4562 bis
1782 4510 2023 4579 subjecta
2043 4550 2056 4575 ‚
2107 4508 2341 4562 detentis
2387 4507 2719 4577 hujusmodi,
