3514 5391
850 484 963 544 498
1503 483 1665 544 Festa
1700 484 1910 547 mobilia
1945 494 2065 561 poet
2100 485 2460 547 Pentecosten.

855 705 1024 757 rere3
1066 689 1156 746 ita
1192 704 1248 745 v.
1287 703 1342 756 g.
1384 685 1656 756 signatur
1692 685 1752 742 in
1794 683 1938 743 Cod.
1964 683 2053 742 37.
2094 684 2246 742 ad8.
2274 683 2790 758 Septembris:
2829 686 3104 743 Naaman

855 769 1158 837 Deiparae.
1197 772 1251 821 et
1285 765 1532 820 Joachcm
1573 768 1628 819 et
1658 766 1852 820 Annae
1875 763 1911 831 ¹)
1938 769 2236 844 parentum
2274 766 2417 835 ejus,
2455 770 2510 820 et
2551 765 2813 821 Theodoti
2837 766 3107 835 Amidae,·

859 849 937 906 ad
974 844 1074 906 25.
1113 847 1160 907 J
1175 847 1322 905 ulii
1382 852 1577 903 autem
1621 842 1890 917 pluribus
1930 840 2067 903 aliis
2107 833 2478 903 Sanctorum
2517 838 2818 905 memoriis
2861 847 3106 918 junctus

854 930 1083 1003 legitur
1120 929 1297 983 obitus
1333 928 1518 981 Dinae
1553 925 1822 997 (Annae),
1858 926 2059 985 matris
2095 926 2380 996 Deipizrae
2398 924 2464 996 ²)

1034 1074 1323 1139 Officium
1373 1093 1422 1137 s.
1474 1027 1761 1138 Joachjm
1812 1068 2139 1136 an.1510
2205 1066 2488 1155 primum
2537 1076 2576 1135 8
2620 1070 2788 1135 sulio
2836 1070 2964 1136 ΡΡ.
3011 1040 3097 1135 II.

855 1174 1168 1239 invectum
1218 1172 1279 1235 in
1328 1170 1713 1235 Breviarium
1764 1175 1879 1236 est.
1975 1171 2032 1234 A
2081 1188 2130 1234 s.
2178 1168 2293 1233 Pio
2342 1167 2469 1234 ΡΡ.
2525 1168 2596 1232 V.
2663 1169 2808 1233 inde
2865 1170 3102 1252 expu'n-

857 1275 1057 1347 ctum,
1123 1290 1159 1334 a
1205 1269 1508 1354 Gregorio
1554 1267 1687 1331 PP.
1726 1266 1913 1332 XIII.
1983 1270 2193 1331 autem
2253 1266 2647 1346 restitutum,
2719 1288 2775 1332 8·
2801 1267 3120 1372 Gregorio

858 1369 983 1434 PP
1034 1367 1172 1433 XV.
1224 1368 1479 1432 demum
1529 1366 1602 1430 ad
1653 1365 1977 1431 meliorem
2025 1364 2291 1429 formam
2335 1366 2655 1431 redactum
2703 1376 2817 1432 est.

1034 1475 1298 1540 Festum
1363 1473 1780 1557 peragebatur
1840 1472 1940 1536 die
2001 1471 2108 1537 20.
2158 1471 2401 1549 Martii,
2471 1478 2657 1556 atque
2719 1474 2872 1538 adeo
2943 1472 3122 1537 infra*

858 1581 1104 1658 tempus
1153 1571 1707 1656 Quadragesimae3
1757 1571 1868 1635 sed
1917 1590 1955 1634 a
2000 1565 2321 1635 Clemente
2367 1569 2497 1635 ΡΡ.
2546 1570 2694 1647 ΧΠ.
2733 1570 3122 1636 translatum·

857 1677 953 1738 est
1000 1673 1072 1736 ad
1122 1670 1523 1734 Dominicam
1569 1668 1753 1754 infra
1808 1668 2112 1733 Octavam
2158 1667 2629 1755 Assumptionia
2675 1659 3110 1733 sanctissimae

857 1771 1204 1856 Deiparae,
1269 1767 1633 1833 confirmato
1683 1766 1910 1831 Sacrae
1957 1766 2211 1832 Rituum
2263 1765 2777 1853 Congregationis
2834 1767 3106 1831 Dec-reto

867 1867 1057 1932 Urbis
1106 1878 1167 1931 et
1223 1865 1447 1947 orbis,
1513 1864 1678 1948 quod
1726 1866 1927 1930 sactae
1975 1865 2333 1930 mutationis
2384 1856 2736 1930 causas'ita
2765 1864 3109 1929 enunciat:

859 1966 1065 2047 Quum
1113 1967 1289 2030 enixe
1339 1984 1411 2029 ac
1459 1965 1706 2047 saepius
1754 1963 1946 2028 Sacra
1993 1962 2300 2029 Caesarea
2315 1963 2629 2047 ‘Majestas
2675 1963 2988 2041 institerit,
3040 1967 3108 2028 ut

858 2064 1188 2133 festum-s.
1239 2061 1548 2137 Joachim‚
1620 2063 1876 2145 perinde
1939 2082 2010 2127 ac
2059 2083 2109 2126 S.
2158 2063 2378 2127 Annae
2446 2062 2761 2149 conjugia,
2830 2066 2999 2127 esset
3043 2062 3108 2126 in

860 2161 1145 2228 Ecclesia
1205 2159 1533 2225 universali
1600 2161 1676 2225 de
1741 2167 2107 2244 praecepto:
2175 2159 2237 2224 S.
2288 2159 2362 2226 R.
2414 2158 2518 2237 O..
2586 2164 2655 2224 r‘e
2701 2164 2947 2224 mature
2995 2178 3112 2224 nec

862 2260 1057 2326 semel
1106 2260 1404 2334 discussa,
1456 2260 1541 2323 ita
1588 2260 1856 2342 denique
1905 2259 2145 2324 censuit
2192 2259 2610 2336 annuendum,
2675 2264 2764 2335 ut,
2820 2278 2899 2322 ne
2929 2257 3110 2322 zseeta

860 2361 937 2425 de
1005 2352 1336 2443 praecepto
1400 2357 1925 2442 multiplicentur,
1998 2357 2243 2422 debitus
2307 2361 2518 2422 tamen
2582 2356 2782 2422 honor
2844 2356 3110 2442 genitori

862 2459 1077 2525 matris
1142 2457 1260 2523 Dei
1326 2477 1444 2522 non
1513 2456 1890 2541 denegetur,
1973 2451 2547 2540 festum.ejusdem
2620 2475 2669 2521 s,
2719 2454 3010 2520 Joachim
3073 2475 3107 2518 a

860 2559 959 2624 die
1023 2557 1128 2622 20.
1184 2556 1393 2622 Martii
1463 2556 1538 2620 ad
1600 2555 1992 2620 Dominicam
2059 2558 2201 2638 post
2261 2555 2770 2638 Assumptionem
2837 2553 2909 2619 B.
2975 2552 3106 2617 Vir·

862 2648 1047 2769 gini8‚
1115 2656 1247 2741 ejus
1294 2654 1476 2742 filiae,
1527 2654 1958 2732 transferatur,
2008 2653 2068 2718 in
2119 2671 2315 2736 eaque
2363 2652 2491 2738 sub·
2527 2653 2646 2718 ritu
2696 2642 3107 2737 duplici'ma-

856 2757 1006 2840 jori,
1072 2762 1143 2820 ut
1190 2735 1531 2866 festum‘s.
1583 2755 1804 2818 Annae
1870 2752 2151 2837 conjugis
2200 2752 2315 2816 sub
2363 2751 2752 2817 eodem'ritu
2810 2745 3102 2836 deinceps

865 2853 1294 2936 celebretur3).
2278 2874 2284 2878 ·

1044 2962 1405 3027 Novissime
1452 2960 1702 3024 tandem
1754 2959 2032 3024 Sancti
2058 2958 2351 3022 ssimus
2385 2956 2783 3022 Dominus
2815 2956 3108 3020 Noster

864 3061 1024 3126 Leo
1073 3060 1198 3127 ΡΡ.
1231 3058 1403 3125 XIII.
1455 3057 1559 3123 sel.
1606 3077 1782 3142 regn.
1834 3057 2134 3122 solemnia
2179 3056 2502 3139 utriusque
2553 3041 2828 3138 pare'ntis
2876 3049 3122 3132 Beatis-

864 3161 1057 3226 simae
1087 3153 1380 3244 Virginis‘
1408 3157 1485 3221 ad
1516 3157 1705 3221 ritum
1743 3156 2058 3239 duplicem
2088 3155 2147 3221 2.
2177 3154 2252 3242 cl.
2291 3154 2489 3219 evexit
2517 3152 2783 3236 Decreto
2820 3145 3008 3236 Urbis
3051 3159 3109 3213 et

874 3258 1061 3323 Orbis
1109 3258 1274 3322 edito
1320 3257 1377 3320 d.
1431 3257 1486 3321 1.
1537 3255 1808 3339 Augusti
1861 3247 2064 3330 1879,
2129 3253 2295 3337 quod
2353 3252 2496 3336 quia
2550 3250 2856 3335 genuinas
2904 3248 3120 3320 cultus,

864 3357 1131 3441 festique
1179 3355 1451 3420 rationes
1499 3352 1855 3417 authentice
1904 3352 2196 3428 declarat,
2240 3350 2454 3434 juveni
2503 3347 2862 3415 academico
2895 3346 3103 3412 deberi

864 3475 987 3520 non
1034 3458 1261 3538 potest.
2807 3477 2812 3483 ·
2945 3477 2948 3482 ·

1049 3724 1088 3791 ¹)
1131 3681 1188 3779 In
1225 3721 1347 3779 Cod.
1386 3722 1473 3777 68.
1512 3721 1660 3776 deest
1694 3736 1884 3775 nomen
1917 3722 2127 3774 Annae.

1041 3806 1084 3874 2)
1126 3806 1336 3874 Integer
1371 3804 1522 3874 hujus
1559 3802 1659 3857 diei
1695 3803 1878 3856 titulus
1913 3802 1999 3856 hic
2037 3808 2145 3856 est:
2188 3798 2532 3855 Constantini
2548 3795 3097 3864 Edessae;etc01·-o

863 3887 1012 3942 natio
1051 3885 1461 3950 Ebedmessiae,
1497 3901 1652 3953 quem
1677 3887 1849 3953 pater
1885 3883 2025 3937 Levi
2057 3882 2355 3952 intersecat
2393 3878 2590 3934 deinde
2613 3877 2689 3932 ad
2701 3877 2873 3949 fidem
2901 3890 3105 3932 conner-

862 3986 961 4023 sas
998 3972 1081 4022 est
1116 3984 1205 4021 an.
1246 3966 1375 4032 701
1400 3982 1510 4036 pro
1546 3964 1830 4018 sterilibus
1857 3963 2128 4034 feminam
2174 3965 2229 4016 et
2265 3959 2545 4029 Zachaei,·
2593 3961 2647 4014 et
2695 3957 2875 4012 obitus
2912 3957 3106 4018 Dinon,

865 4050 1062 4103 matris
1081 4048 1380 4117 Deiparae.
1408 4077 1473 4085 —
1502 4046 1748 4100 Memoria
1786 4060 1829 4098 e.
1867 4045 2046 4098 Annae
2087 4046 2361 4112 praeterea
2397 4038 2664 4095 refertur
2649 4053 2702 4093 m
2723 4037 3004 4092 Codicibus
3025 4035 3103 4100 19

865 4132 951 4198 20,
996 4131 1084 4197 21,
1132 4130 1202 4183 69
1252 4135 1306 4182 et
1342 4131 1428 4184 77.
1470 4158 1535 4166 ——
1590 4126 1896 4196 Martyrium
1935 4123 2326 4179 Ebedmessiae
2378 4137 2471 4178 seu
2510 4119 2709 4176 Abda!
2744 4118 2961 4174 Music-h
3000 4119 3104 4187 jam

867 4210 1101 4280 superius
1140 4209 1361 4263 relatum
1400 4209 1577 4263 videas
1612 4213 1652 4261 t.
1693 4210 1741 4274 1,
1783 4224 1832 4277 p.
1871 4207 1994 4261 479.

1045 4289 1088 4358 ἢ
1127 4288 1409 4344 Decretum
1446 4288 1497 4343 S.
1537 4288 1597 4341 R.
1637 4287 2072 4356 Congregationis
2109 4286 2156 4339 d.
2197 4284 2244 4338 d.
2284 4284 2371 4338 20.
2400 4282 2545 4354 Sept.
2587 4237 2727 4338 1738
2767 4279 3100 4351 approbatum

867 4391 898 4427 a
934 4372 1181 4426 Pontifice
1220 4375 1303 4424 est
1341 4370 1422 4424 die
1458 4371 1509 4424 3.
1550 4368 1761 4423 Octoba
1801 4384 1902 4438 qua
1939 4367 2002 4421 de
2040 4383 2096 4421 re
2134 4365 2358 4432 consule,
2397 4365 2442 4418 si
2467 4366 2639 4430 vacat,
2678 4377 2812 4433 quae
2848 4359 3102 4414 infestum

868 4471 909 4506 s.
950 4452 1182 4507 Joachim
1223 4451 1492 4504 annotavit
1528 4427 1779 4503 Tetam.
1819 4448 1984 4503 Βίαν.
2023 4446 2098 4501 ad
2133 4446 2184 4500 d.
2224 4445 2313 4499 15.
2356 4442 2609 4513 Augusti,
2644 4457 2698 4496 n.
2734 4441 2832 4496 30.
