3514 5391
821 528 927 585 532
1472 529 1629 588 Festa
1666 530 1873 654 mobilia
1910 540 2029 605 post
2063 532 2422 592 Pentecosten.

820 741 947 800 tate
995 739 1373 819 spectarunt,
1436 739 1507 798 ut
1554 739 1615 798 et
1662 735 2030 800 calamitatis
2080 737 2379 801 memoria
2426 738 2592 821 apud
2637 745 2923 822 posteros
2967 758 3061 804 re·

821 836 1122 899 tineretur
1184 836 1275 910 et,
1345 831 1766 897 anniversaria
1826 828 2276 917 supplicatione
2337 828 2666 913 instituta,
2686 836 3058 920 periculum

821 931 1123 1015 ejusmodi
1187 931 1251 994 in
1312 929 1588 995 futurum
1640 934 2062 1008 averteretur,-
2118 933 2646 1015 quemadmodum
2693 933 2876 1017 paulo
2924 944 3062 998 ante

820 1032 883 1095 in
949 1028 1133 1094 simili
1198 1048 1345 1093 casu
1414 1028 1528 1092 sub
1596 1028 1813 1092 eodem
1879 1027 2088 1095 Leone
2146 1030 2434 1114 Augusto
2498 1030 2733 1096 factum
2802 1032 3062 1097 vidimus

821 1131 991 1193 tomo
1044 1128 1101 1204 1,
1152 1147 1211 1210 p
1263 1126 1412 1190 268

999 1306 1404 1402 Dominica
1437 1302 1554 1369 III.
1591 1303 2054 1370 Novembris.
2106 1252 2356 1369 Festum
2383 1306 2737 1375 Patrocinii
2762 1308 2838 1374 B.
2863 1310 2958 1375 M.
2996 1308 3058 1373 V.

1009 1447 1301 1533 Officium
1350 1447 1705 1510 Patrocinii
1748 1447 1827 1512 B.
1879 1449 1972 1514 M.
2037 1447 2143 1526 V.,
2211 1448 2375 1531 quod
2427 1468 2536 1532 pro
2584 1450 2874 1515 omnibus
2923 1435 3058 1535 prb·

802 1548 1037 1612 ‘vinciis
1084 1546 1527 1629 Hispaniarum
1577 1544 1707 1630 regi
1738 1546 2036 1628 subjectis
2083 1546 2154 1609 in
2181 1544 2546 1609 memoriam
2576 1549 2851 1612 onmium
2881 1550 3062 1612 victo·

819 1648 1067 1710 riarum
1113 1655 1173 1707 et
1218 1640 1788 1724 emolumentorum,
1852 1664 2010 1726 quae
2057 1643 2397 1728 Hispaniae
2446 1665 2628 1729 reges
2673 1650 3062 1730 reportarunt

820 1744 897 1807 de
946 1742 1286 1808 Saracenis
1348 1752 1408 1804 et
1461 1736 1805 1805 haereticis¹
1862 1753 1921 1805 et
1968 1741 2123 1805 aliis
2166 1740 2444 1805 hostibus
2505 1763 2538 1807 a
2595 1743 2842 1810 saeculo
2891 1749 3063 1809 sexto

819 1861 1015 1926 usque
1065 1842 1141 1906 ad
1187 1861 1450 1926 regnum
1476 1839 1750 1925 Philippi
1774 1840 1906 1917 lv„
1957 1834 2320 1906 concessum
2372 1846 2506 1906 erat
2551 1828 2819 1908 Decreto
2845 1842 2908 1908 S.
2942 1842 3060 1908 Rit.

821 1940 1153 2025 Congreg„
1217 1940 1383 2005 edito
1430 1939 1530 2004 die
1578 1940 1639 2004 6.
1689 1937 1844 2022 Maji
1896 1940 2103 2018 1679,
2169 1940 2662 2006 Benedictus
2710 1930 3061 2009 PPJXIH.

819 2059 931 2122 pro
980 2043 1109 2103 toto
1157 2043 1318 2103 statu
1369 2037 1792 2103 ecclesiastico
1841 2038 2105 2120 injunxit
2152 2032 2540 2103 recitandum
2575 2036 2904 2107 Dominica
2949 2039 3074 2105 111.-

819 2137 879 2201 N
883 2137 1227 2213 ovembris3
1276 2138 1340 2202 in
1387 2136 1521 2201 aliis
1557 2136 1914 2222 regionibus
1945 2137 2247 2202 celebrari
2278 2138 2652 2203 conceditur.
2668 2137 2876 2222 aliqua
2900 2138 3062 2222 ejus-

819 2236 961 2300 dem
1009 2234 1196 2319 hujus
1246 2236 1479 2300 mensis
1526 2237 1856 2301 Dominica
1902 2258 2013 2321 per
2055 2237 2332 2303 locorum
2367 2236 2726 2304 Ordinarios
2751 2226 3060 2325 eligenda.

819 2332 941 2398 Sed
990 2334 1067 2398 de
1116 2334 1475 2398 Patrocinii
1516 2334 1592 2399 B.
1663 2333 1946 2420 Viryinis
2002 2334 2227 2420 Officio
2272 2344 2356 2398 et
2396 2334 2764 2420 festivitate
2823 2337 3066 2422 legatur

820 2431 1318 2497 Benedictus
1364 2431 1492 2498 ΡΡ.
1542 2432 1711 2497 XIV.
1774 2433 1875 2495 De
1904 2432 2141 2518 festis,
2209 2437 2367 2517 part.
2417 2433 2491 2513 2,
2560 2435 2636 2519 ἐξ
2689 2435 3058 2511 173—174,

818 2530 923 2595 ubi
971 2530 1155 2594 etiam
1207 2530 1511 2615 prIncipia
1556 2531 1911 2616 dogmatica
1956 2527 2198 2621 quibus>
2231 2530 2594 2597 solemnitas
2641 2532 2797 2598 haec
2827 2533 3058 2605 nititur,

814 2630 1087 2714 graviter
1134 2635 1196 2695 et
1244 2630 1502 2706 erudite,
1564 2634 1634 2694 ut
1678 2628 1856 2707 solet,
1922 2629 2164 2712 evolvit,
2227 2634 2290 2694 et
2335 2648 2373 2698 a
2419 2628 2745 2695 calumniis
2792 2629 3058 2701 haereti·

818 2747 1027 2793 corum
1077 2728 1217 2794 fuse
1265 2729 1628 2812 vindieat1).
1901 2741 1906 2744 ·

998 2853 1143 2911 Cum
1186 2852 1545 2912 occidentali
1583 2851 1739 2910 festo
1779 2854 2093 2908 Patr-ocim‘i
2125 2853 2198 2907 B.
2238 2854 2313 2907 M.
2351 2847 2407 2906 V.
2447 2843 2732 2927 magnam'
2764 2854 3060 2926 coguatio·

820 2949 950 2990 nem
975 2933 1162 2991 habet
1187 2934 1501 2992 orientalis
1527 2934 1875 2991 solemnitas
1901 2935 2122 2988 Pokrov
2139 2934 2485 3004 Boqorodicy
2516 2934 2708 3007 primo
2737 2934 2860 2992 diei
2887 2933 3062 2993 Octo·

817 3013 941 3071 bris
980 3013 1230 3084 tributa,
1280 3030 1431 3087 quae
1470 3014 1703 3086 quidem
1754 3031 1884 3072 cum
1923 3013 2101 3072 fastis
2138 3014 2410 3073 ruthenis
2463 3015 2540 3072 ad
2580 3017 2782 3074 omnes
2818 3014 3061 3089 'populos

818 3094 1015 3151 slavos
1054 3094 1207 3152 ritus
1245 3094 1451 3166 graeci
1490 3094 1738 3152 transiit
1754 3093 1818 3165 ²),
1860 3094 2006 3166 ipsis
2046 3093 2303 3153 Graecis
2344 3099 2540 3152 autem
2579 3095 2788 3167 ignota
2825 3097 3061 3162 mansit,

816 3174 1299 3246 quemadmodum
1338 3174 1525 3248 priori
1566 3181 1721 3232 tomo
1753 3175 1882 3246 jam
1921 3181 2131 3232 notare
2170 3192 2261 3233 me
2304 3174 2561 3232 memini.
2661 3185 2664 3192 ·

930 3305 937 3312 .
994 3255 1219 3313 Verum
1258 3256 1309 3313 si
1348 3256 1614 3313 rationes
1652 3256 1918 3314 slavicae
1956 3255 2132 3327 hujus
2169 3253 2530 3314 festivitatis
2569 3256 2907 3329 adaequate
2934 3273 3060 3330 spe-

817 3341 1082 3406 etentur,
1134 3342 1334 3409 patet,
1393 3354 1522 3394 eam
1574 3336 1770 3410 potius
1806 3336 2159 3395 Latinorum
2209 3335 2366 3395 festo
2403 3336 2732 3407 Scapularis
2769 3337 2842 3390 B.
2879 3337 2957 3390 M.
3011 3335 3058 3388 V.

818 3431 1157 3488 congruere.
1216 3415 1479 3475 Praeter
1518 3418 1670 3475 enim
1712 3434 1881 3489 quam
1923 3417 2073 3490 quod
2113 3417 2418 3490 utriusque
2458 3415 2857 3475 solemnitatis
2896 3416 3058 3488 origo

816 3513 888 3553 ex
925 3497 1157 3569 piorum
1194 3497 1491 3555 hominum
1529 3498 1858 3556 visionibus
1897 3497 2162 3569 ducitur,
2213 3514 2327 3571 par
2365 3497 2545 3555 etiam
2585 3497 2899 3569 utrobique
2939 3512 3058 3570 my·

816 3577 1061 3635 sterium
1114 3594 1218 3635 seu
1268 3577 1513 3650 pietatis
1564 3578 1858 3649 objectum
1915 3579 2156 3646 colitur;
2209 3578 2484 3636 nimirum
2519 3577 2780 3648 piissima
2827 3578 3056 3630 omnium

1002 3774 1039 3842 ¹)
1078 3774 1407 3830 Difficiliores
1443 3777 1775 3847 quaestiones
1814 3776 2083 3845 liturgicas
2108 3776 2171 3831 de
2197 3776 2448 3830 electione
2475 3774 2592 3844 diei,
2631 3775 2693 3831 de
2719 3774 3053 3830 translatione

817 3856 963 3921 sesti,
1015 3856 1075 3909 de
1128 3856 1408 3911 ordinando
1459 3856 1667 3918 Officio,
1726 3865 1781 3911 et
1830 3858 1959 3912 alias
2012 3857 2203 3911 similes
2252 3856 2482 3911 breviter
2530 3856 2756 3926 explicat
2792 3853 3052 3916 Totam„

814 3935 999 3994 Dior..
1036 3935 1103 3991 de
1140 3937 1331 3991 Mense
1368 3937 1663 3991 Novembri
1699 3938 1754 3990 in
1789 3954 2013 4007 qenere,
2049 3954 2133 3991 nu.
2175 3939 2274 3992 7—-
2287 3937 2367 3990 10.

994 4017 1038 4082 ²)
1077 4015 1173 4082 Qui
1210 4033 1273 4070 ex
1312 4017 1553 4072 Rumenis
1592 4018 1838 4072 ruthenos
1877 4018 2034 4074 libros
2073 4016 2451 4072 ecclesiasticos
2491 4017 2540 4070 in
2579 4016 2805 4085 linguam
2838 4016 3052 4085 patriam

814 4103 1099 4164 verterunt,
1138 4100 1295 4153 etiam
1333 4099 1579 4152 slavicam
1617 4098 1980 4152 solennitatem
2017 4098 2238 4152 Pol-roc
2281 4097 2479 4167 Boyor.
2519 4097 2860 4151 retinuerunt.
2931 4095 3050 4149 Eam

815 4178 1083 4247 episcopus
1121 4179 1581 4233 Melchisedek
1632 4196 1733 4234 non
1772 4180 1846 4233 ita
1882 4179 2078 4249 pridem
2129 4179 2225 4233 hac
2276 4194 2398 4232 usus
2437 4178 2658 4232 formula
2695 4194 2904 4233 suorum
2940 4192 3050 4230 con·

814 4258 1069 4312 'uetudini
1118 4260 1332 4313 tradidit
1382 4261 1432 4313 in
1487 4260 1784 4314 Oratoriu:
1856 4258 2352 4328 „Acoperementulu
2407 4274 2534 4327 prea
2589 4259 2760 4312 santei
2814 4255 3050 4326 Stapanei

813 4342 988 4391 nostre
1028 4338 1333 4394 Nascatorie
1382 4341 1443 4394 de
1483 4341 1799 4395 Domnedieu
1851 4346 1896 4394 si
1934 4355 2157 4410 pururea
2194 4339 2402 4394 seciorei
2441 4338 2632 4392 Masi&
2692 4335 3050 4410 (Synaxarin.

814 4434 875 4502 p:
901 4421 1010 4484 36).
1085 4420 1279 4474 Eodem
1329 4420 1436 4474 fere
1487 4422 1635 4475 modo
1685 4422 1875 4475 festum
1923 4420 2259 4475 annuntiatur
2309 4420 2358 4472 in
2411 4418 2737 4473 Kalendariis
2787 4416 3047 4473 rumenicis

814 4483 1104 4554 Cei-novicii
1141 4501 1385 4570 vulgatis.
