3514 5391
874 526 978 580 716

924 963 975 1024 1.

915 1267 976 1328 ‚¹0

914 1371 975 1437 ,0⁵

916 1578 979 2180 5090543'09'?

881 2430 981 2492 11.

879 2537 978 2601 12.

880 2746 980 2812 13.

879 2855 979 2917 14.

880 2958 978 3024 15.

882 3166 982 3229 16.

880 3272 980 3338 17.

882 3488 980 3551 18.

880 3603 980 3667 19.

877 3719 981 3786 20.

878 4035 985 4099 21.

878 4152 982 4219 22.

878 4269 984 4334 23.

880 4484 983 4548 24.

1030 639 1409 646 -..ψ-.-ι-ῌ-ω
1436 641 1451 645 -
1478 641 1509 644 --
1532 640 1745 646 ——-—

1528 527 1705 581 Annus
1743 527 2126 582 ecclesiasticus
2164 527 2460 597 Coptorum.

1542 821 2038 881 phamenoth.
2113 819 2446 880 Martius.

1051 958 1291 1024 Comm.
1342 979 1391 1025 3.
1443 959 1728 1044 Gregorii
1778 979 1875 1043 ep.
1926 959 2206 1024 Romani.
2258 995 2344 1007 -
2311 958 2654 1041 Martyr.
2704 956 2985 1023 Narcissi
3014 976 3101 1040 ep.

1048 1057 1291 1123 Hieros.
1356 1096 1443 1104 —
1504 1057 1665 1123 Item
1712 1057 2105 1123 Mercurialis
2154 1077 2254 1142 ep.
2325 1093 2399 1104 —-
2468 1055 2628 1123 Item
2676 1076 2728 1122 3.
2778 1054 3126 1131 Μθκωιὼῆ,

1053 1154 1315 1220 Romani
1363 1156 1479 1221 sub
1528 1155 1928 1222 Maximiano,

1049 1262 1310 1347 Martyr.
1360 1284 1409 1331 s.
1460 1263 1765 1329 Macrobii
1813 1284 1910 1348 ep.
1960 1264 2126 1330 Nicii
2174 1264 2235 1328 in
2284 1265 2596 1348 Aegypto,

1049 1370 1310 1454 Martyr.
1360 1391 1410 1436 s.
1461 1370 1849 1456 Euphrasiae
1897 1371 2171 1457 virginis
2220 1409 2307 1418 —
2364 1370 2625 1455 Martyr.
2676 1391 2725 1436 3.
2779 1369 3106 1453 Porphonii

1050 1469 1291 1534 'Paucos
1338 1470 1632 1554 Aegypti.

1050 1576 1311 1662 Martyr.
1363 1597 1411 1644 S.
1461 1576 1764 1662 Hesychii
1812 1576 2131 1661 principis.
2189 1625 2196 1630 -

1050 1683 1293 1752 Oomm.
1346 1684 1661 1751 Eudoxiae
1707 1683 2218 1769 Heliopolitanae.

1051 1791 1344 1857 Obdorm.
1397 1813 1447 1859 3.
1498 1792 1803 1858 Theodoti
1850 1811 1949 1877 ep.
1998 1792 2317 1877 Ancyrani
2365 1792 2481 1857 sub
2533 1791 2939 1857 Diocletiano,

1050 1898 1312 1983 Martyr.
1361 1919 1443 1964 ss.
1492 1889 1882 1965 Philemonis
1930 1904 1992 1964 et
2039 1899 2235 1964 Flavii
2284 1899 2344 1964 in
2393 1899 2548 1966 urbe
2597 1898 2898 1983 Latopoli.

1050 2005 1313 2090 Martyr.
1363 2027 1412 2073 3.
1446 2005 1720 2072 Mathiae
1770 2007 1888 2090 Ap.
1939 2045 2022 2053 -
2074 2005 2310 2072 Oomm.
2365 2027 2415 2071 s.
2449 2005 2677 2072 Juliani
2715 2006 2890 2071 Patr.
2939 2005 3108 2070 Alex.

1048 2112 1308 2198 Martyr.
1360 2134 1408 2181 s.
1462 2109 1677 2179 Ariani
1726 2114 2022 2198 praefecti
2079 2113 2466 2199 LatopoleOS.
2532 2151 2615 2161 —
2683 2111 2948 2197 Martyr.
2996 2111 3108 2176 Ur-

1050 2213 1195 2278 bani
1244 2217 1306 2278 et
1351 2212 1439 2277 40
1486 2214 1816 2279 sociorum.

1052 2321 1333 2386 Iuventio
1382 2315 1688 2406 pretiosae
1737 2321 1940 2385 crucis
1989 2320 2063 2387 D.
2115 2319 2196 2387 N.
2249 2320 2305 2386 J.
2359 2319 2473 2421 Ch.

1054 2426 1346 2496 Obdorm.
1399 2448 1448 2495 3.
1500 2427 1853 2512 Serapionis
1901 2448 1998 2513 ep.
2048 2427 2330 2504 ThmuiS,
2382 2427 2756 2493 confessoris
2803 2426 2968 2492 fidei.

1051 2535 1310 2620 Martyr.
1361 2557 1410 2600 s.
1462 2534 1770 2600 Theodori
1820 2555 1916 2619 cp.
1982 2540 2043 2600 et
2089 2534 2329 2602 Irenaei
2361 2535 2616 2600 diaconi
2680 2534 2743 2599 in
2801 2533 3111 2618 provincia

1052 2635 1481 2721 Pentapoleos.
1531 2672 1617 2681 —
1666 2633 1905 2701 Comm.
1958 2633 2202 2719 -Ioseph
2247 2633 2353 2699 filii
2405 2633 2622 2700 Jacob.

1052 2744 1475 2827 Quadraginta
1520 2742 1834 2827 Martyres
1882 2741 2222 2809 Sebastiae.

1054 2852 1352 2917 Obdorm.
1401 2850 1692 2934 Dionysii
1743 2849 1913 2915 Patr.
1965 2850 2146 2917 Alex.

1050 2957 1311 3043 Martyr.
1362 2956 1645 3024 Senuthii
1712 2957 2129 3022 Belinesensis
2192 2910 2322 3022 sub·
2360 2956 2765 3024 Diocletiano.
2823 2994 2897 3004 —
2962 2956 3112 3022 Item

1052 3076 1135 3121 ss,
1188 3056 1469 3139 Eugenii,
1521 3056 1839 3133 Anodorii‚
1892 3061 1952 3120 et
1995 3056 2227 3140 Elpidii
2279 3074 2417 3140 epp.
2469 3056 2827 3122 dioeceseos
2875 3055 3111 3121 Hieros.

1056 3162 1297 3230 Gomm.
1346 3163 1510 3229 ,Iusti
1559 3164 1729 3229 Patr.
1780 3163 1960 3230 Alex.

1053 3271 1314 3355 Martyr.
1379 3293 1429 3339 3.
1493 3272 1745 3337 Eusebii
1821 3293 1915 3356 ep.
1985 3276 2047 3336 et
2109 3270 2480 3337 Theodorae
2549 3271 2826 3355 virginis,
2897 3305 2984 3318 -—
3047 3269 3114 3335 In

1052 3369 1389 3455 Aethiopia
1435 3391 1659 3437 comm.
1714 3370 1876 3435 abba
1923 3369 2179 3435 Garima
2226 3389 2300 3434 ex
2347 3388 2569 3434 novem
2616 3367 2883 3435 Sanctis

1053 3486 1310 3570 Martyr.
1361 3507 1410 3553 3.
1458 3485 1678 3552 Isidori
1729 3487 1878 3555 socii
1928 3484 2201 3563 Eusebii‚
2235 3504 2348 3569 ep.
2396 3487 2459 3549 in
2498 3487 2812 3570 Aegypto.

1055 3603 1348 3668 Obdorm.
1397 3602 1738 3668 Aristobuli
1790 3621 1865 3667 ex
1915 3602 1998 3665 72
2044 3601 2383 3685 discipulis,

1055 3717 1299 3784 Oomm.
1350 3719 1688 3784 Alexandri
1735 3718 2050 3803 Aegyptii,
2103 3718 2327 3802 Agapii
2377 3716 2702 3795 Gazensis‚
2751 3717 2993 3783 Nicolai
3042 3739 3104 3783 ex

1055 3816 1277 3896 Pont0‚
1326 3817 1607 3901 Dionysii
1637 3816 2020 3901 Tripolitani,
2065 3822 2405 3900 martyrum
2442 3816 2556 3881 sub
2590 3816 3006 3883 Diocletiano.
3031 3854 3106 3863 —

1053 3916 1314 4000 Martyr.
1363 3938 1411 3980 s.
1463 3916 1845 3981 Stratonicae
1893 3916 2166 3999 virginis.

1056 4032 1315 4119 Martyr.
1366 4032 1672 4098 Theodori
1724 4036 1786 4097 et
1832 4031 2160 4099 Timothei.

1056 4150 1349 4216 Obdorm.
1398 4149 1607 4234 Gyrilli
1655 4168 1749 4233 ep.
1797 4148 2211 4233 Hierosolym.

1056 4267 1315 4350 Martyr.
1380 4265 1639 4349 Didymi
1701 4264 1816 4330 sub
1866 4263 2270 4331 Diocletiano.
2336 4300 2416 4312 -
2482 4262 2780 4329 (deorm.
2843 4262 3102 4329 Danielis

1056 4363 1276 4449 proph.

1058 4482 1313 4566 Martyr.
1366 4503 1413 4546 s.
1468 4480 1756 4545 Leonidis
1804 4480 1919 4544 sub
1968 4480 2214 4545 Severo,
