3514 5391
983 555 1441 626 Ψυχοσᾶββατον.
1495 556 1687 627 vigilia
1722 556 2080 611 pentecostes.

402 772 484 820 πῳ
520 758 795 823 φωτεινῷ,
844 755 914 807 ἐν·
941 754 1092 822 τόπῳ
1127 757 1367 827 χλοερῷ,
1420 754 1477 808 ἐν

402 833 549 903 τόπῳ
572 833 914 907 ἀναψύξεως,
940 835 1081 888 ἔνθα
1098 834 1309 906 ἀπέδρα
1333 834 1477 901 λύπη

400 917 488 965 καὶ
525 915 855 985 στεναγμός·
892 919 983 967 καὶ
1023 917 1114 968 ἵνα
1150 918 1478 987 καταπέμψῃ

399 995 591 1049 ἄνεσιν
639 999 732 1047 καὶ
779 997 1125 1067 παραψυχὴν
1174 1001 1284 1049 τῶν
1321 1014 1476 1049 κατε-

400 1075 627 1143 χόντων
666 1076 869 1136 αύτούς
904 1076 1161 1148 ἀνιαρῶν,
1200 1080 1289 1129 καὶ
1329 1074 1478 1148 δεύσῃ

401 1155 588 1215 αὐτοῖς
612 1157 935 1228 ἐλευθερίαν
960 1160 1049 1209 καὶ
1072 1156 1344 1228 λύτρωσιν
1372 1161 1478 1209 τῶν

400 1236 456 1288 ἐν
495 1241 573 1303 τῷ
597 1236 702 1310 ᾅδῃ
727 1242 1055 1307 στεναγμῶν
1091 1242 1180 1289 καὶ
1204 1237 1475 1308 δακρύων,

399 1316 657 1388 καθάπερ
694 1317 725 1384 ἡ
762 1317 899 1387 olym
926 1323 1025 1371 τοῦ
1058 1322 1202 1372 Θεοῦ
1227 1318 1477 1384 ἐκκλησία

387 1397 653 1452 *διδάσκει
689 1398 1049 1469 κηρύττουσα.

2288 668 2400 675 ——-

1588 755 1841 813 collocet
1878 755 1939 812 in
1979 755 2106 813 loco
2143 754 2368 826 lucido,

1586 851 1862 906 amoeno,
1916 835 1976 892 in
2014 834 2143 893 loco
2182 832 2400 906 ren-ige

1587 932 1697 989 quo
1736 915 1906 972 dolor
1943 919 2006 972 et
2042 914 2296 987 gemitus
2330 932 2400 973 ex

1586 1002 1653 1053 ut
1700 996 1776 1053 iis
1815 996 2197 1068 impertiatur
2244 996 2400 1053 remi:

1589 1083 1651 1134 et
1705 1077 2138 1134 relaxationem
2200 1077 2275 1133 ab
2335 1093 2400 1134 ae

1589 1173 1740 1229 quae
1769 1156 1917 1214 illos
1957 1156 2400 1229 comprehendu]

1587 1254 1698 1310 que
1748 1237 1872 1295 illis
1922 1237 2267 1296 libertatem
2324 1243 2386 1295 et

1586 1319 1847 1391 ptionem
1912 1319 1988 1375 ab
2053 1315 2272 1375 inferni
2334 1334 2400 1388 ge

1587 1403 1651 1455 et
1705 1397 1999 1468 lacrimis,
2057 1397 2211 1455 sicut
2267 1413 2400 1455 sanc

1588 1477 1872 1535 Ecclesia
1911 1477 2088 1535 docet
2125 1493 2196 1534 ac
2233 1494 2400 1549 prae(

600 1583 900 1645 Similiter
951 1589 1011 1645 in
1061 1586 1196 1645 Mis
1218 1603 1298 1644 sa
1350 1604 1394 1643 s,
1433 1584 1762 1646 Joannis
1813 1582 2400 1665 chrysostomi¹

399 1664 681 1729 θνεώιων,
700 1684 811 1736 pro
824 1667 1119 1739 defunctis,
1139 1667 1446 1739 liturgiam
1475 1666 1887 1724 celebraturus
1909 1665 2188 1723 sacerdos
2216 1680 2400 1723 accon

396 1745 471 1803 ad
518 1744 740 1818 dogma
779 1747 1137 1806 catholicum
1176 1748 1347 1807 dicit:

504 1850 667 1922 ’Υπὲρ
704 1852 1064 1914 ἀναπαύσεως
1108 1858 1195 1907 καὶ
1234 1854 1480 1925 ἀφέσεως

394 1937 486 2000 τῆς
527 1936 721 2002 ψυχῆς
757 1939 857 1987 τοῦ
881 1934 1088 1989 δούλου
1122 1951 1240 1999 σου,
1278 1934 1477 1997 δεῖνος,

394 2014 477 2067 ἐν.
508 2013 672 2079 τόπῳ
727 2020 1008 2084 φωτεινῷ,
1076 2017 1217 2069 ἔνθα
1270 2014 1481 2086 ἀπέδρα

395 2093 550 2159 λύπη
606 2098 692 2146 καὶ
756 2096 1091 2166 στεναγμός,
1154 2095 1481 2149 ἀνάπαυσον

398 2174 581 2243 αύτῆν
617 2173 774 2228 ὅπου
797 2177 1081 2230 ἐπισκοπεῖ
1114 2175 1177 2228 τό
1228 2181 1344 2247 φῶς
1382 2179 1481 2229 τοῦ

399 2254 698 2325 προςώπου
735 2269 854 2312 σου.

1699 1852 1824 1911 Pro
1842 1854 2048 1926 requie
2076 1861 2138 1911 et
2156 1852 2400 1910 remissi«

1587 1950 1721 1992 mae
1764 1934 1925 1992 servi
1962 1934 2052 1992 tui
2076 1932 2150 1992 N.
2190 1933 2253 1990 in
2276 1933 2400 1991 loco

1590 2031 1626 2073 a
1664 2032 1775 2088 quo
1816 2015 2023 2073 exulat
2060 2015 2226 2072 dolor
2283 2020 2346 2072 et
2382 2030 2400 2086 g

1587 2094 1688 2154 fac
1729 2114 1860 2154 eam
1899 2096 2221 2167 quiescere,
2266 2093 2369 2153 ubi

1590 2177 1788 2235 lumen
1825 2177 2026 2235 vultus
2064 2176 2169 2234 tui.

583 2380 664 2440 In
702 2380 1158 2453 Pentecostario
1197 2400 1419 2456 quoque
1458 2383 1794 2442 sexcenties
1828 2388 2146 2441 occurrunt
2170 2380 2400 2438 formulz

342 2534 346 2538 ,
402 2462 578 2534 gicae
623 2462 704 2519 ad
741 2462 1161 2525 intemeratum
1187 2463 1467 2522 catholici
1491 2463 1667 2535 hujus
1688 2464 1984 2536 dogmatis
2013 2477 2297 2521 canonem
2319 2477 2400 2531 ex]

402 2542 722 2613 Ejusmodi
762 2542 922 2601 inter
962 2544 1115 2602 alias
1155 2550 1291 2602 sunt
1319 2557 1567 2618 preces,
1624 2561 1773 2617 quas
1812 2543 2038 2603 Graeci
2092 2542 2356 2600 crastino
2395 2564 2400 2592 ι

404 2623 552 2682 dunt
592 2623 676 2681 ad
715 2624 1139 2699 Vesperas,
1198 2624 1259 2681 in
1310 2625 1580 2683 oratione
1633 2626 1841 2698 quinta
1894 2622 2099 2693 Officii
2152 2626 2242 2687 τῆς
2292 2640 2400 2691 γον·

402 2721 557 2777 quae
599 2705 841 2779 incipit:
898 2704 965 2756 ‘H
1006 2705 1249 2764 ἅεννάως
1283 2704 1529 2776 βρύουσα
1566 2707 1756 2773 ζωτικῆ
1807 2708 1896 2758 καὶ
1943 2703 2241 2775 φωτιστική
2293 2722 2400 2771 πηγ

404 2802 477 2843 ex
519 2785 788 2843 editione
826 2785 1066 2844 Veneta
1103 2784 1222 2860 (pp.
1263 2785 1570 2857 199—200)
1608 2787 1706 2844 hic
1746 2786 2166 2849 adscribimus:

512 2891 723 2953 Λύτός,
763 2897 1024 2946 Λίσποτα
1059 2896 1169 2945 τῶν
1206 2891 1483 2954 ἁπάντων,

400 2972 433 3023 ο“
490 2972 636 3032 Θεὸς
684 2971 715 3024 ὁ
769 2973 961 3043 Σωτήρ
1015 2972 1203 3043 ἡμῶν,
1258 2971 1291 3039 ἦ
1341 2974 1487 3032 ἐλπὶς

403 3052 640 3107 πάντων
677 3057 788 3106 τῶν
825 3052 1073 3123 περάτων
1109 3056 1199 3119 τῆς
1234 3059 1345 3122 γῆς,
1398 3056 1486 3106 καὶ

402 3137 518 3187 τῶν
555 3133 614 3186 ἐν
658 3132 911 3205 θαλάσσῃ
946 3133 1183 3205 μακράν,
1233 3133 1264 3185 ὁ
1301 3138 1393 3186 καὶ
1427 3135 1487 3188 ἐν

405 3215 581 3287 ταύτῃ
622 3218 688 3287 τῇ
722 3214 945 3287 ἐσχάτῃ,
980 3217 1071 3267 καὶ
1106 3213 1345 3286 μεγάλῃ,
1397 3217 1483 3266 καὶ

406 3299 663 3365 σωτηρίῳ
697 3293 872 3365 ἡμέρᾳ
908 3298 1000 3361 τῆς
1023 3298 1398 3361 Πεντηκοστῆς
1422 3294 1483 3347 τό

405 3374 726 3444 μυστήριον
774 3378 867 3441 τῆς
914 3370 1109 3446 ἁγίας,
1154 3379 1241 3426 καὶ
1282 3374 1485 3445 ὁμοου·

408 3460 565 3516 σίου,
620 3458 709 3507 καὶ
747 3455 1066 3518 συναῖδίου,
1117 3458 1207 3507 καὶ
1243 3455 1487 3525 ἀδιαιρέ-

408 3553 527 3600 του,
577 3539 669 3586 καὶ
705 3534 1030 3604 ἄσυγχύτου
1076 3535 1313 3604 Τριάδος
1348 3535 1487 3588 ύπο-

408 3614 596 3680 δείξας
634 3614 801 3688 ἡμῖν,
850 3618 942 3667 καὶ
990 3617 1090 3681 τήν
1140 3617 1489 3687 ἐπιφοίτησιν

410 3699 501 3747 καὶ
538 3700 855 3766 παρουσίαν
890 3701 991 3750 τοῦ
1026 3695 1195 3765 ἁγίου
1231 3700 1321 3748 καὶ
1355 3699 1488 3758 ζωο-

413 3781 583 3829 ποιοῦ
652 3790 752 3830 σου
815 3776 1173 3847 Πνεύματυς,
1240 3778 1299 3830 ἐν
1353 3775 1488 3830 εἴδει

414 3861 672 3927 πυρίνων
706 3859 967 3926 γλωσσῶν
1013 3859 1099 3910 ἐπὶ
1136 3857 1263 3916 τούς
1299 3856 1492 3925 ἁγίους

415 3951 521 3990 σου
545 3937 917 3997 Ἀποστόλους
950 3939 1154 4010 ἐκχέας,
1189 3941 1279 3989 καὶ
1307 3937 1491 4006 Εὐαγ-

416 4017 677 4087 γελιστοὲς
712 4017 909 4076 αύτούς
946 4021 1180 4088 θέμενος
1216 4022 1306 4084 τῆς
1337 4016 1489 4071 εύσε-

414 4101 550 4163 βοῦς
587 4096 750 4167 ἡμῶν
787 4101 1041 4161 πίστεως,
1090 4100 1180 4150 καὶ
1216 4096 1491 4168 ὁμολογη-

418 4180 517 4240 τᾰς
552 4182 647 4232 καὶ
687 4177 913 4247 κήρυκας
954 4182 1046 4245 τῆς
1082 4178 1322 4250 ἀληθοῦς
1358 4177 1493 4232 οἰνα-

415 4260 605 4324 δείξας
658 4260 975 4328 θεολογίας,
1025 4257 1055 4310 ὁ
1093 4262 1182 4310 καὶ
1230 4259 1288 4311 ἐν
1323 4257 1492 4330 ταύτῃ

418 4344 484 4412 τῇ
520 4340 828 4406 παντελείῳ
854 4338 1011 4411 ἑορτῇ
1035 4342 1122 4391 καὶ
1148 4338 1492 4409 σωτηριώδει,

420 4420 787 4490 ἱλασμούς
819 4420 946 4490 μὲν
985 4422 1307 4483 ἱκεσίους,
1333 4418 1495 4490 ’ὑπὲρ

421 4505 555 4555 τῶν
592 4503 1069 4570 κατεχομένων
1106 4500 1171 4551 ἐν
1208 4499 1351 4571 ᾅδῃ,
1391 4518 1494 4551 κα-

1697 2893 1838 2967 Ipse
1877 2893 2129 2951 omnium
2169 2892 2400 2950 Domim

1594 2981 1658 3033 et
1676 2974 1962 3034 Salvator
1988 2969 2204 3038 noster,
2245 2989 2379 3046 spes

1592 3054 1794 3113 finium
1823 3060 2028 3113 terrae
2067 3058 2131 3112 et
2155 3053 2247 3126 iis,
2286 3054 2385 3126 qui

1591 3136 1768 3208 longe
1822 3141 1961 3193 sunt
2009 3134 2218 3207 positi,
2275 3133 2371 3206 qui

1594 3233 1814 3289 magna
1841 3221 1904 3273 et
1929 3214 2252 3273 salutifera
2270 3213 2398 3272 Pen

1596 3296 2047 3369 die‚,sanctae,et
2062 3296 2400 3352 consubstat

1596 3382 1974 3447 coaeternae,
2013 3381 2077 3433 et
2099 3374 2400 3432 individua

1597 3453 1876 3515 confusae
1897 3454 2223 3514 Trinitatis
2248 3453 2400 3512 nobis

1596 3537 1748 3595 rium
1777 3537 2085 3609 revelasti,
2127 3542 2189 3593 et
2210 3535 2400 3593 adven

1598 3618 1908 3690 sentiaque
1947 3615 2144 3675 sancti
2183 3621 2246 3673 et
2281 3615 2400 3675 vivi

1598 3699 1751 3755 ritus
1818 3698 1883 3755 in
1954 3699 2261 3769 ignearum
2325 3696 2400 3752 lin

1598 3777 1792 3835 forma
1840 3794 2017 3850 super
2065 3782 2303 3835 sanctos
2340 3776 2400 3834 A

1598 3865 1731 3916 tuos
1752 3857 1959 3926 effusa,
1989 3856 2241 3914 devotae
2261 3854 2400 3913 fidei

1598 3937 2031 4009 Evangelistas
2044 3937 2181 3994 illos
2201 3942 2265 3995 et
2277 3937 2400 3994 coni

1601 4034 1900 4090 veraeque
1942 4023 2003 4075 et
2041 4016 2280 4075 divinae
2329 4033 2400 4073 sa⁴

1599 4115 1928 4173 praecones
1985 4096 2379 4167 renuntiasti,

1595 4178 1989 4252 ,undequaque
2037 4177 2312 4235 absoluto
2360 4193 2400 4234 e÷

1599 4257 1732 4318 fero
1769 4258 1928 4317 festo
1964 4257 2276 4328 suffraqia,
2325 4274 2400 4326 sa,

1599 4356 1803 4409 nesqae
1827 4355 1938 4409 pro
1975 4337 2209 4393 detentis
2238 4338 2293 4390 in
2320 4337 2400 4407 ins

1600 4421 1783 4490 cipere
1821 4420 2079 4489 diqnatus
2117 4434 2195 4483 e3,
2231 4433 2400 4486 mayn«

1604 4500 1687 4554 bis
1730 4500 1972 4569 sanecta
1991 4540 2004 4565 ‚
2056 4498 2289 4552 detentis
2335 4497 2400 4565 Ιιιι1
