3514 5391
818 520 922 578 128
1455 520 1615 575 Festa
1649 519 1859 574 mobilia
1895 520 1947 572 in
1985 516 2411 587 Quadragesima.

2780 627 3065 635 -—-———-

819 718 1048 807 logium
1113 720 1429 786 arabicum
1479 716 1923 784 Melchitarum
1989 716 2400 784 solemnitatis
2445 715 2697 783 titulum
2755 737 2789 782 e
2835 728 3063 802 graeco·

697 896 702 903 ⁸
817 820 1054 886 reddit.
1106 817 1370 884 Sudsud
1402 814 1641 901 acet-alib
1672 816 1929 881 elkev‘im
1953 813 2257 904 ebnochji,
2304 815 2369 883 h.
2392 836 2469 895 e.,
2507 811 2929 902 προςκύνησις
2950 818 3067 887 τοῦ

813 912 1031 1000 τιμίου
1093 915 1202 981 καὶ
1267 914 1600 995 ζωοποιοῢ
1662 918 1963 1027 σταυροῦ,
2034 915 2336 979 adoratio
2392 916 2722 1001 pretiosae
2785 924 2885 979 et
2903 915 3064 979 viviss

801 1016 966 1102 ficac
1013 1018 1264 1083 mois..

1000 1122 1368 1209 Appellatur
1415 1127 1622 1188 antem
1670 1122 1857 1187 tertia
1901 1069 2057 1187 haec
2083 1121 2413 1186 Dominica
2439 1118 2706 1208 κυριακὴ
2731 1124 2842 1209 τῆς
2868 1141 3065 1186 σταυ-

814 1220 1390 1311 ροπροςκυνήσεως,
1440 1222 1606 1305 qnod
1654 1240 1728 1285 eo
1761 1220 1861 1285 die
1909 1219 2209 1286 ecclesias
2234 1218 2505 1305 populus
2531 1219 2827 1304 frequens
2861 1221 3063 1291 adeat

817 1328 883 1386 ιιι
930 1324 1211 1387 sanctum
1263 1321 1465 1386 crucis
1513 1320 1750 1406 lignum
1802 1320 1863 1384 in
1896 1318 2073 1385 altari
2104 1319 2867 1404 propositum-veneretur.
2938 1319 3062 1385 Ex-

815 1420 1067 1486 hibetur
1111 1419 1404 1485 nimirum
1453 1439 1501 1485 s.
1526 1438 1676 1484 crux
1724 1419 1945 1484 eodem
1993 1418 2123 1484 fere
2172 1419 2356 1483 modo
2390 1418 2720 1497 adoranda,
2770 1438 2894 1503 qua
2924 1438 3059 1484 eam

816 1519 1017 1584 Latini
1066 1519 1142 1583 ad
1193 1518 1617 1584 adorationem
1663 1518 1800 1601 ipso
1863 1517 2321 1583 sacratissimae
2367 1516 2748 1584 Parasceves
2809 1518 2910 1582 die
2957 1536 3062 1583 ex·

816 1622 1070 1702 ponunt.
1166 1616 1325 1681 Vide
1370 1616 1688 1682 laudatum
1736 1612 2261 1693 Gretsernm‚
2311 1620 2464 1682 tom.
2511 1617 2617 1685 cit.
2662 1638 2724 1701 p.
2756 1616 2907 1695 212,
2956 1615 3059 1681 nbi

816 1716 1224 1804 vulgatiorem
1272 1714 1649 1782 celebritatis
1695 1715 1882 1780 ritum
1933 1716 1994 1780 in
2041 1714 2274 1800 Typico
2323 1734 2372 1781 S.
2408 1713 2610 1781 Sabae
2657 1715 3061 1780 constitutum

814 1834 1039 1901 graece
1088 1819 1151 1880 et
1195 1814 1383 1921 latine
1430 1813 2707 1903 reperies,

993 1922 1288 2015 Modum,
1356 1942 1479 2006 quo
1521 1921 1886 2005 imperator
1933 1919 2059 1987 GP.-
2122 1940 2189 1985 se
2249 1920 2327 1985 ad
2393 1864 2721 1986 ecclesiam
2784 1902 3061 1993 contulit,

766 2000 774 2010 ⁵
815 2044 864 2088 s,
917 2010 1166 2087 crucem
1214 2020 1574 2087 solemniter
1621 2019 2009 2096 adoraturus
2059 2014 2309 2103 proprio
2357 2019 2583 2103 capite
2594 2019 2894 2084 describit
2933 2010 3062 2083 Co-

815 2118 1140 2185 dinusl.
1190 2139 1243 2184 c.
1339 2117 1466 2185 cfr.
1518 2118 1704 2183 etiam
1736 2116 2248 2184 Constantin
2279 2115 2915 2203 porphyrogen„
2966 2117 3064 2180 De

816 2218 1224 2381 οαοζὸτέοπὶἰε
1269 2212 1458 2282 aulae
1512 2213 1652 2294 CR,
1703 2236 1794 2280 cc.
1844 2215 2130 2293 29-30,
2171 2214 2327 2281 ibid
2377 2220 2526 2281 tom.
2580 2215 2728 2291 112,
2778 2236 2880 2300 pp.
2913 2214 3062 2280 399

997 2495 1092 2559 De
1136 2493 1493 2585 rationibus
1539 2485 1883 2558 hodiernae
1931 2486 2332 2577 adorationis
2378 2516 2427 2559 ε.
2477 2494 2696 2558 crucis.
2770 2528 2788 2579 ιν

994 2637 1326 2724 Triplicem
1358 2637 1661 2704 rationem
1698 2637 1935 2722 profert
1959 2632 2298 2717 Triodium,
2348 2657 2461 2703 cur
2487 2637 2829 2722 pretiosum
2861 2637 3061 2704 crucis

713 2822 719 2827 ι
819 2737 1051 2825 lignum
1120 2738 1196 2802 ad
1246 2738 1665 2803 adorationem
1715 2741 2084 2821 exponatur,
2134 2746 2215 2802 -et
2276 2736 2609 2821 praecipue
2667 2734 3061 2802 hebdomade
3172 2765 3184 2816 J

816 2837 1239 2921 subsequenti,
1307 2841 1528 2920 quarta
1566 2836 1980 2922 jejuniornm3
2047 2839 2116 2901 ιιι
2162 2855 2311 2901 crux
2359 2835 2690 2915 nimirum,
2754 2835 3063 2920 passionis

816 2933 1044 3000 Christi
1067 2940 1560 3014 monumentum,
1594 2953 1709 2998 nos
1735 2934 1813 2999 ad
1834 2953 1974 2999 eam
2005 2933 2345 3000 ferventius
2374 2933 2750 2999 austeritatis
2779 2937 3059 3017 tempore

816 3034 1192 3117 sequendam
1250 3029 1510 3111 excitet3
1577 3037 1648 3097 ut
1707 3033 2074 3117 praeteritos
2138 3032 2547 3106 abstinentiae
2605 3032 2852 3100 labores
2906 3051 3058 3096 con-

816 3132 1049 3216 sopiat;
1098 3131 1350 3196 demum
1399 3136 1469 3196 ut
1515 3150 1654 3196 sese
1700 3131 1904 3215 ipsam
1934 3129 2101 3196 velut
2131 3129 2443 3214 paschalis
2472 3131 2805 3197 hilaritatis
2834 3131 3059 3217 pignus

816 3236 1138 3318 proponat.
1231 3229 1356 3296 Sed
1403 3230 1608 3315 ipsum
1658 3231 2055 3315 synaxarium
2106 3230 2258 3296 adeo
2304 3230 2458 3296 scite
2506 3250 2578 3296 ac
2624 3230 2725 3314 pie
2772 3249 2849 3294 ex
2876 3229 3060 3294 variis

817 3328 1085 3394 homiliis
1134 3332 1410 3402 veterum
1458 3333 1703 3412 patrum
1750 3348 2118 3413 graecorum
2152 3333 2247 3393 est
2277 3332 2654 3406 contextum,
2703 3332 2772 3392 ut
2804 3327 3059 3393 omnino

814 3428 1071 3511 dignum
1120 3427 1218 3504 sit,
1269 3426 1432 3511 quod
1481 3427 1585 3493 hic
1631 3428 1697 3491 in
1743 3426 1945 3492 forma
1990 3432 2247 3494 extensa
2290 3428 2547 3492 sistatur
2574 3426 2651 3513 ¹):

931 3555 1022 3642 Τῇ
1050 3549 1208 3638 αὐτῇ
1237 3550 1435 3640 ἡμέρᾳ
1461 3555 1726 3640 κυριακῇ
1750 3556 1880 3617 τῶν
2096 3553 2334 3618 Eadem
2381 3553 2482 3619 die
2528 3551 2874 3636 Dominica‚
2933 3555 3055 3616 ter-

817 3654 1149 3738 νηστειῶν,
1253 3648 1367 3738 τὴν
1456 3648 1881 3739 προςκύνησιν
1988 3653 2074 3718 tia
2132 3640 2545 3736 jejuniorum,
2633 3651 3055 3717 adorationem

815 3745 1197 3833 ἑορτάζομεν
1283 3753 1400 3813 τοῦ
1472 3744 1691 3833 τιμίου
1772 3747 1879 3813 καὶ
1980 3750 2379 3815 'celebramus
2398 3749 2785 3816 venerandae
2813 3769 2885 3814 ac
2906 3749 3047 3816 vivi·

813 3847 1142 3928 ζωοποιοῦ
1177 3851 1482 3934 σταυροῦ,
1532 3844 1620 3911 δι’
1667 3842 1882 3912 αἰτίαν
1988 3849 2144 3914 ficae
2194 3847 2411 3913 Crucis
2456 3848 2619 3914 hanc
2667 3849 2745 3913 ob
2782 3867 3053 3913 cansam.

813 3943 1132 4034 τοιαύτην·
1180 3943 1408 4033 ἐπειδὴ
1453 3944 1580 4031 γὰρῆ
1617 3943 1728 4009 διὰ
1771 3947 1916 4033 τῆς·
1989 3947 2291 4028 Quoniam
2364 3947 2529 4012 enim
2608 3966 2720 4032 per
2793 3948 3054 4031 quadra-

813 4042 1493 4133 τεσσαρακονθημέρου
1566 4037 1877 4131 νηστεῖας,
1986 4035 2322 4130 gintadiale
2346 4045 2675 4130 jejunium,
2725 4045 2908 4112 etiam
2942 4066 3057 4138 nos

811 4142 1058 4226 τρόπον
1102 4140 1248 4258 τινὰ
1301 4141 1408 4207 καὶ
1457 4140 1636 4230 ἡμεῖς
1680 4163 1877 4212 σταυ-
1986 4142 2190 4227 aliquo
2215 4144 2398 4209 modo
2420 4144 2860 4229 crucifigimur,
2890 4163 3052 4210 mor-

999 4392 1036 4458 ¹)
1075 4393 1416 4464 Synaxarium
1453 4361 1611 4450 etiam
1648 4393 2021 4448 Germanorum
2060 4394 2413 4450 consuetudini
2441 4396 2688 4454 traditum
2716 4395 2891 4449 videas
2919 4395 3051 4464 apud

814 4474 1153 4542 Malaca,
1194 4473 1302 4527 Die
1342 4474 1721 4542 Nachm’ache,
1760 4492 1844 4546 pp.
1882 4477 2057 4529 215—
2063 4477 2183 4530 220.
