3514 5391
817 515 926 568 418
1531 512 1691 568 Festa
1728 513 1937 568 mobilia
1972 518 2094 583 post
2129 512 2349 567 Pascha.

2208 626 2359 630 mv
2389 627 2399 630 -
2414 625 2635 631 -——.—.--
2660 625 2675 630 -
2688 624 2829 631 ——-—
2842 624 3073 631 --————

820 714 1029 776 sancti
1087 711 1372 799 Spiritus
1436 710 1813 776 deliciarum
1889 710 2247 776 carnalium
2294 711 2652 797 fastidium
2722 716 3077 798 important

822 810 1155 874 electorum
1201 809 1511 874 mentibus
1538 811 1605 888 ¹).

999 918 1290 983 Rationes
1317 917 1529 1002 jejunii
1558 921 1822 1000 quatuor
1846 921 2199 1001 temporum
2227 918 2442 1002 paucis
2472 917 2792 1003 attigimus
2826 938 2885 1000 p.
2925 918 3071 983 122.

819 1016 911 1081 Ex
961 1019 1146 1082 citata
1193 1018 1421 1082 ibidem
1474 1018 1903 1081 Distinctione
1952 1019 2055 1082 76.
2107 1018 2442 1083 Decreti
2507 1022 2572 1081 tu
2622 1037 2756 1082 eam
2818 1017 2920 1081 hie
2969 1037 3073 1080 ac-

822 1116 985 1199 cipe,
1054 1137 1211 1200 quae
1260 1118 1508 1200 propria
1557 1120 1651 1180 est
1698 1117 1927 1180 aestivi
1988 1115 2172 1194 hujus
2212 1116 2433 1199 jejunii
2481 1136 2797 1200 quaeque,
2866 1117 3073 1179 verbis

820 1233 869 1276 s,
903 1213 1194 1279 Leonis
1228 1215 1354 1279 ΡΡ.
1386 1215 1434 1280 Ι.
1487 1219 1808 1298 concepta,
1860 1215 2227 1298 proponitur
2258 1235 2309 1281 c.
2346 1216 2552 1299 Iyitur
2579 1215 2654 1277 4:
2710 1212 3075 1278 Salubriter

820 1321 880 1374 et
923 1314 1276 1376 necessario
1327 1313 1706 1376 consuetudo
1756 1322 1848 1376 est
1896 1313 2200 1375 ordinata
2230 1314 2495 1403 jejunii,
2544 1324 2613 1376 ut
2641 1315 2701 1376 si
2729 1312 2885 1397 quid
2889 1311 3073 1398 forte

819 1412 987 1474 inter
1033 1412 1179 1497 ipsa
1208 1410 1644 1495 festivitatum
1688 1410 1933 1495 qaudia
1978 1411 2298 1495 neyliqens
2345 1410 2608 1475 libertas
2663 1410 2926 1475 licentia
2980 1412 3070 1474 in·

820 1508 1123 1572 ordinata
1163 1512 1613 1596 praesumpsit,
1661 1511 1773 1573 hoc
1821 1507 2157 1594 reliyiosae
2204 1509 2627 1574 abstinentiae
2674 1533 2941 1573 censura
2974 1533 3070 1573 ca·

820 1610 1021 1694 stiyet.
1091 1608 1260 1689 Quae
1309 1629 1458 1673 sane
1492 1610 1647 1673 mire
1680 1629 1823 1674 eum.
1855 1609 1930 1672 iis
1961 1609 2291 1673 convenire
2317 1609 2795 1692 perspiciuntur,
2846 1609 3071 1692 quibus

821 1727 869 1771 s,
923 1707 1272 1772 Basilius
1321 1707 1409 1772 M.
1460 1728 1785 1790 operosam
1834 1710 1946 1795 τῆς
1977 1701 2382 1788 γονυκλισίας
2428 1708 2720 1791 pietatem
2762 1711 3069 1770 caeteras·

822 1825 940 1888 que
989 1806 1265 1890 corporis
1299 1805 1663 1870 afflictiones
1711 1806 1831 1870 hac
1864 1805 2256 1869 hebdomade
2288 1806 2715 1889 suscipiendas
2754 1804 2813 1867 in
2850 1803 3071 1868 Officio

829 1903 1237 1986 Vesperarum
1290 1905 1430 1968 festi
1479 1904 1885 1968 Pentecostes
1948 1904 2125 1968 enixe
2173 1905 2570 1968 commendat
2627 1903 2789 1987 apud
2842 1903 3065 1968 Goar.

822 2000 955 2065 loco
1004 2023 1193 2085 supra
1241 2004 1506 2066 adducto
1558 2025 1614 2086 p.
1666 2004 1817 2068 399.

999 2271 1779 2337 Animadversiones
1828 2273 2130 2337 finales
2176 2273 2254 2337 in
2291 2272 2634 2355 Tempus
2682 2271 3067 2355 paschale

822 2367 1250 2434 Ecclesiae
1295 2370 1627 2436 latinae.
1683 2409 1765 2415 -—
1814 2370 1912 2433 De
1962 2370 2266 2435 brevitate
2299 2369 2531 2455 Officii.
2568 2408 2654 2416 —
2688 2370 2787 2434 De
2816 2392 3065 2456 suspen·

821 2467 994 2530 sione
1041 2467 1384 2534 interdicti.
1449 2507 1534 2515 —
1597 2465 1696 2531 De
1741 2491 1862 2532 usu
1910 2468 2410 2554 Sequentiarum.
2474 2508 2558 2515 -—
2622 2469 2719 2532 De
2765 2469 3058 2555 frequen-

823 2565 1059 2628 tatione
1107 2568 1341 2629 cantici
1387 2566 1768 2651 Alleluja.
1832 2605 1915 2613 —-
1978 2569 2076 2631 De
2124 2566 2500 2632 lectionibus
2546 2589 2624 2632 eoe
2669 2591 2860 2631 sacra
2908 2567 3065 2632 Scri-

818 2672 1030 2748 ptura.
1100 2703 1183 2710 -
1249 2665 1348 2728 De
1398 2665 1836 2751 publicatione
1899 2667 2114 2751 mayni
2156 2663 2466 2731 Jubilaei.
2534 2705 2615 2713 —
2677 2667 2775 2730 De
2824 2688 3063 2730 nomen·

820 2762 1075 2826 elatura
1121 2762 1369 2828 dierum
1417 2764 1890 2828 dominicorum.

998 2943 1094 3004 De
1143 2942 1443 3006 brevitate
1500 2943 1717 3028 Officii
1765 2943 1971 3007 divini
2015 2946 2088 3008 in
2135 2944 2440 3008 Pasckate
2488 2954 2548 3008 et
2595 2944 2976 3010 Pentecoste.

999 3068 1075 3130 In
1121 3066 1224 3128 die
1273 3068 1776 3132 Resurrectionis
1823 3092 2014 3154 usque
2061 3070 2130 3132 in
2178 3067 2509 3132 sabbatum
2552 3069 2623 3132 in
2657 3067 2861 3151 Albis,
2911 3072 3066 3133 etin

820 3165 920 3227 die
971 3165 1359 3229 Pentecostes
1408 3188 1595 3251 usque
1641 3167 1713 3229 in
1761 3165 2090 3233 sabbatum
2139 3166 2414 3255 ejusdem
2461 3177 2587 3230 tres
2609 3165 2899 3252 psalmos
2934 3167 3065 3231 tan·

821 3272 947 3326 tum
993 3264 1082 3326 ad
1131 3264 1493 3328 Nocturnos
1558 3274 1799 3350 tresque
1848 3264 2146 3329 lectiones
2208 3266 2467 3350 antiquo
2514 3286 2682 3327 more
2740 3275 3065 3329 cantamus

822 3371 881 3424 et
929 3359 1205 3446 leyimus.
1302 3361 1398 3426 Ita
1461 3382 1508 3426 S.
1562 3363 2004 3446 Gregorius
2052 3362 2176 3427 ΡΡ.
2229 3362 2404 3439 Vn„
2469 3362 2700 3428 relatus
2750 3384 2801 3429 e.
2840 3365 2915 3428 In
2963 3364 3063 3428 die

823 3459 1328 3522 Resurrectionis
1379 3460 1478 3525 15.
1535 3461 1687 3526 Dist.
1739 3462 1801 3526 5.
1852 3462 1929 3525 de
1976 3482 2144 3527 cons,

999 3566 1329 3630 Brevitatis
1375 3568 1676 3632 rationem
1727 3588 1865 3633 eam
1914 3588 2052 3635 esse
2099 3571 2351 3634 tradunt
2399 3569 2577 3634 multi
2625 3575 2928 3649 auctoreS,
2990 3592 3061 3636 ne

821 3670 1102 3728 recenter
1149 3665 1459 3748 baptizati,
1512 3665 1748 3731 Officiis
1797 3668 2111 3733 canonicis
2142 3669 2522 3746 assistenteS,
2572 3668 2650 3734 ob
2681 3668 3057 3753 psalmorum

821 3761 1337 3846 multiplicitatem
1397 3769 1458 3828 et
1505 3765 1838 3829 multarum
1889 3786 2147 3850 precum
2208 3767 2633 3831 recitationem
2681 3768 2885 3832 taedio
2932 3769 3059 3832 affi-

820 3861 1060 3924 ciantur
1122 3864 1182 3925 et
1229 3862 1438 3927 labore
1483 3870 1839 3947 graventur.
1933 3864 2005 3929 In
2054 3866 2398 3929 sententiae
2446 3885 2594 3930 suae
2642 3867 3056 3931 confirmatio·

821 3979 962 4023 nem
1028 3961 1346 4026 adducunt
1405 3961 1596 4027 verba
1666 3961 2010 4027 Ordinis
2074 3963 2433 4042 Romani,
2502 3965 2593 4028 tit.
2664 3964 2740 4028 de
2806 3965 3057 4029 Octavia

828 4048 1131 4121 Paschae:
1180 4048 1258 4121 ’T
1251 4080 1352 4122 res
1389 4057 1631 4144 psalmi
1695 4071 2035 4125 cantantur
2094 4063 2163 4125 in
2222 4062 2589 4126 nocturnali
2656 4062 2881 4149 Qfficio
2940 4086 3055 4149 per

817 4167 1048 4241 septem
1096 4156 1231 4218 dies
1281 4156 1705 4243 baptismales,
1759 4169 1819 4222 et
1862 4183 2053 4223 unum
2099 4159 2265 4223 diem
2311 4160 2596 4225 ducimus
2640 4163 2709 4224 in
2757 4162 3051 4247 religione

813 4277 931 4338 per
976 4252 1123 4316 illos
1173 4264 1404 4339 septem
1451 4255 1603 4320 dies.
1703 4257 2050 4344 Deinceps,
2111 4259 2466 4344 insequenti
2511 4268 2817 4345 tempore,
2878 4260 3054 4345 quasi

1003 4468 1043 4536 ¹)
1084 4468 1208 4522 Ibid.
1249 4474 1288 4521 t.
1329 4470 1448 4536 170,
1487 4485 1537 4540 p.
1574 4470 1697 4525 289.
