3514 5391
851 531 955 590 708

898 732 959 797 6.

862 2477 960 2541 14.

861 2683 959 2750 15.

865 2774 961 2856 io.

868 2998 961 3061 17.

860 3203 967 3297 ,1¹²³-

867 3310 964 3373 19.

862 3515 968 3579 20.

862 3623 965 3688 21.

1504 533 1680 589 Annus
1718 532 2102 590 ecclesiasticus
2140 531 2439 604 Coptorum.

1548 646 1635 652 .——
1652 646 1757 651 --
1777 645 2012 652 -ύ-
2025 645 2632 652 --——-———--——.-.-—..

1033 731 1330 798 Obdorm.
1380 733 1601 796 Annae
1649 731 1865 796 matris
1890 730 2197 797 Samuelis
2235 730 2460 816 proph.
2493 767 2566 780 —
2599 730 2838 798 Oomm.
2873 751 2922 796 s.
2949 730 3090 796 Dio·

1030 829 1189 913 nysii
1237 830 1654 915 Areopagitae
1683 830 1753 913 ¹).
1819 868 1904 877 -—
1965 830 2039 895 In
2085 829 2419 915 Aethiopia
2482 851 2708 896 comm.
2770 850 2820 896 s,
2871 829 3089 894 Panta-

1030 928 1227 993 leouis
1275 947 1350 993 ex
1396 947 1619 994 novem
1668 927 1913 993 Sanctis
1961 927 2280 1007 RomaniS,
2329 929 2434 1012 qui
2483 934 2620 1013 post
2658 928 3090 994 Frumentium

1028 1026 1214 1092 fidem
1266 1024 1497 1092 Christi
1543 1026 1605 1096 in
1653 1026 1987 1111 Aethiopia
2038 1033 2476 1112 propagarunt.

1033 1133 1273 1200 Comm.
1325 1133 1608 1200 Justinae
1658 1138 1719 1199 et
1770 1133 2083 1218 Cypriani.
2150 1172 2233 1186 -—
2307 1135 2568 1219 Martyr.
2632 1154 2661 1198 s
2668 1132 2976 1218 ,cyriaci
3037 1137 3096 1198 et

1030 1233 1251 1298 Annae
1299 1233 1517 1298 matris
1566 1232 1717 1315 ejus,

1033 1340 1295 1424 Martyr.
1344 1360 1426 1406 ss
1476 1338 1631 1418 Caii,
1679 1340 1919 1418 Fausti,
1970 1340 2245 1412 Eusebii,
2296 1299 2760 1417 Chaeremonis,
2813 1339 2990 1406 Lucii
3038 1346 3096 1406 et

1032 1439 1339 1504 sociorum
1387 1440 1502 1504 sub
1525 1438 1855 1504 Valeriano
1904 1444 2187 1524 tyranno.
2217 1478 2300 1487 ——-
2332 1438 2992 1524 Martyr.s.Met1-ani
3040 1445 3100 1502 et

1033 1538 1340 1603 sociorum
1390 1538 1505 1618 sul)
1553 1537 1769 1604 Deeio.

1035 1644 1330 1710 Obdorm.
1367 1665 1415 1710 s,
1449 1644 1679 1709 Liberii
1711 1665 1808 1728 ep.
1846 1643 2128 1723 Romani,
2178 1645 2524 1716 defensoris
2555 1646 2720 1710 fidei.
2745 1685 2828 1692 —
2857 1645 3094 1710 comm.

1030 1763 1079 1807 a.
1130 1743 1451 1827 Stephani,
1500 1742 1709 1808 fratris
1740 1741 2049 1810 Basilidis.
2084 1782 2168 1790 ——
2197 1743 2636 1828 InAethiopia
2663 1764 2891 1811 oomni.
2921 1763 3095 1829 prae-

1030 1842 1353 1908 dicationis
1400 1861 1450 1906 s,
1501 1840 1779 1907 'rhomae
1827 1837 1949 1926 Ap.
1997 1842 2060 1906 in
2107 1842 2303 1908 India.

1030 1949 1289 2034 Martyr.
1330 1941 1539 2035 'Sergii
1590 1950 1739 2015 socii
1790 1950 2044 2016 Bacchi.

945 2110 956 2122 .
1032 2055 1323 2122 Obdorm.
1378 2077 1427 2124 s,
1478 2056 1768 2122 Eumenii
1820 2056 1988 2123 Patr.
2039 2057 2215 2124 Alex
2266 2064 2273 2069 '

1036 2162 1298 2247 Martyr.
1350 2183 1397 2230 S.
1450 2162 1757 2234 Matthaei
1801 2184 1899 2248 ap,
1951 2169 2013 2231 et
2059 2184 2150 2230 ev

1032 2269 1291 2354 Martyr.
1341 2291 1391 2338 s,
1424 2270 1713 2355 Pelagiae
1763 2272 2017 2356 virginis
2061 2269 2395 2336 Romanae.
2443 2309 2524 2317 —
2587 2266 2848 2355 Martyr.
2901 2270 3095 2335 Ptole-

1038 2367 1242 2434 maehi
1292 2374 1352 2436 et
1400 2369 1665 2435 fratrum
1712 2369 1866 2452 ejus,
2083 2387 2086 2390 ·

1038 2474 1334 2541 Obdorm.
1361 2476 1653 2562 Philippi,
1682 2478 1786 2561 qui
1813 2478 2170 2543 eunuchum
2197 2478 2550 2562 baptizavit.
2573 2477 2752 2542 —In
2771 2476 3094 2560 Aethiopia

1034 2593 1256 2639 comm.
1290 2594 1338 2640 a.
1360 2575 1687 2662 Michaelis
1714 2581 2126 2662 eognomento
2150 2577 2464 2662 Aragawi‚
2497 2597 2570 2641 ex
2591 2596 2810 2640 novem
2834 2575 3091 2640 Sanctis.

1032 2682 1294 2767 Martyr.
1344 2685 1607 2750 Artemii
1659 2684 1834 2750 ducis
1882 2685 2156 2772 Aegypti
2204 2684 2319 2750 sub
2367 2682 2639 2750 «Iuliano.

1034 2789 1295 2875 Martyr.
1345 2811 1395 2856 S.
1424 2789 1823 2857 Pantaleonis
1870 2792 2294 2857 Nicomediae..
2353 2829 2423 2839 —
2480 2778 2728 2885 Gomm.
2770 2789 3090 2874 Apollinis,

1037 2890 1206 2959 Petri
1254 2894 1316 2954 et
1360 2888 1666 2954 Macrobii
1713 2891 2130 2957 eremitarum.

1042 2996 1296 3080 Martyr.
1344 3016 1392 3064 s
1444 2995 1698 3062 Phileae
1748 3018 1845 3081 ep.
1895 2998 1956 3062 in
2007 2999 2160 3062 urbe
2207 2996 2602 3063 Alexandria.
2653 3035 2734 3043 —
2797 2996 3095 3061 Nativitas

1039 3095 1256 3159 Annae
1307 3095 1521 3160 matris
1570 3094 1878 3161 Samuelis
1926 3095 2145 3180 proph.
2247 3167 2252 3175 ‚
2476 3135 2486 3149 ·

1042 3202 1282 3269 Comm.
1333 3224 1381 3269 S.
1433 3202 1736 3269 Heraclae
1784 3203 1954 3267 Patr.
2005 3202 2185 3268 Alex.
2240 3239 2317 3251 —
2371 3202 2631 3287 Martyr.
2683 3200 2964 3267 Romani.

1041 3309 1299 3393 Martyr.
1351 3330 1399 3377 s,
1450 3309 1776 3395 Theophili
1842 3315 1903 3375 et
1936 3307 2158 3375 ‘uxoris
2206 3309 2340 3393 ejus
2396 3309 2511 3375 sub
2559 3304 2965 3375 Diocletiano.
3017 3344 3088 3353 —-

1039 3408 1278 3474 Comm.
1314 3409 1532 3494 synodi
1559 3410 1987 3475 Antiochenae
2017 3414 2230 3474 eontra
2249 3407 2512 3474 Paulum
2535 3406 3008 3472 Samosatemnu
3025 3406 3090 3481 ²).

1042 3514 1336 3581 Obdorm.
1387 3514 1651 3581 Joannis
1698 3515 1882 3581 Parvi
1931 3515 2223 3600 (Colobi).

1040 3622 1280 3688 Oomm.
1344 3622 1617 3708 Virginis
1677 3623 1990 3707 Deiparae
2058 3644 2169 3708 pro
2217 3623 2417 3689 allatis
2479 3642 2591 3706 per
2637 3622 2834 3706 ipsam
2895 3641 2932 3686 a
2978 3620 3094 3687 Do·

1044 3721 1210 3785 mino
1257 3720 1610 3787 benefieiis:
1673 3741 1833 3806 quae
1896 3722 2402 3805 commemoratio
2463 3720 2724 3807 singulis
2785 3720 3095 3785 mensibus

1049 4008 1088 4075 ¹)
1129 4006 1184 4060 In
1205 4006 1429 4077 antiquis
1453 4006 1604 4061 fastis
1622 4006 1968 4061 alexandrinis
1985 4005 2288 4076 Dionysium
2311 4004 2681 4075 Areopagitam
2705 4005 2905 4071 deesse,
2931 4010 3093 4059 osten·

866 4104 979 4142 sum
1020 4088 1225 4155 relegas
1262 4103 1326 4141 ex
1365 4087 1699 4157 „zeitschrift
1739 4087 1821 4140 fiir
1858 4086 2000 4141 kath.
2041 4085 2372 4155 Theologie“‚
2412 4086 2569 4147 1896,
2607 4101 2693 4155 pp.
2730 4086 3030 4141 395-396.

1048 4168 1091 4235 ²)
1131 4167 1223 4237 „In
1260 4167 1534 4237 synaxario
1581 4167 1809 4222 refertur
1854 4166 1982 4221 haec
2015 4163 2254 4237 'synodus
2291 4172 2610 4234 congregata
2656 4166 2708 4220 in
2745 4166 2964 4231 eeclesia
3001 4166 3094 4220 An·

866 4250 1085 4304 tiochiae
1124 4248 1372 4301 adversus
1396 4246 1608 4301 Paulum
1630 4246 2023 4301 samosatenum
2049 4251 2385 4311 asserentem,
2424 4246 2685 4301 Christum
2711 4262 2827 4301 esse
2852 4246 3096 4301 hominem

867 4329 1164 4399 simplicem,
1219 4328 1482 4398 Deumque
1521 4344 1635 4382 esse
1672 4343 1826 4383 unam
1849 4343 2137 4397 personam,
2176 4327 2268 4381 sub
2295 4326 2544 4397 Dionysio
2579 4326 2876 4397 patriarcha
2911 4327 3095 4381 Romae

868 4414 921 4461 et
962 4410 1209 4479 Dionysio
1244 4409 1410 4463 altero
1446 4409 1744 4478 patriarcha
1782 4408 2149 4471 Alexandriae,
2202 4407 2595 4477 quadragesimo
2641 4409 2821 4478 quinto
2857 4414 2977 4461 mite
3013 4405 3092 4459 Ni-

869 4506 1077 4543 eaonam
1117 4489 1363 4559 synodum
1401 4505 1550 4559 anno,
1591 4489 1797 4542 Valerio
1836 4489 2171 4557 immi-antef‘
2247 4490 2590 4543 Asseman.
2628 4488 2679 4542 h.
2717 4488 2765 4542 d.
