3514 5391
2910 599 3017 608 «-

772 499 878 554 252
978 540 986 551 .
1426 494 1586 551 Festa
1623 496 1831 550 mobilia
1868 494 1920 548 in
1956 492 2379 563 Quadi-agesima.

771 695 1096 769 antiquitus
1136 701 1246 764 est,
1286 700 1352 753 ut
1389 693 1744 752 intermedio
1784 693 1887 750 illo
1916 697 2180 765 tempore
2208 690 2386 747 fieret
2423 693 2532 742 τῶν
2561 686 3023 758 προηγιασμίνωι·

770 779 1100 846 λειτουργία,
1126 777 1738 847 praesanctificatorum
1778 773 1977 839 Missa,
2028 790 2179 846 quae
2219 776 2593 846 nuncupatur
2640 772 2827 830 slav.
2864 770 3021 827 litur—

766 860 886 929 cha
927 857 1567 928 prekdeoszgjasi‘ennych
1620 856 1816 923 darom
1874 871 2176 919 rumen,
2230 853 2293 911 in
2344 852 2778 924 antiquioribus
2830 851 3020 910 libris.

769 938 998 1008 Iiturqia
1036 956 1129 993 cea
1167 939 1282 991 mai
1319 938 1522 992 ’nainte
1558 940 1797 1003 santtta,
1847 936 1908 993 in
1945 935 2378 993 recentioribus
2420 939 2637 1003 autem,
2690 934 2769 987 lit.
2810 933 2861 985 α’
2887 948 3019 1002 pre·

768 1019 1217 1090 santtflcatelom.
1290 1016 1393 1075 Ita
1430 1017 1606 1075 hodie
1643 1034 1748 1090 pro
1785 1014 1979 1074 veteri
2007 1016 2301 1080 instituto,
2339 1016 2529 1072 tertia
2554 1020 2688 1087 post
2713 1012 3018 1070 meridiem

770 1098 934 1168 hora,
973 1115 1088 1170 qua
1119 1099 1407 1170 ‚iejunium
1438 1098 1694 1156 solvitur
1714 1096 1777 1167 ι),
1819 1096 1877 1154 in
1908 1096 2033 1170 ipso
2060 1096 2468 1168 vesperarum
2500 1094 2696 1153 officio
2723 1095 3021 1152 elementa

772 1185 953 1237 antea
992 1185 1344 1238 consecrata
1393 1176 1864 1249 (προηγιασμένα)
1901 1184 2235 1251 proponunt
2288 1193 2360 1235 ac
2398 1182 2637 1235 sumunt
2673 1175 3018 1234 sacerdotes

773 1259 1022 1331 aliisque
1062 1259 1456 1319 distribuunt:
1498 1260 1586 1317 ita
1624 1264 1707 1331 ut,
1746 1259 1875 1316 sola
1915 1258 2361 1316 consecratione
2403 1263 2655 1330 excepta
2689 1257 3018 1328 ritibusque

769 1338 1053 1412 praeviis„
1107 1340 1326 1413 prioris
1366 1340 1649 1399 sacrificii
1688 1340 1770 1397 sit
1807 1339 1978 1412 quasi
2016 1339 2211 1412 imago
2264 1344 2327 1397 et
2364 1337 2630 1411 repetita
2667 1337 3013 1395 celebratio.

772 1420 952 1492 Quali
1007 1426 1203 1478 autem
1253 1438 1490 1494 precum
1533 1418 1727 1478 forma
1767 1420 1849 1477 sit
1897 1420 1957 1477 in
1994 1419 2104 1479 hoc
2143 1419 2425 1491 liturgiae
2480 1418 2799 1476 simulacro
2849 1421 3017 1474 uten-

772 1500 924 1570 dum,
965 1502 1327 1575 praescribit
1362 1501 1605 1575 propria
1634 1500 1941 1552 ἀκολουθία
1966 1504 2075 1553 τῶν
2101 1502 2562 1569 προηγιασμίνων
2599 1498 2688 1569 (sl
2708 1515 2810 1556 av.
2836 1499 3017 1568 poste-

769 1582 1020 1652 ‹loeanije
1044 1582 1811 1653 1ι·ι.ρνεὲᾱεοειζίοὲὲ.ἀοι-σω·
1837 1597 1921 1638 ru
1937 1599 1991 1638 m
2009 1599 2041 1638 e
2058 1598 2113 1638 n.
2140 1598 2402 1636 armat-ea
2423 1581 2502 1635 lit.
2524 1581 2574 1633 α’
2590 1578 3019 1651 Ρναεεαιιέιγῐεη)

772 1680 942 1735 quam
996 1663 1263 1736 reperies
1315 1663 1468 1722 notis
1522 1663 1889 1720 illustratam
1943 1661 2098 1735 apud
2154 1660 2373 1720 Goar.
2431 1661 2729 1730 Eucholoq.
2778 1676 2871 1733 pp.
2912 1660 3020 1717 175

770 1744 963 1813 -178,
1003 1761 1075 1802 ac
1112 1744 1336 1802 slavice
1377 1750 1440 1801 et
1476 1744 1820 1816 germanice
1859 1759 2096 1800 versam
2135 1741 2291 1815 apud
2331 1741 2719 1810 Maltzew‚
2758 1741 3016 1809 Dieqc'm·

769 1824 942 1877 lichen
981 1824 1293 1894 Litarqien,
1329 1841 1425 1897 pp.
1461 1824 1570 1882 318
1608 1840 1769 1895 seqq.
1786 1822 1848 1894 ²).

949 1903 1071 1962 Sed
1107 1922 1217 1963 nec
1255 1905 1466 1962 minori
1502 1904 1796 1977 religione
1833 1902 2061 1962 Graeci
2100 1902 2327 1975 antiqui
2356 1903 2612 1960 alteram
2640 1901 2813 1975 hujus
2840 1899 3014 1958 disci·

769 1985 973 2058 plinae
1011 1992 1245 2059 partem
1286 1987 1633 2055 servabant,
1674 1982 2159 2042 cousuetudinem
2199 1984 2471 2041 nimirum
2500 1984 2771 2049 sabbata,
2810 1981 3014 2041 Domi·

769 2065 936 2123 nicas
995 2072 1058 2124 et
1108 2068 1263 2125 diem
1316 2069 1416 2119 τοῦ
1465 2065 1874 2135 εὐαγγελισμοῦ
1930 2083 1962 2123 e
2015 2080 2255 2122 numero
2304 2063 2532 2121 dierum
2582 2064 3015 2134 ιέλειτουργητῶν

771 2145 1134 2219 excipiendi3
1192 2164 1324 2205 eam
1364 2148 1580 2222 quippe
1618 2148 1795 2205 firma
1831 2165 1908 2205 ss.
1946 2141 2201 2204 Patrum
2256 2145 2624 2204 auctoritate
2677 2145 3011 2204 stabilitam

771 2228 1175 2301 contemplati,
1214 2230 1289 2287 ab
1328 2246 1401 2286 ea
1438 2228 1719 2288 violanda
1756 2234 2073 2302 tantopere
2113 2226 2229 2284 sibi
2258 2232 2495 2285 cautum
2524 2244 2654 2286 esse
2679 2228 3012 2297 voluerunt,

770 2311 835 2364 ut
872 2307 934 2364 in
971 2308 1145 2366 libris
1183 2309 1482 2382 liturgicis
1523 2310 1705 2367 etiam
1747 2308 1823 2366 ad
1862 2309 2016 2367 hunc
2057 2308 2212 2365 diem
2253 2324 2535 2379 expresse
2575 2307 3013 2366 animadverte·

769 2387 909 2457 rint,
949 2388 1334 2447 omittendum
1373 2390 1593 2448 Missae
1645 2389 2003 2448 sacrificium
2045 2406 2157 2447 non
2197 2406 2345 2460 esse,
2396 2389 2492 2441 ἐοῖν
2530 2388 2673 2461 τύχῃ
2711 2387 2742 2440 ὁ
2782 2387 2996 2456 εὐαγγε-

769 2466 966 2537 λισμός
1002 2472 1066 2540 τῇ
1102 2468 1235 2537 ἁγίᾳ
1273 2474 1358 2521 καὶ
1396 2469 1611 2541 μεγάλῃ
1638 2474 1965 2542 παρασκευῇ.
2023 2470 2227 2542 Atque
2254 2469 2367 2527 huc
2394 2468 2547 2528 facit
2572 2486 2759 2527 canon
2783 2467 3011 2540 antiqui

768 2546 1131 2606 Kalendarii
1170 2550 1411 2623 syriaci,
1460 2567 1628 2622 quem
1669 2568 1741 2609 ex
1782 2548 2004 2609 Codice
2044 2550 2342 2610 Vaticano
2378 2551 2467 2609 37.
2509 2550 2871 2623 descriptum
2913 2550 3010 2608 de-

771 2628 961 2686 dimus
1000 2646 1180 2704 supra
1218 2650 1271 2705 p.
1314 2631 1431 2690 100.

947 2710 1170 2770 Verum
1211 2711 1437 2771 Graeci
1476 2713 1846 2771 recentiores
1882 2712 2334 2786 patriarchatus
2374 2711 2514 2784 GP„
2553 2713 3008 2771 occidentalium

770 2809 989 2850 morem
1006 2790 1052 2864 ⁸)
1092 2796 1312 2867 secuti,
1369 2796 1481 2853 hoc
1521 2812 1661 2853 casu
1701 2798 1792 2859 τοῖς
1831 2793 2201 2865 συμπτώσεως
2238 2798 2346 2846 τῶν
2383 2792 2583 2864 ἑορτῶν
2620 2811 3008 2867 parascevem

769 2889 1043 2945 magnam
1082 2874 1300 2934 Missae
1343 2876 1701 2954 celebritate
1739 2876 2001 2949 privant,
2053 2878 2153 2927 τοῦ
2190 2873 2598 2943 εὐαγγελισμοῦ
2633 2874 3007 2933 solemnitate

769 2953 845 3010 ad
883 2960 1116 3027 tempus
1167 2956 1452 3029 paschale
1507 2957 1810 3013 translata
1828 2956 1893 3027 ⁴).
1977 2955 2429 3015 Innovationem
2479 2955 2569 3012 ita
2618 2972 2691 3013 ex
2742 2954 3008 3013 Menaeis

767 3035 986 3107 probat
1021 3037 1253 3088 τυπικὸν
1291 3042 1414 3090 ΚΠ.
1455 3038 1597 3095 anni
1634 3037 1788 3102 1874,
1832 3054 1927 3110 pp.
1969 3036 2281 3095 148—149:

942 3143 1011 3192 Et
1049 3140 1213 3209 τύχοι
1251 3142 1282 3193 «ἲ
1322 3142 1718 3213 εὐαγγελισμὸς
1755 3146 1819 3214 τῇ
1856 3142 1945 3211 «ἔγ,
1983 3146 2071 3193 καὶ
2107 3163 2168 3212 μ.
2207 3160 2333 3212 παρ.
2361 3142 2391 3208 ἢ
2418 3147 2492 3211 τῷ
2514 3162 2642 3213 μεγ.
2680 3148 2821 3208 σαβ.,
2845 3163 3003 3215 μετα-

767 3222 981 3272 τίθεται
1018 3223 1106 3271 καὶ
1145 3223 1270 3288 ψαλ.
1311 3224 1408 3289 τήν
1434 3223 1585 3276 ἰδίαν
1612 3223 1819 3294 ἡμέραν
1856 3228 1955 3276 τοῦ
1981 3222 2190 3292 πάσχα.
2245 3222 2316 3275 ‘H
2333 3223 2439 3294 γάρ
2465 3222 2601 3292 α’γία
2626 3230 2726 3278 τοῦ
2758 3227 3009 3295 Χριστοῦ

769 3299 983 3368 μεγάλη
1019 3301 1281 3368 ἐκκλησία,
1333 3305 1437 3374 πρὸ
1476 3303 1595 3363 ἑνός
1633 3308 1827 3362 αἰῶνος
1876 3307 1963 3355 καὶ
2002 3304 2278 3366 ἐντεῦθεν,
2329 3303 2475 3374 mque*
2515 3309 2873 3375 πατριαρχῶν
2908 3304 3005 3375 ἀρ·

768 3383 950 3448 χαίων
1000 3383 1088 3432 καὶ
1141 3381 1441 3456 ἀρχιερέων
1490 3383 1561 3443 ὠς
1609 3383 2015 3455 παρελάβομεν,
2073 3387 2160 3435 καὶ
2208 3384 2509 3436 κατιδοῦσα
2558 3383 2657 3451 τήν
2693 3384 3006 3457 διαφωνίαν

765 3662 912 3715 nefas
950 3667 1163 3715 censent
1199 3662 1641 3728 antevertendum,
1680 3666 1739 3715 ut
1777 3663 1873 3731 ipsi
1911 3663 2144 3716 vidimus,

873 3790 879 3794 .
946 3740 989 3808 ²)
1030 3741 1155 3812 Ejus
1193 3742 1431 3796 editionis
1460 3742 1687 3795 rationes
1714 3742 2018 3812 explanatas
2046 3743 2191 3810 satis,
2230 3747 2289 3796 ut
2314 3743 2554 3810 arbitror,
2594 3742 2871 3812 diligenter
2894 3758 3002 3812 per-

765 3822 951 3891 spicies
1007 3823 1057 3875 in
1114 3823 1260 3876 Actis
1310 3821 1678 3891 Oenipontanis
1730 3823 2069 3892 „Zeitschrift
2130 3825 2214 3877 fiir
2263 3824 2408 3878 kath.
2459 3823 2792 3894 Theologie“‚
2850 3824 3000 3890 1894,

768 3919 850 3972 pp·
890 3904 996 4049 26⁸3)
1030 3919 1223 4038 &ictibus
1261 3983 1579 4038 Parasceves
1629 3989 1684 4038 et
1722 3984 1935 4038 Sabbati
1974 3986 2140 4040 sancti
2188 4002 2252 4039 ex
2288 3985 2548 4041 Romanae
2586 3986 2851 4042 Ecclesiae
2901 3993 3000 4042 tra·

765 4063 956 4118 ditione
1009 4063 1370 4118 Sacramenta
1411 4065 1639 4134 pem'tus
1686 4080 1792 4118 non
1843 4066 2146 4131 celebrari,
2202 4071 2432 4121 testatur
2480 4084 2522 4120 s.
2560 4066 3000 4122 Innocentius

764 4143 863 4198 ΡΡ.
902 4143 941 4198 Ι.
981 4146 1133 4214 epist.
1172 4145 1249 4198 ad
1282 4145 1507 4200 Decent.
1547 4146 1820 4216 anubin.
1862 4147 1995 4214 (24),
2035 4163 2078 4201 c.
2118 4147 2155 4200 4
2192 4147 2348 4216 (apud
2386 4147 2576 4217 Migne,
2614 4147 2758 4203 Patr.
2796 4149 2831 4203 1.
2858 4154 2897 4203 t.
2919 4150 2999 4215 20,

764 4240 847 4294 pp·
886 4226 992 4370 55(Ξ),
1027 4226 1320 4359 Ηῗτῗξξιοῐει
1355 4305 1655 4359 kalendaria
1692 4305 1743 4359 in
1776 4306 2139 4377 Hemerologio
2177 4324 2365 4376 graeco
2391 4308 2591 4363 Veneto
2617 4309 2735 4363 anni
2764 4311 2903 4366 1877
2939 4309 2999 4363 ad

763 4384 896 4438 diem
935 4386 1020 4439 25.
1059 4386 1232 4439 Martii
1289 4385 1582 4455 adscripta:
1640 4384 1721 4436 ‘H
1751 4386 2112 4456 χαρμόσυνος
2164 4386 2298 4453 αὕτη
2333 4387 2488 4458 ἑορτὴ
2524 4393 2884 4456 μετατίθεται
2929 4392 3000 4449 εἰς

764 4465 860 4527 τήν
895 4463 1250 4535 κυριώνυμον
1286 4463 1494 4536 ἡμέραν
1529 4470 1629 4519 τοῦ
1668 4465 1876 4534 πάσχα.
