3514 5391
843 524 949 579 720

891 1064 949 1129 30

889 1267 953 1874 §05292922-90

852 2217 953 2284 10.

858 2423 953 2489 11.

860 2629 958 2697 12.

862 2836 960 2903 13.

858 3042 958 3110 14.

856 3150 955 3215 15.

857 3258 956 3321 16.

858 3365 958 3431 17.

857 3572 958 3636 18.

857 3680 959 3742 19.

855 3982 961 4049 20.

1504 523 1681 579 Annus
1717 520 2098 579 ecclesiasticus
2135 519 2431 594 Coptorum.

2557 635 3085 644 ——-————-—-—

1660 819 1910 878 Paoni.
1990 821 2035 880 ,Ι
2043 820 2275 880 unius,

937 1008 948 1021 .
1022 955 1319 1021 Obdorm.
1370 975 1418 1023 s.
1471 953 1672 1040 Crispi
1720 975 1794 1020 ex
1847 956 1930 1019 72
1979 955 2319 1039 discipulis,

1025 1062 1290 1226 Martgr.
1341 1082 1390 1129 S.
1418 1062 1659 1130 Hilarii.
1695 1101 1781 1109 —-
1806 1062 2090 1128 Iuventio
2116 1063 2377 1128 ‚Ioannis
2403 1064 2721 1148 Baptistae
2769 1069 2832 1128 ct
2865 1062 3088 1127 Elisaei

1023 1181 1178 1245 prop
1231 1209 1246 1226 .
1302 1218 1307 1223 .
1410 1179 1415 1186 ·

1027 1267 1323 1334 Obdorm.
1373 1267 1659 1333 Marthae
1707 1268 2081 1352 poenitentis
2130 1268 2555 1355 aegyptiacae.

1028 1375 1294 1460 Martyr.
1344 1376 1660 1441 Ammonii
1711 1381 1775 1441 et
1821 1375 2110 1460 Sophiae.

1027 1483 1323 1549 Obdorm.
1374 1503 1424 1547 S.
1472 1482 1692 1548 Jacobi
1742 1483 2120 1549 confessoris
2169 1483 2314 1549 fidei
2363 1484 2478 1549 sub
2530 1483 2914 1550 Constantio.

1024 1591 1292 1676 Martyr.
1341 1610 1390 1655 s,
1442 1590 1753 1655 Theodori
1801 1590 2091 1656 monachi
2141 1590 2528 1657 alexandrini
2576 1590 2691 1656 sub
2733 1591 3001 1656 Arianis,

1026 1699 1288 1784 Martyr.
1340 1696 1728 1782 Ischyrionis
1778 1696 1991 1763 militis
2039 1698 2154 1762 sub
2207 1698 2608 1765 Diocletiano,

1026 1807 1264 1872 Oomm.
1315 1827 1365 1871 s,
1416 1805 1826 1890 Euphemiae.
1877 1843 1962 1852 —
2012 1805 2254 1872 Gomm.
2317 1806 2723 1872 dedicationis
2773 1805 3092 1870 Ecclesiae

1028 1906 1279 1990 virginis
1326 1903 1821 1989 Heliopolitanae
1871 1911 1935 1969 et
1980 1903 2171 1970 fontis
2223 1905 2570 1971 miraculosi
2598 1907 2668 1988 ¹).

1026 2013 1291 2098 Martyr.
1342 2011 1597 2076 Luciani
1646 2015 1708 2075 et
1754 2011 2064 2077 sociorum
2115 2013 2231 2076 sul)
2282 2012 2637 2078 Aureliano
2698 2050 2782 2059 --
2850 2011 3094 2074 Gomm.

1026 2110 1334 2176 Samuelis
1381 2108 1604 2194 proph.

1026 2217 1267 2285 Gomm.
1324 2217 1629 2283 libertatis
1691 2238 1804 2301 per
1861 2217 2335 2284 Constantinum
2402 2219 2536 2285 orbi
2591 2219 2884 2286 ‚universo
2948 2241 3091 2285 con-

1027 2336 1257 2382 cessae.
1310 2353 1395 2363 —-
1444 2315 1685 2383 Gomm.
1742 2315 2011 2401 Sophiae
2059 2320 2122 2381 et
2167 2317 2432 2383 filiarum
2486 2317 2620 2400 ejus
2667 2318 2902 2384 Trium.

1028 2422 1295 2507 Martyr.
1354 2442 1403 2489 s,
1456 2422 1690 2488 Claudii
1756 2423 2053 2508 principis
2114 2425 2229 2490 sub
2279 2424 2684 2491 Diocletiano.
2750 2467 2832 2473 ——
2899 2428 3090 2556 Dedi-

1027 2522 1187 2587 catio
1235 2520 1553 2587 Ecclesiae
1602 2520 1939 2587 Salvatoris
1987 2522 2420 2590 Alexandriae.

1034 2627 1274 2794 gemm.
1327 2650 1376 2697 s.
1408 2628 1733 2694 Michaelis
1785 2629 2162 2717 archangeli.
2215 2668 2296 2678 —
2349 2630 2882 2700 Oo1nm.s.Justi
2923 2631 3076 2698 Patr.

1028 2780 1051 2794 .
1113 2749 1207 2794 cx.

1038 2835 1304 2920 Mai-tyr.
1353 2855 1403 2902 s,
1456 2835 1684 2901 Luciae
1733 2836 1988 2921 virginis
2038 2835 2371 2902 Romanae.
2429 2874 2504 2884 —
2558 2837 2825 2923 Martyr.
2859 2839 3084 2923 Hippo·

1030 2935 1235 3012 cratis,
1285 2934 1564 3011 Joannis‚
1614 2933 1957 2999 Ptolomaei
2008 2942 2069 3000 et
2117 2933 2409 3019 Philippi.

1030 3041 1294 3127 Martyr.
1346 3062 1395 3109 s,
1445 3042 1886 3107 Potamioenae
1935 3048 1997 3107 et
2044 3043 2354 3119 sociorum
2404 3042 2538 3126 ejus
2585 3042 2702 3107 sub
2751 3043 2997 3109 Severo.

1029 3149 1351 3215 Dedicatio
1401 3149 1717 3214 Ecclesiae
1765 3169 1814 3215 s,
1865 3149 2135 3215 Mennae
2182 3151 2245 3214 in
2295 3146 2658 3215 Mareotide.

1031 3255 1327 3323 Obdorm.
1376 3277 1426 3324 s,
1477 3256 1780 3341 Onuphrii
1830 3256 2259 3324 anachoretae.

1034 3362 1273 3429 Oomm.
1324 3364 1644 3430 Snsannae
1706 3365 1963 3449 virginis
2025 3364 2341 3431 Romanae
2405 3366 2702 3451 martyris
2767 3366 2885 3431 sub
2951 3366 3084 3431 Dio·

1034 3462 1315 3530 cletianO.

1032 3569 1300 3655 Martyr.
1351 3591 1399 3636 s,
1450 3570 1691 3637 irenaei
1738 3590 1839 3655 ep.
1887 3571 2346 3657 Lugdunensis

1032 3677 1298 3763 Martyr.
1349 3678 1651 3745 Gallicani
1700 3678 1812 3743 viri
1862 3679 2205 3744 consularis
2251 3680 2366 3745 sub
2398 3678 2668 3745 Juliano.
2703 3708 2786 3725 ....
2827 3678 3080 3762 Martyr.

1033 3776 1248 3939 Pelsci‚
1312 3777 1498 3842 Anub
1567 3783 1629 3843 et
1688 3777 1998 3842 sociorum
2061 3779 2176 3843 sub
2239 3778 2471 3844 Ariano
2533 3778 2848 3861 praesecto
2911 3778 3081 3842 Lato·

1034 3895 1112 3959 po
1140 3895 1265 3940 eos,

1034 3981 1295 4067 Martyr.
1347 4003 1395 4049 s,
1448 3983 1734 4067 Basilidis
1781 3983 2204 4052 Alexandrini.

1044 4252 1080 4319 ¹)
1120 4250 1459 4321 Synaxarium
1496 4251 1906 4306 Dedicationem
1944 4252 2203 4307 eeclesiae
2239 4251 2522 4324 Deiparae
2562 4252 2801 4322 quinis
2835 4254 2890 4307 ite
2917 4252 3077 4307 Mam·

854 4348 1012 4399 raca,
1049 4335 1211 4385 extra
1249 4331 1460 4386 moenia
1502 4331 1762 4400 Calliroe,
1798 4335 2048 4401 enuntiat,
2087 4333 2170 4387 ubi
2199 4334 2312 4387 fons
2337 4350 2500 4403 aquae
2525 4332 2704 4403 dulcia,
2742 4350 2890 4404 quem
2914 4333 3076 4387 eadem

856 4413 1081 4482 Dcipara
1131 4428 1244 4465 cum
1283 4411 1385 4465 lilio
1440 4416 1494 4467 ct
1533 4429 1718 4482 sponso
1756 4430 1818 4467 ex
1858 4415 2097 4485 Aegypto
2151 4415 2200 4467 in
2238 4414 2486 4469 Judaeam
2539 4430 2810 4468 reversura
2849 4414 3073 4468 divinitus

856 4492 1090 4546 elicuisse
1128 4492 1441 4561 perhibetur.
