3514 5391
880 555 986 612 382

881 767 1000 816 σου,
1039 756 1254 823 Σῶτερ,
1304 749 1647 814 ἀνάπαυσον,
1701 750 1951 821 φύλαξον

882 833 1051 900 αὐτην
1100 837 1176 892 εἰς
1224 832 1324 898 τήν
1360 835 1638 903 μακαρίαν
1674 831 1818 897 ζωὴν
1853 831 1952 896 τὴν

880 914 1026 984 παρά
1054 927 1177 976 σου,
1204 912 1564 983 φιλάνθρωπε
1594 952 1605 963 .
1638 957 1648 966 .
1679 956 1692 968 .
1730 911 1787 965 Ὁ
1816 911 1952 969 Θεὸς

882 999 990 1049 τῶν
1026 994 1359 1064 πνευμάτων
1395 996 1482 1045 καὶ
1522 991 1698 1059 πάσης
1734 991 1948 1088 σαρκόμς

880 1073 911 1127 o‘
950 1074 1049 1128 τόν
1089 1073 1337 1127 θάνατον
1390 1071 1796 1139 καταπατήσας,
1852 1071 1952 1124 τόν

882 1155 940 1208 δὲ
976 1154 1239 1220 διάβολον
1287 1152 1628 1225 καταργήσας
1673 1155 1764 1205 καὶ
1809 1152 1951 1216 ζωήν

883 1239 956 1304 τῷ
991 1228 1182 1305 κόσμῳ
1217 1250 1320 1288 σου
1345 1232 1750 1305 δωρησάμενος,
1790 1231 1954 1290 αὐτὸς

884 1315 1053 1386 Κύριε
1100 1314 1429 1368 ἀνάπαυσον
1477 1313 1574 1380 τῆν
1613 1311 1807 1383 ψυχὴν
1852 1315 1952 1365 τοῦ

879 1399 1277 1466 κεκοιμημένον
1328 1393 1533 1447 δούλου
1579 1409 1710 1454 σου,
1768 1392 1953 1460 τοῦδε,

879 1478 938 1530 ἐν
975 1476 1124 1543 τόπῳ
1149 1478 1416 1545 φωτεινῷ,
1455 1475 1513 1527 ἐν
1549 1472 1696 1539 τόπῳ
1720 1474 1951 1544 χλοερῷ,

879 1558 939 1611 ἐν
975 1555 1124 1622 τόπῳ
1160 1554 1505 1622 ἀναψύξεως,
1557 1554 1697 1607 ἔνθα
1743 1552 1953 1624 ἀπέδρα

881 1636 1080 1703 ὀδύνη,
1131 1634 1275 1702 λύπη
1325 1638 1414 1687 καὶ
1461 1632 1789 1703 στεναγμός·
1838 1639 1952 1687 πᾶν

879 1716 1181 1789 ἁμάρτημα
1218 1716 1282 1768 τό
1319 1713 1445 1786 παρ’
1485 1714 1658 1767 αὐτοῦ
1692 1714 1952 1784 πραχθὲν

881 1798 939 1852 ἐν
974 1797 1121 1866 λόγῳ
1157 1797 1189 1864 ἢ
1221 1797 1362 1868 ἔργῳ
1398 1795 1431 1861 ἢ
1456 1794 1681 1863 διανοίᾳ
1715 1794 1788 1854 ὠς
1810 1795 1950 1863 dya-

881 1877 984 1938 θός
1032 1882 1122 1929 καὶ
1178 1876 1572 1947 φιλάνθρωπος
1627 1875 1767 1934 Θεὸς
1819 1890 1950 1943 συγ-

882 1958 1156 2029 χώρησον.

1591 553 1753 608 Festa
1788 553 1996 609 mobilia
2033 557 2153 623 post
2188 550 2405 608 Pascha.

2591 660 3116 670 ——ffl

2058 756 2173 819 tor,
2210 748 2310 808 fac
2350 750 2683 821 quiescere,
2740 748 3025 821 illamque
3062 747 3121 804 in

2057 832 2297 888 beatam
2319 830 2507 888 vitam
2534 845 2684 902 quae
2713 827 2871 900 apud
2898 825 2986 885 Te
3014 834 3120 892 est,

2059 911 2331 980 benig-ne,
2359 910 2590 968 custodi
2620 950 2632 964 .
2664 954 2676 965 .
2709 954 2720 965 .
2760 907 2930 966 Deus
2956 906 3124 981 spiri·

2058 987 2221 1048 tuum
2244 990 2545 1063 omnisque
2567 989 2782 1058 carnia,
2817 988 2918 1061 qui
2938 989 3123 1045 morte

2061 1071 2412 1130 conculcata
2438 1075 2500 1128 et
2515 1069 2750 1128 diabolo
2778 1069 3017 1126 devicto
3043 1067 3125 1127 vi²

2060 1156 2184 1208 tam
2212 1150 2423 1208 mundo
2449 1150 2706 1222 largitus
2732 1165 2817 1219 ea,
2857 1149 2984 1222 ipse
3005 1147 3127 1206 Do·

2060 1229 2353 1302 mine,·fac
2368 1230 2674 1303 quiescere
2692 1230 2953 1287 animam
2968 1229 3127 1288 servi

2004 1375 2010 1386 ,
2060 1312 2151 1370 tui
2189 1308 2456 1370 defuncti
2507 1311 2568 1368 in
2620 1311 2747 1368 loco
2793 1308 3010 1380 lucido,
3067 1309 3127 1366 in

2059 1393 2187 1451 loco
2226 1407 2487 1463 amoeno,
2534 1392 2594 1449 in
2631 1391 2760 1449 loco
2798 1388 3127 1463 refrigerii,

2059 1473 2161 1531 ubi
2189 1472 2372 1544 dolor,
2413 1487 2700 1531 aerumna
2728 1477 2791 1529 et
2807 1470 3128 1544 suspirium

2061 1549 2338 1625 aufugit„
2390 1550 2577 1611 Omne
2627 1556 2939 1627 peccatum
3000 1551 3129 1608 sive

2061 1634 2244 1692 verbo
2303 1633 2431 1692 sive
2481 1648 2660 1705 opere
2718 1632 2845 1690 sive
2902 1632 3131 1704 cogita·

2062 1714 2224 1772 tione
2276 1714 2351 1780 ab
2403 1715 2531 1788 ipso
2569 1713 2969 1784 commissum,
3021 1710 3132 1781 Tu,

2059 1794 2348 1867 benignus
2389 1810 2460 1852 ac
2498 1793 2759 1852 clemens
2796 1791 2987 1865 Deus,
3041 1810 3132 1850 re·

2059 1874 2250 1935 mitte.

1067 2072 1189 2132 Sed
1242 2073 1428 2147 ipsam
1480 2072 1821 2125 ιέκολιυθίαν
1869 2076 1970 2125 τοῦ
2007 2071 2407 2137 ἔξοόιαστικοῦ,
2465 2072 2703 2143 officium
2750 2072 3137 2142 exequiarum,

882 2155 1155 2213 consulas
1177 2152 1239 2225 ¹),
1265 2153 1368 2211 ubi
1386 2149 1677 2226 plurimae
1698 2151 2032 2224 hujusmodi
2052 2153 2354 2210 orationes
2375 2158 2709 2224 occurrunt,
2735 2168 2886 2225 quae
2912 2151 3138 2225 dogma·

883 2234 1236 2294 catholicum
1277 2233 1350 2291 de
1388 2232 1735 2307 purgatorio
1773 2233 1889 2289 rite
1929 2232 2297 2291 intellectum
2336 2232 2698 2306 suppositum
2736 2232 2985 2290 habent.
3052 2261 3095 2298 υ,

1059 2315 1161 2373 Ad
1200 2313 1463 2386 eiusdem
1502 2313 1782 2371 veritatis
1821 2329 2084 2370 normam
2127 2313 2308 2371 etiam
2337 2312 2569 2383 μερίδας
2604 2328 2709 2370 seu
2722 2311 3089 2383 particulas·
3072 2329 3132 2369 111

882 2395 1071 2453 sacris
1110 2394 1371 2467 liturgiis
1408 2395 1469 2451 in
1504 2400 1876 2453 antecessum
1904 2393 2119 2452 offerre
2158 2411 2230 2452 ac
2249 2393 2426 2465 Juxta
2452 2398 2719 2452 sanctum
2749 2410 2965 2466 panem
2998 2410 3133 2451 con·

881 2475 1229 2534 sectandum
1270 2490 1488 2549 ponere
1527 2474 1723 2533 solent
1740 2473 1803 2547 2),
1844 2480 1912 2533 ut
1937 2475 2118 2533 etiam
2148 2476 2461 2532 confirmat
2486 2472 2814 2533 Gabriel
2853 2473 3043 2533 Phil
3064 2490 3132 2531 a·

882 2556 1364 2629 delphiensis
1405 2555 1463 2613 in
1501 2555 1738 2629 proprio
1778 2556 2055 2629 opusculo
2092 2558 2216 2625 περὶ
2254 2560 2363 2607 τῶν
2400 2555 2648 2625 μερίδων
2683 2553 2776 2611 his
2815 2554 3060 2612 verbis:

956 2664 1075 2716 Ἔτι
1094 2667 1475 2736 προςφέρομεν
1495 2664 1661 2724 αὐτός
1684 2663 1822 2736 ὑπὲρ
1842 2669 1951 2719 τῶν

880 2746 939 2800 ἐν
957 2749 1206 2815 ’Χριστῷ
1242 2750 1654 2817 κεκοιμημένων
1703 2750 1951 2817 πατέρων

881 2830 968 2879 καὶ
1007 2826 1265 2898 ἀδελφῶν
1300 2825 1457 2897 ἡμῶν
1507 2830 1597 2879 καὶ
1634 2828 1816 2899 φίλων
1862 2830 1952 2878 καὶ

883 2911 1182 2976 συγγενῶν·
1239 2905 1301 2959 τό
1352 2905 1410 2960 δὲ
1460 2908 1633 2970 τὲλος,
1690 2909 1783 2959 ἵνα
1820 2906 1950 2979 τάξῃ

886 2986 982 3047 τοῖς
1020 2987 1211 3058 ψυχας
1248 2986 1427 3040 αὐτῶν
1465 2986 1495 3039 ὁ
1525 2986 1728 3058 Κύριος
1764 2987 1823 3041 ἐν
1858 2986 1952 3038 τό·-

1158 3134 1308 3141 -.-.-.-

2163 2664 2369 2723 Etiam
2396 2663 2536 2722 illas
2553 2662 2886 2722 offerrimus
2906 2679 3021 2736 pro
3038 2662 3131 2733 iis,

2060 2745 2158 2819 qui
2185 2745 2247 2806 iu
2267 2743 2507 2804 Christo
2534 2744 3003 2805 obdormierunt,
3031 2759 3134 2818 pa·

2059 2826 2255 2884 tribus
2308 2831 2371 2884 et
2418 2823 2712 2884 fratribus
2763 2823 3017 2890 nostriS‚
3070 2830 3134 2883 et

2062 2906 2268 2966 amicis
2307 2912 2371 2964 et
2408 2905 2710 2978 cognatis:
2747 2904 2884 2962 finis
2923 2910 3132 2963 autem

2064 2993 2174 3057 est,
2211 2993 2279 3044 ut
2315 2985 2605 3045 Dominus
2630 2985 2867 3043 illorum
2894 2985 3142 3043 animas·

1064 3217 1106 3286 ²)
1145 3220 1294 3289 Apud
1332 3218 1521 3273 Goar.
1561 3218 1788 3279 Eucbol.
1827 3235 1910 3288 pp.
1947 3194 2315 3289 423 seqqf⁸

1062 3298 1106 3367 ¹)
1147 3299 1426 3370 Postquam
1476 3298 1717 3353 sacerdos
1772 3299 1839 3353 ad
1886 3300 2151 3369 prothesin
2202 3303 2349 3353 stans
2404 3296 2666 3352 benedixit
2719 3312 2903 3366 panem
2956 3298 3130 3368 (cnjus

881 3377 1167 3450 σφραγῖδα
1217 3379 1326 3433 si‘ve
1364 3392 1653 3448 supremam
1691 3385 1892 3449 partem
1931 3380 2194 3448 signaculo
2246 3380 2549 3448 impressam
2585 3379 2637 3430 in
2675 3377 2853 3446 patina
2888 3377 3129 3444 collocat,

883 3465 1064 3531 postea
1101 3460 1152 3514 in
1189 3464 1372 3529 corpus
1409 3458 1603 3513 Christi
1642 3460 2082 3528 consecrandam),
2120 3460 2185 3513 ad
2216 3458 2615 3514 benedicendum
2652 3458 2829 3512 decem
2856 3457 3129 3526 particulis

882 3542 964 3595 vel
1001 3557 1064 3596 ex
1090 3540 1268 3609 eodem
1304 3555 1434 3610 pane
1471 3540 1554 3594 vel
1582 3556 1645 3594 ex
1671 3541 1806 3607 aliis,
1844 3555 1970 3611 quos
1995 3541 2212 3610 populus
2247 3540 2493 3595 obtulerit
2532 3536 2870 3608 (προςφοράς
2894 3543 3127 3605 vocant),

881 3621 1163 3692 desumptis
1201 3636 1316 3675 sese
1354 3620 1596 3690 accingit.
1669 3620 1864 3675 Decem
1901 3621 1997 3675 hae
2033 3619 2255 3690 μερίδες
2290 3636 2382 3675 seu
2405 3620 2722 3690 particulae
2757 3635 2914 3688 penes
2939 3634 3127 3688 panem

881 3701 1279 3764 consecrandum
1314 3706 1571 3770 ponuntur
1604 3702 1658 3756 in
1692 3702 1939 3756 honorem
1974 3701 2034 3756 Β.
2074 3702 2221 3772 Virg.
2259 3702 2470 3769 Mariae,
2510 3718 2553 3755 s.
2578 3701 2793 3757 Joannis
2829 3700 3126 3770 Baptistae,

881 3799 950 3835 ss·
989 3780 1367 3850 Apostolorum,
1405 3782 1718 3851 quorundam
1755 3782 2079 3836 orientalium
2117 3782 2563 3837 celeberrimorum
2600 3782 2908 3847 antistitum,
2947 3797 2990 3834 s,
3012 3779 3125 3834 Ste-

882 3863 1031 3932 phani
1082 3860 1486 3932 Protomartyris
1535 3863 1851 3933 aliorumque
1899 3879 2026 3933 quos
2076 3863 2309 3917 nominat
2344 3861 2581 3916 Divinae
2616 3861 2912 3931 Lituryiae
2948 3860 3085 3915 ordo
3100 3875 3125 3927 ,-

881 3943 1097 4013 denique
1135 3941 1452 3996 benedicitur
1485 3947 1675 4013 μερίς,
1724 3959 1855 4015 quae
1903 3960 2004 3997 non
2053 3944 2218 3998 solum
2263 3942 2623 4013 propitiatoria
2674 3947 2730 3996 et
2765 3941 3125 4012 impetratoria

882 4028 964 4076 est
1004 4037 1095 4092 pro
1132 4022 1373 4076 universo
1409 4023 1584 4078 ordine
1620 4023 1957 4093 hierarchice,
1995 4040 2086 4095 pro
2124 4023 2538 4078 benefactoribus
2575 4030 2631 4076 et
2667 4022 2846 4076 amicis
2869 4022 3123 4077 omnibus·

881 4116 985 4173 que·
1013 4101 1321 4169 viventibus,
1360 4103 1451 4156 sed
1488 4104 1646 4158 etiam
1671 4104 1914 4170 ἱλαστικῆ
1941 4121 2033 4159 seu
2062 4103 2376 4174 expiatoria
2400 4119 2493 4173 pro
2518 4103 2753 4167 mor-tuiz,
2791 4101 3122 4171 offeruit-que,

882 4188 940 4239 ut
976 4181 1141 4237 oratio
1178 4183 1419 4253 liturgica
1456 4184 1628 4249 habet,
1679 4185 1734 4239 in
1773 4185 2091 4239 memoriam
2129 4188 2182 4239 et
2206 4187 2553 4255 peccatorum
2590 4182 2969 4237 remissionem
3016 4197 3123 4235 οιιι-

881 4265 1027 4319 m'um
1066 4263 1462 4333 defunctorum,
1499 4265 1595 4334 qui
1628 4265 1683 4319 in
1727 4265 1945 4320 Christo
1986 4266 2086 4320 sub
2123 4282 2219 4335 spe
2256 4265 2398 4320 vitae
2432 4268 2695 4319 aeternae
2718 4261 3125 4317 obdormierant

880 4344 1042 4415 (ὑπὲρ
1077 4342 1297 4413 μνήμης
1344 4348 1440 4395 καί
1472 4343 1716 4415 ἀφέσεως
1760 4350 1869 4398 τῶν
1905 4344 2192 4417 ἁμαρτιῶν
2231 4387 2242 4399 .
2284 4390 2296 4402 .
2339 4385 2349 4396 .
2389 4343 2613 4397 πάντων
2667 4346 2776 4396 τῶν
2824 4342 2904 4395 ἐπ’
2942 4340 3118 4394 ἐλπίδι

880 4423 1225 4482 ἀναστάσεως
1259 4425 1393 4487 ζωῆς
1428 4427 1656 4478 αἰωνίου
1692 4428 1757 4497 τῇ
1794 4429 1861 4498 σῇ
1898 4425 2206 4496 (Χριστοῦ)
2243 4428 2503 4491 κοινωνίᾳ
2527 4425 2936 4493 κεκοιμημένων
2960 4425 3122 4476 πατέ-

882 4524 993 4577 ρων
1029 4508 1117 4556 καὶ
1153 4503 1414 4574 α’δελφῶν
1450 4503 1649 4575 ἡμῶν).
