3514 5391
798 488 1073 561 Ἐβδομάς
1105 491 1249 562 pern?
1286 492 1387 557 τήν
1424 499 1588 552 Hem.
1642 493 1786 549 Infra
1822 493 2004 551 Octav.
2042 496 2238 551 Pe'ntec

410 599 850 609 *—

626 751 630 755 ’
675 798 1368 862 HAPAPTHMA
1424 799 2240 888 ΠΕΝΤΗΚΟΣΤΑΡΙ.

876 928 985 987 Ex
1023 944 1199 989 msc.
1236 927 1666 989 Kalendariis
1706 927 2175 1006 orientalibus,

933 1074 1423 1132 0Hebdomas
1475 1076 2070 1148 pentecostaliS.

583 1198 837 1271 Antiqui
878 1198 1111 1257 codices
1149 1198 1418 1272 Syriaci,
1476 1217 1549 1257 ex
1598 1200 1837 1258 scriniis
1889 1201 2187 1260 vaticanis
2238 1226 2240 1258 1

402 1278 668 1351 adducti,
706 1278 787 1336 ad
820 1278 998 1337 finem
1037 1279 1256 1337 mensis
1294 1279 1459 1352 Maji,
1497 1281 1805 1353 praesenti
1843 1281 1981 1340 huic
2018 1282 2240 1340 hebdom

401 1359 763 1418 morationes
801 1359 1088 1432 tribuunt,
1128 1376 1278 1432 qnae
1318 1366 1671 1432 sequuntur:

580 1465 703 1525 Die
741 1465 1148 1526 Pentecostes.
1230 1467 1416 1522 Obitus
1452 1485 1498 1521 s.
1538 1470 1797 1523 Aut-onis.

398 1556 590 1615 Feria
659 1553 744 1615 II.
784 1562 917 1630 post
936 1556 1184 1615 Pentec.
1224 1556 1281 1611 S.
1308 1558 1498 1611 Aaron
1525 1557 1793 1612 adversus
1830 1558 2089 1613 invidiam
2128 1562 2182 1612 et
2203 1574 2240 1611 m

781 1638 1000 1709 (Akron
1037 1637 1207 1691 metul
1239 1637 1481 1693 ch’sdmd
1518 1636 1716 1693 o'‘aind
1753 1638 1939 1709 bisin).

397 1718 588 1776 Feria
626 1717 746 1776 ῙΠ.
785 1724 919 1792 post
954 1716 1201 1776 Pentec.
1243 1717 1493 1787 Apostoli
1526 1718 1891 1790 aedificarunt
1928 1719 2225 1773 ecclesiam.

396 1797 586 1856 Feria
624 1796 733 1856 IV.
781 1803 914 1870 post
948 1796 1124 1855 Pent.
1198 1798 1578 1867 Baptiearnnt
1626 1798 1930 1869 Deiparam
1952 1797 2024 1870 ¹),
2077 1803 2133 1854 et
2178 1800 2240 1853 ob

779 1879 1017 1947 primum
1056 1878 1403 1950 sacrificinm.

397 1955 589 2015 Feria
627 1956 735 2016 VI.
776 1964 912 2030 post
946 1958 1121 2017 Pent.
1196 1959 1599 2029 Apostolorum,
1650 1975 1790 2028 qaae
1828 1963 2049 2015 vocatur
2087 1961 2240 2018 aum⁴

783 2038 1030 2092 dasliclte‘
1062 2037 1394 2109 d'metqarjci
1428 2038 1709 2107 d'dahbei).

1069 2199 1351 2257 Mensis
1390 2202 1982 2274 pentecostaliS.

581 2321 811 2381 Eodem
851 2340 1053 2381 mense
1091 2325 1493 2398 pentecostali
1530 2324 1913 2383 Kalendaria
1951 2326 2192 2398 syriaca
2229 2343 2240 2383 ι

399 2403 558 2461 alias
600 2404 1185 2462 commemorationes
1223 2402 1479 2463 festivas
1516 2403 1808 2476 referunt,
1848 2422 1880 2462 e
1920 2405 2127 2478 quibus
2166 2421 2240 2477 qu

397 2483 540 2555 quid
592 2483 655 2541 in
706 2483 917 2543 literas
966 2484 1407 2557 heortologicas
1458 2484 1723 2543 derivari
1774 2486 1990 2558 possit,
2046 2486 2240 2558 praeci

398 2562 659 2622 medium
684 2562 1074 2636 proferendas
1102 2580 1439 2636 censemns;
1477 2564 1875 2637 inexplicatas
1902 2570 2121 2635 tamen,
2154 2571 2224 2623 nt

401 2642 573 2714 diosi,
615 2643 1039 2718 antiquitatum
1078 2645 1375 2704 ecclesiae
1414 2646 1690 2719 syriacae
1718 2645 1930 2720 cupidi,
1969 2646 2240 2717 habeant.

401 2721 615 2782 demiis
654 2731 1065 2785 exerceantur.

437 2832 486 2887 l.
516 2830 682 2902 Maji.
722 2831 1043 2887 Hieremiae
1065 2834 1267 2904 proph.
1309 2864 1370 2872 —
1413 2834 1471 2888 S.
1491 2834 1791 2894 Marathae
1833 2834 2173 2904 Tayritensis
2210 2833 2240 2905 (j

724 2911 878 2984 tani)
902 2929 1015 2984 pro
1038 2930 1345 2984 puerorum
1381 2918 1564 2984 raptu.
1607 2946 1667 2951 —
1708 2915 1884 2969 Mos-is
1906 2915 2104 2984 proph.
2144 2918 2200 2969 et
2220 2947 2240 2969 A

724 2993 1017 3048 Eudoxiae
1061 2998 1224 3049 mart.
1283 3026 1346 3032 —
1406 2993 1465 3048 S.
1511 2994 1805 3049 Michaelis
1859 2998 1913 3049 et
1961 2995 2177 3049 sororis
2226 3013 2240 3047 ε

722 3074 1135 3128 meridionalem
1171 3075 1424 3141 Met-dae,
1462 3078 1517 3128 et
1550 3078 1772 3129 vocatur
1804 3075 2108 3132 coenobium
2128 3075 2240 3129 'coln

723 3172 769 3209 s.
807 3154 1043 3209 Joannis
1082 3155 1369 3225 Caphonae
1405 3170 1577 3227 snpra
1616 3155 1751 3208 Zas‘.

433 3235 487 3293 2.
518 3234 684 3307 Maji.
729 3235 917 3289 Obitus
952 3236 1070 3289 Noe
1092 3237 1245 3305 justi
1256 3251 1281 3303 ,·
1327 3235 1465 3289 vixit
1514 3232 1660 3304 (an.)
1698 3235 1828 3288 950.
1882 3265 1945 3272 —
2005 3235 2063 3289 S.
2103 3234 2240 3288 Dan.

724 3317 912 3369 contra
952 3315 1244 3370 daemones
1281 3319 1336 3370 et
1347 3315 1575 3386 febrim.
1615 3346 1680 3353 —
1720 3315 1800 3369 Et
1832 3331 1880 3369 s.
1901 3315 2240 3369 Achndemae

725 3398 1017 3450 coronatus
1053 3399 1138 3450 est
1172 3412 1260 3449 an.
1298 3396 1435 3462 880,
1486 3398 1671 3465 estque
1695 3411 1845 3465 puer
1880 3395 1974 3448 ille
1988 3435 2004 3460 ,
2056 3411 2209 3463 quem

724 3474 1007 3531 suscitavit
1041 3492 1076 3528 a
1112 3475 1360 3530 morinis.

435 3557 488 3613 3.
513 3554 681 3628 Maji.
722 3555 779 3612 S.
819 3554 1082 3610 Sabbatii.
1124 3586 1189 3593 ——
1242 3556 1322 3609 Et
1353 3573 1399 3610 s.
1438 3555 1619 3609 Sabae
1657 3554 1876 3609 Juliani
1921 3558 1977 3609 et
2011 3555 2232 3608 Hamae

727 3635 1029 3690 Thimothei
1063 3638 1116 3690 et
1151 3635 1407 3689 Maurae.
1449 3667 1511 3673 —
1554 3635 1633 3690 Et
1657 3633 2021 3689 Sebastianae
2045 3637 2209 3689 mart.

722 3716 918 3785 Maqni
951 3733 1031 3786 ep.
1070 3716 1376 3785 Alexandr.

435 3797 486 3854 4.
513 3796 676 3868 Maji.
717 3796 1095 3851 Flet-imorum
1132 3800 1456 3867 martyrum.
1498 3827 1561 3834 —
1603 3796 1681 3850 Et
1718 3795 1996 3850 Eleazari
2029 3794 2240 3849 Hebsen

438 3876 489 3934 5.
514 3876 681 3948 Maji.
721 3875 823 3930 SS.
858 3877 1063 3931 Irenae
1100 3881 1156 3931 et
1189 3877 1413 3932 Leontii
1445 3880 1772 3947 martyram.
1813 3907 1877 3914 -·
1932 3877 2011 3930 Et
2049 3876 2240 3945 Gajana

725 3956 990 4026 Pelayiae
1024 3961 1348 4027 martyr-nm.
1388 3987 1454 3998 —
1496 3956 1599 4011 SS.
1643 3957 1857 4011 Turbae
1905 3960 1960 4011 et
1994 3956 2240 4009 Malcdasa

725 4036 993 4091 Simeonis
1016 4037 1284 4105 catholici,
1322 4042 1375 4091 et
1397 4037 1831 4093 sanctimonialis
1856 4052 2048 4091 earnm
2076 4036 2240 4090 ancill

406 4148 504 4154 μ..-
523 4149 638 4155 ,.....-
660 4150 706 4154 4,-
736 4148 830 4156 .-..,-

586 4206 630 4273 ¹)
671 4207 777 4261 Cur
812 4207 869 4262 B.
908 4207 971 4261 V.
1009 4207 1077 4262 Μ.
1129 4206 1437 4277 baptismum
1490 4207 1781 4277 suscepisse
1832 4206 2104 4272 credatur,
2162 4221 2240 4258 mu

401 4286 644 4340 doctores
682 4287 826 4340 citati
864 4289 927 4344 ab
965 4287 1315 4356 Holweck‚
1354 4287 1517 4342 Fasti
1548 4287 1819 4353 Mariani,
1857 4302 1940 4357 pp.
1980 4285 2240 4340 344—34!

584 4364 630 4433 ²)
670 4364 752 4418 Ita
787 4370 1015 4433 vocatur,
1054 4367 1186 4436 quod
1223 4384 1285 4421 eo
1322 4367 1403 4421 die
1441 4367 1691 4421 recitetur
1727 4383 1839 4436 cap.
1875 4368 1925 4420 3.
1965 4366 2080 4419 Act.
2110 4365 2240 4432 Apos

402 4446 586 4500 claudo
625 4445 815 4498 dixisse
851 4447 1069 4513 legitur:
1110 4447 1407 4516 Atyentnm
1446 4451 1500 4500 et
1535 4463 1731 4500 aarum
1771 4461 1873 4500 non
1915 4450 1997 4499 est
2030 4444 2182 4499 milti.
