3514 5391
835 526 1118 599 *Εβδομιὶς
1152 528 1294 598 μετὰ
1334 529 1434 595 τήν
1479 534 1637 587 Hem.
1688 529 1831 585 Infra
1869 528 2051 585 Octav.
2089 531 2298 585 Pentec.

456 726 798 785 morationes
840 727 1218 801 conceptivas
1246 727 1515 800 superius
1536 726 1662 799 ,iam
1691 727 1990 787 indicatas
2025 744 2120 803 pp.
2139 728 2249 787 334
2287 735 2344 788 et

455 806 569 864 alia
602 808 749 865 haec
788 806 952 866 festa
989 808 1331 879 assignant:

450 914 812 974 Hebdomad.
850 915 903 973 2.
941 920 1075 989 post
1111 915 1367 974 Pascha.
1406 914 1595 973 Feria
1632 915 1706 974 V.
1745 916 1804 971 S.
1845 916 2010 970 Petri
2045 918 2305 987 Apostoli.

450 993 812 1054 Hebdomad.
850 996 901 1053 3
942 1000 1075 1068 post
1110 994 1368 1054 Pascha.
1406 996 1593 1054 Feria
1631 995 1703 1055 V.
1744 997 1802 1051 S.
1842 997 2076 1052 Joannis
2112 998 2344 1068 Eeanye.

448 1074 812 1134 Hebdomad.
850 1076 903 1134 4.
953 1083 1086 1149 post
1122 1075 1378 1134 Pascha.
1442 1077 1630 1135 Feria
1666 1076 1778 1136 IV.
1835 1077 2173 1132 celebramus
2210 1081 2344 1149 festa

756 1158 1127 1224 Pentecoste-s,
1165 1164 1228 1215 et
1262 1157 1451 1215 Feria
1488 1157 1563 1216 V.
1602 1157 1661 1212 S.
1700 1158 1885 1214 Pauli.

444 1234 606 1294 Dom.
644 1238 694 1295 4.
734 1244 875 1311 post
913 1236 1165 1295 Pascha.
1204 1238 1261 1293 S.
1300 1239 1477 1293 Jonae
1513 1238 1570 1293 iu
1608 1242 1766 1293 terra
1804 1239 2017 1294 Bedlis.

443 1316 814 1377 Hebdomad.
851 1319 904 1377 6.
940 1316 1129 1376 Feria
1166 1317 1239 1376 V.
1280 1318 1501 1373 Festum
1542 1319 1911 1374 Ascensionis.

442 1396 808 1456 Hebdomad.
830 1400 880 1457 7.
918 1397 1106 1457 Feria
1133 1399 1206 1458 V.
1248 1399 1306 1454 S.
1328 1400 1646 1454 Barsumae
1666 1416 1746 1470 ep.
1780 1403 1834 1454 e!
1856 1402 2020 1453 mart.
2053 1399 2108 1453 in
2128 1401 2344 1453 monast

439 1474 605 1536 Dom.
644 1479 693 1536 l.
733 1478 903 1551 Maji.
942 1479 1001 1534 S.
1040 1480 1261 1534 Lazari
1294 1480 1648 1535 Hebsenosae
1669 1479 1727 1549 ¹).

440 1555 638 1616 Prima
676 1558 870 1618 Faria
907 1558 1017 1619 VI.
1056 1559 1203 1630 Maii
1242 1560 1299 1615 S.
1339 1561 1656 1616 Barbarae.

606 1758 943 1848 Jejunium
989 1770 1259 1845 quatuor
1305 1770 1651 1847 temporum
1696 1761 1978 1825 aestatis.

605 1883 814 1949 Feriis
867 1883 978 1959 IV,
1047 1894 1109 1950 et
1170 1884 1273 1952 VI.
1343 1890 1403 1950 et
1470 1886 1729 1952 sabbato
1794 1884 2208 1950 hebdomadis
2271 1882 2344 1948 Ρ(

425 1980 656 2063 jejunia
703 1982 942 2047 aestiva
984 1989 1250 2067 quatuor
1295 1989 1646 2068 temporum
1696 1983 2105 2049 celebramus,

605 2088 828 2154 Refert
873 2108 923 2155 s,
971 2088 1337 2155 Isidorus
1386 2090 1943 2175 Hispalensis,
1993 2090 2071 2153 de
2110 2087 2344 2154 ecclesi«

413 2184 605 2270 ficiis,
655 2187 697 2254 l.
754 2189 811 2262 1,
863 2208 915 2255 c.
966 2187 1050 2254 38
1075 2188 1159 2272 ¹),
1223 2188 1527 2254 aestivum
1588 2194 1854 2273 quatuor
1898 2194 2250 2275 temporum
2298 2188 2344 2274 je

430 2285 637 2351 multis
707 2291 851 2352 ante
912 2286 1357 2365 Pentecosten,
1426 2289 1792 2353 auctoritate
1853 2286 2209 2373 Evangelii,
2279 2286 2344 2352 ok

429 2384 654 2464 fuisse,
719 2386 873 2451 illud
920 2386 1171 2451 Domini
1219 2386 1641 2451 testimonium
1692 2386 1975 2451 Matth.
2026 2389 2088 2467 9,
2143 2385 2242 2451 15.
2309 2405 2344 2449 a

427 2483 912 2568 accipientibus:
978 2484 1239 2550 Venient
1286 2485 1444 2563 dies,
1492 2508 1680 2570 quum
1726 2484 2057 2566 auferetur
2103 2504 2344 2569 sponsu

423 2580 835 2672 jejunabunt5
882 2588 952 2647 ut
998 2603 1083 2650 sc.
1133 2584 1580 2668 Apostolorum
1628 2585 1913 2670 exemplo
1960 2584 2336 2668 promissum

427 2687 713 2748 sanctum
779 2687 1171 2749 mererentur
1237 2684 1538 2769 accipere.
1634 2684 1906 2761 Verum,
1974 2703 2168 2768 quum
2229 2702 2303 2747 ex

428 2782 828 2866 praescriptis
895 2806 937 2846 a
1001 2782 1106 2846 die
1166 2783 1519 2848 dominicae
1566 2783 2074 2848 Remi-rectionis
2135 2804 2327 2867 usque

428 2878 818 2945 Pentecostes
865 2880 1260 2946 observanda
1306 2905 1433 2947 non
1480 2893 1683 2948 essent
1713 2883 1974 2973 jejunia
1997 2880 2069 2965 ⁸),
2120 2879 2328 2964 plures

428 2980 727 3044 aestivam
789 2980 951 3045 hane
1011 2980 1451 3046 abstinentiam
1511 2982 1573 3045 in
1634 2982 1770 3065 ipsa
1829 2979 2221 3046 hebdomade
2267 2977 2344 3043 P<

425 3077 839 3156 celebrarunt,
888 3079 1055 3163 quod
1104 3100 1153 3144 s,
1205 3079 1545 3165 Gregorius
1591 3079 1718 3146 ΡΡ.
1756 3079 1898 3145 VII.
1947 3079 2242 3162 deinceps
2276 3077 2344 3143 ab

424 3175 559 3242 fieri
609 3183 911 3262 perpetua
957 3176 1094 3263 lege
1140 3178 1477 3256 constituit,
1541 3179 2065 3262 quemadmodum
2113 3180 2325 3241 narrat

423 3272 692 3361 loguS,
739 3276 1010 3360 scriptor
1055 3276 1359 3362 Gregorio
1406 3297 1655 3361 suppar,
1706 3276 1783 3341 de
1831 3276 2039 3342 eccles.
2092 3274 2326 3340 observ.

426 3378 485 3438 et
509 3373 672 3440 hanc
696 3374 1090 3458 disciplinam
1116 3374 1396 3458 synodali
1422 3376 1674 3441 decreto
1695 3375 2084 3440 confirmavit
2100 3373 2344 3438 Urbant

424 3473 591 3554 quod
637 3473 698 3537 in
749 3492 1005 3558 corpore
1042 3472 1203 3557 juris
1251 3472 1580 3540 exhibetur
1625 3493 1677 3539 c.
1729 3471 2082 3538 Statuimus
2127 3473 2211 3549 4.,
2262 3472 2342 3537 Di

604 3579 845 3646 Dicitur
892 3586 1100 3646 autem
1131 3581 1449 3670 jejunium
1495 3580 1932 3658 exultationis,
1993 3579 2140 3664 quia
2184 3579 2344 3644 laetil

425 3698 576 3761 pore
622 3684 920 3757 servatur,
970 3677 1206 3763 absque
1252 3679 1702 3764 genuflexione,
1769 3698 1909 3744 eum
1960 3676 2267 3768 Alleluja,
2322 3681 2344 3744 ί

424 3774 747 3856 Bonchis,
809 3781 874 3842 et
935 3777 1211 3843 vestibus
1270 3777 1652 3843 solemnibus
1714 3778 1776 3842 in
1825 3777 2041 3842 Missa.
2140 3777 2276 3840 Nec
2328 3801 2344 3840 τ

426 3874 642 3938 tristat
706 3886 821 3940 aut
880 3874 1205 3957 obscurat,
1272 3877 1462 3941 verba
1521 3881 1667 3941 sunt
1713 3875 2050 3959 Ruperti
2114 3874 2190 3937 de
2251 3873 2344 3938 dia

426 3969 462 4036 1.
518 3973 619 4052 10,
671 3994 721 4040 c.
772 3974 877 4051 26,
928 3973 1040 4039 sed
1084 3977 1287 4059 mayis
1331 3973 1621 4039 illustrat
1652 3973 2055 4038 observantia
2066 3973 2344 4063 jejunior

424 4070 502 4133 de
549 4071 822 4136 adventu
852 4071 1136 4158 Spiritus
1179 4075 1390 4139 sancti
1418 4072 1907 4138 solemnitatem:
1955 4074 2187 4158 quippe
2219 4073 2344 4157 qui<

608 4251 650 4318 ¹)
691 4251 746 4306 ln
782 4251 1116 4321 praecedenti
1155 4250 1467 4305 Kalendario
1505 4251 1826 4305 Eleazarus
1862 4255 2080 4303 vocatur
2117 4248 2164 4302 d.
2203 4250 2254 4302 4.

606 4330 652 4392 3)
692 4332 839 4400 Apud
878 4331 1067 4400 Migne,
1104 4330 1248 4384 Patr.
1287 4330 1321 4383 l.
1359 4335 1398 4383 t.
1437 4332 1524 4395 83,
1563 4347 1611 4399 p.
1652 4330 1774 4386 773.

608 4408 652 4477 ⁸)
693 4411 800 4466 cfr.
837 4411 1054 4465 Dictum
1095 4410 1355 4465 Gratiani
1389 4411 1440 4464 in
1478 4428 1521 4464 c.
1554 4412 1804 4481 jejunium
1842 4411 1890 4464 7.
1932 4408 2065 4461 Dist.
2105 4409 2190 4463 76.

607 4490 653 4553 ⁴)
695 4491 841 4559 Apud
878 4491 1065 4557 migne,
1106 4491 1248 4544 Patr.
1288 4490 1322 4544 1.
1361 4496 1400 4544 t.
1441 4492 1561 4558 151,
1600 4507 1648 4560 p.
1688 4491 1812 4547 997.

541 4583 777 4640 Nilles,
815 4578 1207 4648 Ἑορτολόγιον,
1247 4585 1317 4640 ΙΙ,
1395 4584 1539 4633 Edit.
1565 4575 1669 4635 sec.
