3514 5391
731 546 880 613 Κυρι
885 542 981 608 axv)
1023 562 1046 595 ι
1055 546 1110 608 ἧς
1144 540 1229 613 ὀρ
1217 541 1490 607 θοδοξίας.
1553 542 1824 597 Dominica
1860 542 1899 596 Ι.
1938 541 2392 661 Quadragesimae.
2587 544 2686 598 121

439 740 483 802 π’
524 763 569 802 a
618 738 754 804 tali
805 741 1255 805 consuetudine
1311 740 1774 828 prohibeantur
1801 739 1871 825 ¹).
1975 740 2079 805 Ut
2116 742 2282 807 enim
2346 741 2442 805 ait
2508 739 2688 805 Salo-

439 861 562 902 mon
608 837 839 923 (Prov.
875 839 983 917 30,
1023 840 1356 925 33):,qui
1407 839 2176 927 multum-emungit,
2227 840 2457 905 elicit
2506 860 2687 905 san-

430 937 764 1021 guinem
809 940 1009 1023 (apud
1053 937 1291 1025 Migne,
1339 937 1512 1005 Patr.
1561 937 1668 1005 lat.
1716 942 1760 1003 t.
1814 938 1917 1031 27,
1968 958 2027 1023 p.
2081 938 2302 1021 1351).

427 1201 803 1290 Ἑβδομάς
832 1205 925 1295 β
956 1210 1511 1293 τῶννηστειῶν.
1648 1206 2017 1272 Hebdom.
2068 1208 2119 1274 I.
2179 1206 2664 1293 Quadi-aye&

605 1358 798 1427 Diem
859 1361 1241 1427 dominicum
1286 1363 1401 1447 τῆς
1447 1354 1845 1445 ορθοὸοξίας
1903 1362 2131 1445 excipit
2175 1361 2353 1445 apud
2416 1360 2688 1427 Graecos

426 1451 726 1540 ἑβδομὰς
741 1456 832 1541 β’.
871 1480 1004 1523 ταν
1031 1463 1355 1547 νηστειῶν,
1404 1461 1569 1545 apud
1598 1458 1857 1525 Latinos
1882 1480 2029 1525 vero
2057 1458 2452 1529 hebdomada
2467 1461 2688 1546 prima

433 1553 1010 1643 Qttadraqeeimae.
1059 1579 1066 1585 ·
2408 1594 2411 1597 ·

608 1682 778 1747 Sunt
825 1683 1100 1767 quidem,
1152 1684 1256 1768 qui
1303 1685 1538 1768 primae
1571 1670 1718 1749 huic
1747 1682 2181 1749 hebdomadae
2211 1683 2688 1768 appellationem

427 1791 646 1845 castae
703 1781 936 1847 factam
968 1782 1339 1859 existiment,
1390 1782 1554 1867 quod
1589 1783 1750 1848 inter
1775 1784 1929 1848 duas
1954 1782 2334 1858 DominicaS,
2385 1784 2425 1845 a'
2449 1779 2690 1846 Oroatis

427 1879 777 1964 Serbisque
807 1876 992 1945 'cista
1037 1886 1100 1946 et
1141 1882 1397 1967 paci-sta
1444 1886 1712 1959 vocataS,
1764 1881 1970 1959 media
2016 1874 2409 1965 interjaceat;
2474 1899 2689 1945 verum

428 1998 498 2042 eo
547 1978 811 2045 nomine
861 1979 1320 2045 hebdomadam
1350 1980 1831 2064 praecedentem
1860 1983 2281 2064 nuncupatam
2311 1977 2503 2043 fuisse
2544 1997 2688 2044 cen-

427 2096 668 2154 semuS,
743 2079 912 2162 quod
974 2079 1180 2144 statim
1243 2079 1495 2144 ineunte
1558 2099 1784 2165 magno
1839 2078 2075 2163 jejunio
2139 2078 2520 2142 castimonia
2564 2100 2691 2163 per

431 2172 1016 2262 Quadraqeaimam
1044 2177 1363 2242 servanda
1389 2176 1870 2265 siqnificaretur,
1911 2177 2442 2261 quemadmodum
2474 2195 2688 2241 vocem

428 2274 709 2361 explicat
757 2274 874 2340 Du
923 2274 1224 2363 Gange,
1281 2276 1568 2342 Glossar.
1620 2275 1732 2341 lat.
1782 2298 1838 2341 v.
1866 2274 2259 2340 hebdomada
2291 2285 2488 2340 casta.
2566 2272 2688 2339 Sed

429 2372 646 2459 relege
697 2393 860 2457 quae
905 2376 983 2440 de
1022 2375 1311 2462 puritate
1375 2394 1484 2440 seu
1541 2375 1918 2440 castimonia
1982 2373 2359 2440 hebdomadi
2421 2373 2689 2437 ineuntis

430 2472 647 2557 jejunii
698 2473 1064 2555 praestituta
1113 2473 1662 2539 animadvertimus
1711 2494 1900 2566 supra
1947 2494 2049 2558 pp.
2102 2474 2270 2537 86-
2280 2471 2386 2536 87.

621 2597 814 2663 Feria
869 2597 949 2665 ΙΙ.
1022 2597 1293 2682 antiquis
1358 2601 1491 2665 erat
1566 2597 1704 2663 dies
1777 2598 2053 2663 ineuntis
2132 2579 2688 2685 Quadrayesimae,

441 2698 975 2781 quemadmodum
1019 2699 1208 2764 etiam
1239 2697 1603 2770 hesternum
1635 2699 1803 2763 diem
1835 2698 2329 2770 sacramentario
2361 2697 2690 2764 Gelasiano

437 2796 812 2884 inscriptum
859 2796 1129 2863 ·vidimus
1179 2801 1266 2882 (p.
1316 2797 1466 2880 91):
1507 2798 1877 2873 ,Dominica
1922 2797 1993 2861 in
2022 2791 2553 2884 'Quadrayesima
2598 2796 2689 2860 in·

435 2896 728 2976 choantis
759 2896 1023 2984 jejunii.

619 3020 888 3086 indictio
925 3019 1147 3104 jejunii
1195 3019 1772 3107 quadragesimalia,
1822 3021 1989 3104 quod
2038 3020 2377 3103 antiquitus
2415 3041 2451 3085 a
2474 3019 2687 3085 Domi-

438 3120 580 3184 nica
625 3119 832 3203 prima
877 3119 1404 3206 Quadragesimae
1450 3120 1820 3196 ducebatur,
1884 3120 1947 3185 in
1972 3119 2253 3184 ⁴vetustis
2298 3118 2690 3184 Kalendariis

437 3218 526 3282 ita
571 3222 786 3282 notata
832 3217 1130 3283 habetur:
1199 3218 1367 3283 VIII.
1418 3218 1565 3283 idua
1595 3218 1930 3306 februm-ii
1973 3218 2117 3294 init.
2166 3216 2326 3297 XL„
2374 3223 2441 3283 ut
2488 3218 2549 3283 in
2571 3216 2688 3283 Go-

443 3316 581 3381 dice
626 3314 935 3381 Vaticano
959 3315 1165 3394 3806;
1214 3316 1311 3382 vel
1372 3316 1510 3382 VII.
1533 3316 1681 3381 idua
1691 3316 2030 3404 februarii
2046 3316 2303 3402 primus
2327 3326 2499 3381 ter-m.
2532 3317 2688 3394 XL„

445 3419 512 3479 nt
555 3413 617 3480 in
668 3415 883 3479 codice
915 3414 1113 3493 3101,
1162 3419 1225 3479 et
1250 3416 1412 3498 apud
1445 3416 1784 3481 Bedam
1770 3436 1830 3479 m
1860 3414 2312 3499 Ephemeride:
2363 3437 2405 3478 a
2429 3416 2689 3501 septimo

441 3511 589 3577 idue
618 3511 966 3604 februarii
1002 3510 1351 3599 ubicunque
1397 3513 1674 3578 secunda
1720 3512 1877 3577 luna
1923 3514 2213 3591 evenerit,
2279 3513 2351 3577 in
2387 3514 2690 3599 proxima

445 3609 763 3674 dominica
809 3610 917 3674 die
966 3621 1120 3697 post
1164 3635 1302 3677 eam
1346 3611 1537 3677 habes
1588 3611 2153 3697 Quadraqeaimam
2173 3597 2275 3696 ²):
2322 3632 2447 3696 qua
2500 3613 2579 3677 de
2625 3633 2690 3677 re

448 3707 745 3774 videndus
793 3707 964 3774 Nic.
1013 3708 1478 3786 Alemanni,
1545 3710 1646 3774 De
1691 3709 2094 3774 Kalendario
2133 3707 2470 3796 puqillari,
2529 3711 2689 3794 apud

449 3805 593 3885 Mai,
641 3806 827 3880 Nova
872 3805 1131 3890 Patrum
1179 3806 1577 3898 bibliotheca,
1627 3813 1670 3874 t.
1721 3809 1783 3886 6,
1834 3813 1991 3892 part.
2041 3807 2103 3888 2,
2153 3829 2211 3892 p.
2263 3806 2584 3874 XXXVII.

789 3990 875 3997 .—

627 4093 667 4162 ¹)
707 4093 789 4148 Ex
829 4093 911 4148 his
947 4094 1117 4148 verbis
1154 4094 1390 4165 regulam
1414 4097 1728 4166 pastoralem
1754 4097 1961 4150 deducit
1985 4097 2178 4166 glossa,
2217 4096 2281 4150 ad
2307 4097 2471 4165 majus
2505 4095 2690 4149 malum

443 4175 707 4230 vitandum
761 4189 880 4228 esse
932 4175 1132 4245 quidem
1184 4175 1448 4245 patienter
1491 4176 1795 4230 sustinenda
1831 4177 2061 4243 crimina,
2116 4177 2316 4230 ratione
2351 4175 2691 4229 multitudinis

443 4256 524 4310 vel
562 4254 818 4322 scandali,
868 4254 953 4308 vel
992 4255 1301 4321 schismatiS,
1353 4271 1414 4309 ca
1454 4259 1626 4310 tamen
1665 4258 1864 4311 censeri
1910 4273 2012 4311 non
2049 4273 2201 4327 posse
2238 4255 2560 4310 oeconomico
2597 4252 2691 4307 hoc

442 4336 647 4390 silentio
686 4350 720 4388 a
759 4334 1066 4404 legislatore
1101 4336 1338 4406 probata.
1411 4334 1636 4405 Relegas
1673 4352 1805 4407 quae
1842 4338 1905 4391 de
1943 4336 2222 4397 tolerantia
2258 4336 2478 4389 diximus
2515 4351 2565 4408 p.
2603 4333 2689 4394 67.

620 4413 666 4490 ¹)
708 4414 822 4478 Cfr.
862 4411 1020 4468 etiam
1057 4415 1245 4496 Migne,
1285 4415 1430 4470 Patr.
1469 4415 1500 4469 l.
1541 4421 1582 4471 t.
1620 4418 1706 4484 90,
1744 4433 1796 4487 p.
1836 4419 1956 4478 716.
