3514 5391
853 518 962 574 478

1227 713 1558 774 Oremna

963 822 1182 889 Dens,‘
1209 820 1309 894 qni
1346 821 1517 879 nobis
1564 821 1671 880 sub
1710 821 1927 883 Sacra·

859 909 1055 960 mento
1070 901 1333 960 mirabili
1347 901 1640 974 passionis
1655 908 1798 962 tuae
1811 919 1928 961 me-

858 983 1107 1041 moriam
1147 981 1470 1054 reliquisti:
1510 982 1709 1045 tribne
1749 999 1926 1056 quae·

859 1080 1086 1126 sumus,
1176 1062 1267 1120 ita
1348 1079 1451 1120 nos
1527 1063 1792 1135 corporis
1866 1069 1929 1122 et

860 1143 1165 1217 sanguinis
1194 1142 1285 1201 tui
1311 1157 1489 1201 saera
1516 1143 1804 1215 mysteria
1831 1160 1928 1202 ve-

864 1225 1098 1283 nerari:
1169 1230 1238 1281 ut
1290 1222 1716 1296 redemptionis
1784 1230 1927 1283 tuae

861 1302 1119 1363 fructum
1157 1304 1220 1362 in
1256 1303 1424 1362 nobis
1451 1303 1682 1376 jugiter
1707 1296 1929 1364 sentia·

863 1400 1005 1444 mus.
1081 1385 1197 1458 Qui
1236 1383 1390 1443 vivis
1438 1389 1760 1457 et‘regnas
1798 1402 1924 1445 eum

860 1465 993 1524 Deo
1030 1464 1239 1530 Patre.
1297 1465 1358 1523 in
1395 1464 1628 1524 unitate
1666 1463 1927 1540 Spiritus

863 1546 1055 1604 sancti
1079 1546 1266 1618 DeuS,
1304 1562 1413 1619 per
1449 1545 1645 1603 omnia
1683 1547 1929 1606 saecula

862 1627 1248 1685 saeculorum.
1321 1627 1536 1684 Amen.

1500 515 1661 571 Festa
1697 516 1907 571 mobilia
1943 521 2064 587 post
2098 514 2462 573 Pentecosten.

2369 717 2771 784 Δεηθῶμεν.

2147 821 2309 888 Θεός,
2360 820 2393 875 ὁ
2441 819 2543 888 τὴν
2589 823 2691 875 τοῦ
2736 819 2955 881 πάθους
2997 836 3093 875 σου

2033 900 2264 972 κνήμην
2309 898 2422 955 ὑπὸ
2472 906 2575 955 τοῦ
2610 905 2942 972 θαυμαστοῦ
2989 920 3094 972 μυ·

2035 984 2261 1052 στηρίου
2297 980 2394 1053 ἢμι
2400 1001 2435 1035 ν
2469 982 2814 1050 καταλείψας·
2850 980 2962 1048 δός,
3000 983 3095 1034 ἱκε-

2036 1061 2287 1133 τεύομεν,
2325 1062 2498 1121 οὕτως
2537 1060 2681 1132 ἡμας
2705 1065 2806 1115 τοῦ
2829 1080 2886 1139 τς
2912 1060 3094 1132 σώμα-

2035 1160 2127 1202 τος
2161 1145 2249 1194 καὶ
2290 1141 2523 1214 αἵματός
2558 1156 2662 1196 σου
2687 1140 2804 1213 Ῑερᾰ
2828 1141 3098 1213 μυστήρια

2035 1227 2241 1290 σέβειν,
2287 1223 2443 1284 ’ὅπως
2495 1227 2597 1276 τοῦ
2652 1226 2742 1289 τῆς
2793 1221 3100 1293 λυτρῶσεῶς

2035 1316 2138 1358 σου
2173 1308 2390 1373 καρποῦ
2432 1305 2492 1357 ἐν
2539 1302 2679 1374 ἡμῖν
2725 1307 2976 1373 συνεχῶς
3017 1305 3099 1355 αἱ·

2036 1381 2325 1455 canipe-902.
2399 1383 2508 1444 *Ὃς
2542 1387 2633 1457 ζῇς
2680 1386 2771 1437 καὶ
2803 1382 3101 1450 βασιλεύεις

2033 1465 2175 1535 μετα
2208 1468 2311 1520 τοῦ
2348 1469 2487 1521 θεοῦ
2515 1468 2616 1519 τοῦ
2640 1463 2860 1536 πατρός,
2898 1465 2958 1519 ἐν
2991 1462 3100 1518 ἑνό-

2037 1564 2154 1613 τητι
2180 1550 2280 1599 τοῦ
2304 1544 2619 1616 πνεύματος
2641 1544 2826 1615 ἁγίου,
2853 1544 3000 1608 θεός,
3031 1547 3102 1603 εὶς

2036 1625 2245 1686 πάντας
2291 1625 2420 1686 τούς
2469 1628 2668 1686 αἰῶνας
2715 1630 2824 1679 τῶν
2873 1624 3101 1683 αἰώνων.

2054 1707 2241 1781 Αμήν.

1041 1906 1239 1989 Eoi-ia
1304 1905 1405 1971 VI.
1449 1916 1598 1992 post
1653 1905 1954 1972 Octavam
2003 1907 2116 1975 SS.
2171 1906 2474 1995 Corporis
2527 1903 2780 1973 Christ-i.
2853 1907 3104 1972 Festum

867 2004 1307 2071 sacratissimi
1361 2000 1588 2070 Gordia
1632 2003 1693 2070 J
1687 2026 1813 2071 esu.

1042 2138 1113 2204 In
1164 2137 1552 2204 Kalendariis
1601 2139 1884 2206 civilibus
1950 2141 2407 2207 solemnitatem
2469 2139 2776 2225 signatam
2841 2138 3105 2225 legimus

868 2237 1153 2303 behem.
1224 2235 1524 2301 Slavnost
1566 2239 2000 2329 ncjsvctejkiko
2049 2238 2245 2304 Srdce
2305 2239 2491 2303 Pdna
2550 2237 2798 2318 Jeme,
2786 2266 2801 2281 ·
2865 2236 3104 2322 polon.

875 2331 1283 2423 Πνοοεῃοίὸέό
1304 2334 1500 2400 Sei-ca
1511 2335 1944 2424 chusowe90;
1974 2357 2096 2403 cro
2111 2342 2198 2405 at.
2232 2336 2537 2423 Blaydan
2553 2348 2931 2423 presvetoqa
2950 2334 3107 2401 Srca

870 2435 1220 2509 misma,-
1297 2433 1608 2521 hungar.
1673 2435 1869 2500 Je'zus
1926 2459 2008 2502 σε.
2077 2434 2377 2501 Szive‘nek
2434 2446 2715 2522 ίιηηερες
2780 2454 3102 2520 german.

871 2534 1061 2598 Herz·
1067 2533 1250 2597 Jesu·
1253 2533 1445 2613 Fest,·
1492 2533 1692 2599 arab.
1742 2530 1839 2597 ‘id
1884 2531 2032 2621 qalb
2079 2530 2259 2599 Jesa
2289 2534 2359 2618 ¹).

1047 2657 1422 2726 Novissimis
1468 2656 1644 2739 hisce
1692 2659 2080 2744 temporibus
2128 2658 2320 2725 Pius
2369 2656 2494 2724 ΡΡ.
2544 2655 2653 2728 ΙΧ.
2701 2655 2951 2745 festum
2999 2654 3108 2722 Sa·

870 2759 1214 2823 cratissimi
1273 2755 1498 2822 Gordia
1543 2756 1707 2823 Jesa
1770 2758 1832 2823 in
1893 2758 2184 2824 universa
2221 2756 2513 2823 Ecclesia
2571 2754 2872 2822 celebrari
2936 2776 3108 2821 man-

871 2858 1040 2923 davit
1104 2856 1261 2922 feria
1304 2854 1412 2920 VI.
1482 2861 1623 2939 post
1689 2854 1986 2921 Octavam
2048 2854 2438 2922 Sanctissimi
2501 2852 2793 2939 Corporis
2855 2852 3108 2929 Christi.

872 2955 1036 3040 quod
1084 2953 1374 3020 Clemens
1411 2951 1537 3018 ΡΡ.
1565 2951 1742 3018 ΧΙΙΙ.
1792 2953 1940 3018 olim
1989 2952 2297 3019 nonnullis
2346 2951 2626 3019 ecclesiis
2672 2956 2918 3018 tantum
2951 2951 3109 3018 cele-

870 3054 1176 3119 brandum
1224 3049 1626 3136 permiserat.
1722 3051 1968 3118 Insanis
2017 3050 2561 3119 vociferationibus
2608 3052 2858 3135 quidem
2889 3051 3110 3117 Sacra·

871 3154 1092 3220 tissimi
1142 3151 1362 3218 Oordis
1426 3171 1639 3216 osores
1699 3151 1850 3217 olim
1910 3173 1978 3218 se
2039 3157 2256 3219 contra
2300 3151 2419 3217 hoc
2443 3150 2698 3216 ‘festum
2747 3147 3108 3225 efferebant,

872 3257 940 3317 ut
987 3252 1140 3316 adeo
1188 3249 1283 3316 vel
1331 3256 1479 3316 tunc
1527 3250 1793 3316 maxime
1849 3247 2046 3316 Cordi
2089 3250 2251 3315 Jesu
2297 3250 2589 3328 eveniret,
2637 3248 2804 3335 quod
2833 3248 2913 3313 dc
2942 3249 3112 3336 ipso·

870 3359 992 3414 met
1038 3349 1308 3414 Domino
1358 3348 1599 3412 Nostro
1647 3348 1811 3414 Jesu
1844 3350 2257 3437 prophetavit
2302 3372 2353 3416 s.
2403 3370 2631 3413 senex:
2699 3347 2824 3412 Hic
2860 3349 3115 3434 posim

873 3460 965 3513 est
1008 3450 1079 3512 in
1123 3448 1380 3511 utinam
1425 3456 1485 3511 et
1530 3447 1792 3532 siquam,
1843 3449 1946 3513 cui
1990 3447 2478 3528 contradicetur,
2525 3456 2596 3511 ut
2638 3446 2997 3511 revelentur
3039 3467 3115 3509 ea:

871 3546 1087 3612 multis
1114 3544 1406 3610 cordibus
1434 3547 1848 3632 coyitationcs
1869 3547 1958 3632 ²);
2009 3567 2224 3612 verum
2254 3545 2502 3611 altiores
2529 3544 2728 3630 pietas
2761 3544 2823 3610 in
2853 3542 2967 3611 SS.
2996 3543 3116 3610 Gor

872 3645 1027 3710 Jesu
1073 3644 1314 3712 radices
1360 3643 1579 3709 fixerat
1622 3644 1686 3709 in
1718 3645 1941 3711 animis
1987 3645 2284 3721 fidelium,
2335 3663 2524 3729 quam
2555 3648 2627 3709 ut
2654 3643 2948 3708 inanibus
2977 3662 3111 3709 ver-

872 3743 1094 3809 borum
1154 3743 1321 3808 sonis
1382 3742 1673 3827 extirpari
1720 3750 1964 3828 posset;
2037 3744 2228 3809 immo
2293 3745 2556 3808 testatur
2620 3760 2797 3806 sacra
2857 3739 3110 3806 Rituum

874 3840 1285 3927 congregatio
1334 3839 1597 3907 Decreto
1645 3842 1811 3906 edito
1860 3863 1955 3908 an.
2013 3839 2202 3917 1856,
2253 3841 2396 3906 inde
2443 3861 2480 3906 a
2529 3838 2727 3925 prima
2775 3839 2918 3904 festi
2968 3857 3111 3905 con-

874 3939 1156 4005 cessione
1220 3937 1309 4002 ad
1366 3939 1729 4003 immensam
1790 3939 2019 4004 Divino:
2075 3939 2261 4029 hujus
2317 3936 2544 4005 Gordia
2619 3938 2952 4001 caritatem
3013 3959 3111 4001 rc·-

1060 4152 1098 4218 ¹)
1138 4151 1218 4206 De
1255 4152 1479 4206 naturali
1518 4153 1824 4222 cognatione
1862 4168 2014 4224 quam
2049 4153 2302 4210 vocabula
2336 4150 2553 4223 καρδία,
2604 4168 2717 4219 cor,
2763 4150 2943 4217 Here,
2987 4148 3114 4206 arde

874 4238 928 4286 et
965 4231 1152 4286 similia
1189 4232 1382 4286 habent
1419 4247 1533 4286 cum
1559 4232 1799 4300 sanserit,
1838 4232 1966 4300 krd,
2002 4232 2168 4298 klerd,
2203 4232 2329 4287 let-d.
2369 4233 2703 4288 conferantur
2727 4230 3112 4294 Miklosieh.

874 4311 1136 4376 Lai-icon,
1173 4327 1257 4382 pp.
1297 4312 1598 4380 876—877,
1637 4317 1694 4366 et
1729 4312 1838 4374 alii.
1874 4314 1960 4384 qui
1997 4312 2184 4368 ibidem
2223 4314 2453 4368 citantur
2487 4312 2855 4382 lexicographi.

1054 4390 1097 4458 ²)
1137 4392 1218 4447 Ita
1254 4391 1627 4447 Bernardin.
1656 4392 2025 4460 Membrive‚
2063 4392 2204 4448 Ord.
2231 4393 2454 4449 Praed.
2481 4394 2531 4448 in
2557 4391 3112 4464 approbationeoperis

875 4472 932 4527 P.
971 4472 1202 4540 Gallifet,
1241 4473 1303 4527 de
1343 4472 1482 4527 cultu
1519 4472 1852 4528 Sacrosancti
1889 4473 2071 4529 Gordis
2109 4472 2208 4527 Dei
2245 4490 2306 4529 ac
2346 4473 2410 4528 D.
2449 4472 2514 4531 N.
2554 4474 2603 4529 J.
2641 4473 2736 4528 Cb.
2773 4489 2858 4528 an.
2887 4473 3042 4529 1727.
