3514 5391
914 525 1087 580 Mense
1127 523 1354 581 Octobri.
1412 524 1645 581 Officium
1685 525 1874 596 Synodi
1914 526 2193 580 Florentia.
2570 527 2666 580 521

426 726 748 783 τελευταίου
784 726 1041 788 βασιλέως
1078 729 1186 778 τῶν
1223 722 1503 792 Ῥωμαίων

420 806 517 855 καὶ
556 803 758 874 Ἰωσήφ
811 804 1162 876 πατριάρχου
1204 810 1500 858 Κωνσταν-

421 884 815 945 τινουπόλεως.
870 885 1219 955 Συνῆθροισε
1247 885 1307 938 δὲ
1334 884 1503 951 αὐτὴν

419 964 452 1017 ὁ
478 970 576 1031 τῆς
594 970 963 1037 πρεσβυτέρας
975 965 1178 1036 Ῥώμης
1196 965 1502 1036 ἀρχιερεύς,

422 1044 457 1099 ὁ
497 1050 680 1117 μέγας
718 1045 1010 1118 Εύγένιος,
1061 1047 1200 1117 ἀνὴρ
1239 1045 1309 1105 ὥς
1346 1047 1505 1104 ἄλλος

420 1146 510 1187 τις
544 1131 674 1181 τῶν
723 1132 1010 1198 μακαρίων
1064 1127 1312 1198 ἀνδρῶν,
1372 1123 1505 1179 θεό-

418 1228 610 1279 φορος
665 1213 740 1276 τῷ
794 1209 918 1262 ὄντι
983 1213 1073 1262 καὶ
1126 1213 1300 1280 μέγας
1354 1212 1507 1265 θεῖος

420 1288 729 1360 ἱεριὲρχης,
776 1292 870 1341 καὶ
906 1289 1006 1354 τὴν
1040 1289 1241 1343 ἕνωσιν
1276 1293 1368 1354 τῆς
1405 1291 1505 1340 τοῦ

424 1374 691 1441 Χριστοῦ
713 1370 1023 1437 Ἐκκλησίας
1052 1374 1231 1425 πνέων
1256 1368 1366 1422 α’πό
1396 1378 1506 1437 ψυ-

415 1454 549 1520 χῆς,
604 1450 695 1511 ἐπὶ
731 1455 1046 1522 καθαιρέσει
1084 1454 1194 1503 τῶν
1229 1450 1506 1519 ἀρνουμέ-

420 1551 549 1587 νων
587 1531 690 1585 τόν
722 1531 856 1585 ὶὶόν
899 1535 999 1584 τοῦ
1041 1525 1186 1586 Θεοῦ
1235 1531 1314 1602 μὴ
1351 1531 1507 1599 ἔχειν

418 1612 620 1667 πάντα
657 1631 722 1664 τα
762 1611 970 1709 φυσικά
1010 1616 1111 1664 τοῦ
1130 1610 1350 1682 Πατρός
1375 1611 1505 1679 ἀγα-

418 1694 524 1746 θά.
612 1695 681 1745 Οἱ
718 1692 825 1764 γαρ
862 1690 1205 1762 ἀρνούμενοι
1245 1692 1344 1745 τόν
1375 1692 1507 1743 Υἱόν

414 1775 503 1847 μὴ
548 1773 868 1843 ἐκπορεύειν
904 1774 967 1825 τό
996 1776 1233 1842 Πνεῦμα
1269 1771 1506 1842 ἀρνοῦν-

414 1875 516 1909 ται
544 1854 626 1925 μὴ
653 1854 809 1922 ἔχειν
833 1853 900 1906 ui
927 1853 1138 1925 φυσικοὶ
1165 1857 1265 1906 τοῦ
1289 1851 1508 1921 Πατρός

416 1934 646 2006 α’γαθᾶ.
724 1938 834 1987 Καὶ
890 1939 1054 1987 τοῦτο
1105 1933 1215 2003 γάρ
1266 1932 1509 2004 φυσικόν

416 2018 545 2070 ἐστι
567 2019 669 2068 τοῦ
686 2013 904 2084 Πατρός
928 2015 1168 2084 ἀγαθόν’.
1194 2014 1509 2084 ἐκπορεύειν

416 2097 486 2150 τό
530 2099 794 2166 Πνεῦμα.
828 2094 948 2148 ”En
984 2095 1118 2148 κατιὶ
1145 2099 1256 2149 τῶν
1278 2094 1511 2164 ἀμαθῶς
1568 2104 1577 2113 ·

418 2175 842 2248 φλυαρούντων
906 2174 980 2235 ὥς
1038 2176 1099 2228 τό
1162 2175 1237 2227 δι’
1292 2173 1509 2244 α’ζύμου

420 2256 731 2327 θυόμενον
768 2255 870 2310 ούκ
905 2257 1021 2308 ἔστι
1059 2260 1220 2326 σῶμα
1244 2259 1509 2326 Χριστοῦ·

418 2337 571 2406 πρός
620 2336 681 2390 δὲ
725 2339 817 2389 καὶ
865 2340 979 2389 τῶν
1029 2336 1260 2402 εύσεβιῦς
1305 2328 1508 2406 ἀρνου-

419 2422 624 2489 μένων
661 2417 743 2487 μὴ
778 2418 935 2485 ἔχειν
971 2418 1067 2477 τας
1102 2417 1297 2486 ψυχάς
1319 2420 1428 2470 τῶν
1452 2418 1510 2471 ἐν

306 2531 318 2542 -
419 2503 709 2570 μετανοίᾳ
771 2502 1185 2567 κεκοιμημένων
1244 2496 1510 2564 βοήθειαν

420 2577 578 2651 μετοί
640 2576 894 2630 θάνατον
946 2576 1085 2648 μηδὲ
1140 2583 1509 2648 καθαίρεσθαι

426 2658 625 2720 αὐτάς·
693 2658 775 2712 ἔτι
828 2657 969 2728 μηδὲ
1016 2657 1113 2719 τοῖς
1165 2662 1274 2713 τῶν
1334 2658 1510 2729 ᾱγίων

423 2739 634 2810 ψυχας
668 2741 749 2810 μή
787 2739 1206 2810 ἀπολαμβάνειν
1242 2745 1346 2794 νῦν
1383 2742 1508 2794 καθ’

422 2821 575 2874 ὅσον
628 2822 737 2875 εἰσὶ
786 2824 988 2888 ψυχαί.
1034 2820 1188 2873 ‘’‘En
1241 2824 1331 2873 καὶ
1377 2822 1511 2893 πρός

426 2902 568 2960 τούς
620 2901 701 2971 μή
755 2902 1126 2970 βουλομένους
1178 2903 1358 2955 κλῖναι
1413 2902 1511 2970 τὴν

427 2981 719 3054 κεφαλήν,
783 2985 872 3034 καὶ
930 2980 1127 3034 δοῦναι
1184 2987 1258 3050 τῷ
1311 2982 1513 3054 Ῥώμης

426 3064 699 3133 αρχιερεῖ
746 3061 844 3129 τήν
896 3062 1034 3114 αἰδῶ·
1070 3082 1125 3117 τε
1177 3067 1267 3115 καὶ
1304 3062 1512 3116 ύποτα-

428 3145 562 3214 γῆν,
603 3143 675 3202 ὥς
711 3143 935 3197 ‹ivm-9221
970 3147 1059 3196 καὶ
1085 3144 1513 3215 προπαραόότως

428 3223 672 3289 ἐξεδόθη
708 3227 797 3276 καὶ
837 3223 1090 3291 ἐτυπώθη
1126 3225 1184 3278 έν
1208 3230 1317 3284 τοῖς
1348 3227 1513 3294 ἱεροῖς

430 3304 654 3360 κανόσι.
714 3301 990 3372 Συνήχθη
1023 3304 1131 3374 μὲν
1166 3303 1269 3358 οὖν
1305 3302 1336 3371 ἡ
1376 3309 1511 3376 εἰρη-

430 3389 580 3456 μένη
613 3383 751 3454 thyla
777 3383 1013 3444 σύνοδος
1039 3386 1098 3438 ἐν
1122 3386 1399 3457 Φεῤῥαρίᾳ
1424 3389 1511 3437 καὶ

440 3468 789 3536 Φλωρεντίςι,
830 3464 1056 3519 πόλεσιν
1091 3465 1400 3535 ἀξιολόγοις
1424 3469 1515 3532 τῆς

434 3547 683 3605 Ἰταλίας.
748 3549 1016 3615 Παρῆσαν
1052 3545 1110 3598 δὲ
1134 3546 1194 3599 ἐν
1220 3545 1356 3618 αὐτῇ
1380 3548 1513 3599 πολ-

435 3629 529 3679 λοι
566 3624 628 3682 εὖ
667 3629 757 3678 καὶ
795 3628 966 3689 καλοί,
1016 3632 1189 3697 σοφίᾳ
1226 3630 1313 3680 καὶ
1352 3627 1515 3699 ἀρετῇ

436 3705 854 3776 διαλάμποντες
914 3708 967 3771 ἐξ
1020 3706 1352 3779 ἀμφοτέρων
1406 3712 1515 3761 τῶν

435 3791 642 3859 μερῶν.
718 3785 1024 3858 Ἐπλήρουν
1073 3787 1181 3857 γιὶρ
1228 3788 1326 3842 τόν
1364 3789 1515 3860 ἰερόν

437 3872 643 3923 τοῦτον
671 3872 877 3919 θίασον
903 3868 1152 3927 πλείονες
1170 3868 1203 3933 ἢ
1226 3868 1285 3920 ω’
1302 3869 1512 3941 ἄνδρες·

440 3948 555 4002 ἄπό
591 3949 699 4019 μὲν
736 3951 837 4001 τοῦ
872 3950 1073 4018 μέρους
1110 3952 1218 4001 τῶν
1240 3948 1458 4003 Ἰταλῶν
1483 3949 1514 4002 ὁ

442 4034 538 4096 τῆς
551 4028 586 4082 o‘
590 4033 713 4089 σίας
735 4027 958 4099 μνήμης
978 4028 1242 4097 Εύγένιος
1266 4029 1296 4082 ό
1317 4029 1518 4102 Ῥώμης

444 4110 743 4181 ἀρχιερεύς
760 4113 1021 4179 μέγιστος
1040 4109 1146 4163 σύν
1157 4110 1304 4181 πάσῃ
1326 4114 1389 4183 τῇ
1400 4110 1514 4163 κατ’

444 4189 618 4243 αὐτόν
679 4189 817 4260 ἁγίᾳ
877 4188 1188 4257 Ἐκκλησία,
1261 4191 1517 4256 δηλονότι

444 4274 649 4341 ἱερεῦσι
688 4269 1103 4341 καρδινοίλεσιν,
1157 4270 1517 4339 ἅρχιεπισκό-

446 4369 587 4415 ποις,
624 4349 955 4412 ἐπισκόποις,
981 4349 1201 4415 ἅβιὶσιν,
1231 4350 1517 4423 ἱερομονιὲ-

444 4448 576 4505 χοις
609 4435 700 4483 καὶ
722 4434 1019 4502 μοναχοΐς,
1059 4433 1263 4506 ἱερεῦσι
1288 4434 1377 4483 καὶ
1400 4431 1519 4484 δια·

1613 741 1914 783 manorum
1931 724 2339 797 ImperatoriS,
2352 730 2415 782 et
2424 724 2468 783 J
2472 724 2672 796 osephi

1614 805 1997 879 patriarchae
2011 804 2674 878 Constantinopolitani.
2716 842 2721 850 .

1590 886 1767 964 ⁸Eam
1790 892 1986 944 autem
2001 886 2392 959 congregavit
2407 885 2677 961 Summus

1622 967 1871 1026 Praesul
1893 968 2142 1026 senioris
2164 967 2408 1033 Romae,
2430 983 2677 1039 magnus

1612 1048 1933 1121 Eugenius‚
1961 1049 2069 1120 vir,
2098 1048 2149 1106 si
2176 1049 2304 1121 quis
2333 1049 2503 1119 alinS,
2542 1049 2674 1106 bea-

1612 1137 1806 1187 torum
1862 1129 2126 1189 virorum
2185 1129 2384 1186 divino
2441 1128 2677 1185 numine

1612 1211 1853 1283 plenn8‚
1905 1215 1967 1268 et
2018 1209 2269 1281 Magnus
2306 1207 2677 1280 Divinusque

1613 1288 1923 1361 Pontifex,
1977 1290 2053 1348 ad
2092 1290 2409 1348 Ecclesiae
2448 1286 2679 1346 Christi

1616 1372 1888 1429 unionem
1945 1378 2070 1429 toto
2126 1371 2324 1428 animo
2373 1369 2677 1440 anhelans,

1615 1458 1682 1510 ut
1709 1452 2138 1510 condemnaret
2176 1468 2291 1521 eos,
2333 1452 2430 1522 qui
2457 1456 2681 1521 negant

1615 1532 1735 1590 Dei
1774 1531 1995 1590 Filium
2048 1532 2274 1589 habere
2314 1547 2538 1589 omnem
2578 1547 2682 1588 na·-

1616 1612 1872 1672 turalem
1912 1613 2121 1671 Patris
2159 1613 2461 1671 virtutem.
2523 1611 2676 1677 Nam

1618 1694 1716 1766 qui
1768 1695 2036 1752 sentiunt
2083 1692 2304 1761 Filium
2355 1693 2511 1750 hand
2552 1710 2680 1766 pro-

1619 1775 1840 1833 ducere
1861 1772 2146 1846 Spiritum
2176 1779 2463 1844 sanctum,
2501 1773 2678 1830 iidem

1619 1855 1968 1913 existimant
2005 1872 2135 1913 eum
2177 1871 2287 1911 non
2314 1855 2539 1912 habere
2566 1870 2681 1912 om-

1620 1952 1750 1994 nem
1779 1935 2115 1994 naturalem
2135 1934 2342 1993 Patris
2367 1935 2680 2003 virtutem3

1618 2016 1727 2074 hoc
1784 2017 1938 2074 enim
2005 2015 2083 2073 ad
2141 2021 2417 2074 naturam
2474 2015 2681 2072 Patris

1619 2102 1856 2171 spectat
1869 2097 2197 2169 producere
2213 2095 2516 2169 Spiritum.
2531 2094 2678 2153 Tum

1619 2179 1908 2236 adversus
1961 2194 2085 2242 eos,
2139 2178 2235 2250 qui
2275 2176 2510 2235 indocte
2549 2192 2681 2249 gar·

1618 2259 1799 2329 rinnt,
1840 2275 2110 2331 azymum
2136 2275 2346 2332 panem
2377 2273 2683 2316 consecra-

1618 2344 1744 2397 tum
1793 2338 1953 2396 hand
2004 2338 2136 2396 fieri
2188 2355 2396 2411 corpus
2436 2336 2682 2407 Christi,

1621 2426 1684 2477 et
1735 2418 1833 2491 qui
1878 2418 1975 2491 pio
2024 2419 2271 2491 quodam
2327 2418 2547 2476 affectu
2586 2434 2683 2475 ne·

1619 2507 1767 2573 gant
1823 2500 2145 2557 morientes
2202 2499 2262 2556 in
2315 2498 2684 2571 poenitentia

1619 2596 1791 2653 posse
1829 2585 1964 2654 'post
1989 2584 2234 2636 mortem
2250 2578 2456 2650 jnvari
2476 2578 2684 2636 suffra-

1620 2662 1754 2735 giis
1812 2665 1918 2719 aut
1966 2660 2222 2735 ipsorum
2276 2658 2503 2717 animas
2550 2675 2684 2732 pur-

1620 2743 1791 2812 gari,
1849 2741 2135 2812 simulque
2185 2747 2518 2798 sanctorum
2561 2741 2683 2798 ani-

1622 2838 1747 2880 mas
1786 2820 2118 2895 perfectam
2171 2819 2511 2878 fruitionem
2562 2820 2684 2877 adi-

1622 2903 1788 2978 pisci,
1802 2908 2090 2974 quatenus
2107 2901 2342 2959 animae
2357 2906 2509 2959 sunt.
2529 2899 2686 2958 Tan·

1624 2985 1753 3043 dem
1814 2983 2101 3042 adversus
2151 2983 2301 3052 illos,
2360 2982 2458 3053 qui
2508 2988 2681 3054 caput

1621 3064 1914 3122 inclinare
1941 3063 2148 3120 nolunt
2174 3062 2550 3135 debitamque
2569 3062 2686 3119 Ro-

1623 3162 1796 3203 mano
1819 3143 2096 3202 Pontifici
2122 3143 2585 3213 venerationem,
2626 3151 2688 3200 et

1625 3225 2028 3284 obedientiam
2090 3224 2339 3294 testari3
2412 3223 2686 3296 quemad-

1620 3306 1853 3364 modum
1925 3321 1997 3362 ex
2058 3310 2300 3362 vetusta
2361 3304 2688 3362 traditione

1619 3388 1903 3456 habetur,
1958 3391 2135 3457 atque
2187 3386 2248 3443 in
2279 3385 2476 3444 ‚sacris
2516 3401 2686 3442 cano-

1622 3468 1792 3524 nibus
1807 3471 2093 3524 statutum
2110 3463 2242 3522 fuit.
2272 3463 2566 3523 Convenit
2580 3465 2688 3536 igi-

1622 3555 1721 3605 tur
1760 3546 1924 3604 dicta
1962 3550 2175 3603 sancta
2212 3546 2470 3618 synodus
2509 3546 2569 3602 in
2609 3545 2687 3602 ci·

1624 3630 1846 3687 vitates
1866 3626 2087 3685 Italiae
2119 3624 2686 3697 praestantissimas,
2777 3649 2782 3656 ἴ

1621 3708 2006 3772 Ferrariam,
2063 3713 2240 3777 atque
2280 3706 2688 3775 Florentiam3

1624 3790 1994 3859 aderantque
2010 3787 2181 3844 multi
2193 3787 2415 3859 optimi,
2434 3804 2505 3844 ac
2520 3802 2689 3860 prae-

1625 3876 1856 3928 stantes
1907 3867 2024 3926 viri
2077 3867 2392 3939 sapientia,
2441 3868 2687 3924 virtute·

1624 3966 1734 4023 que
1752 3947 2129 4007 celeberrimi
2147 3964 2217 4005 ex
2228 3952 2481 4020 utraque
2497 3953 2687 4021 parte.

1625 4029 2072 4103 Componebant
2124 4028 2276 4084 enim
2332 4027 2518 4100 ipsum
2559 4043 2687 4084 coe-

1624 4117 1747 4168 tum
1805 4110 2108 4183 plusquam
2169 4107 2499 4180 octingenti
2552 4108 2688 4165 viri.

1624 4190 1720 4248 Ex
1756 4194 1932 4263 parte
1971 4188 2201 4260 quidem
2225 4186 2518 4246 Italorum
2557 4203 2688 4244 san·

1626 4278 1763 4329 ctae
1783 4267 2103 4327 memoriae
2124 4285 2370 4340 magnus
2384 4267 2690 4339 Eugenius

1625 4351 2027 4409 Romanorum
2076 4345 2361 4406 Pontifex
2400 4347 2690 4405 Maximus

1629 4448 1757 4492 cum
1782 4429 1936 4488 omni
1958 4428 2239 4487 Ecclesia
2259 4428 2374 4506 ipsi
2401 4427 2690 4502 subiecta,
