3514 5391
815 516 1066 587 Κυριιαι)
1105 522 1192 583 τῆς
1231 521 1460 587 ιυρινῆς.
1499 519 1767 574 Dominica
1794 518 2274 589 Quinquagesimae.
2599 523 2669 574 (39

400 713 699 781 dedicarit,
740 732 920 785 eoque
944 721 1202 787 provecta
1240 718 1457 772 licentia
1494 717 1587 783 sit,
1634 722 1695 772 ut
1728 719 1881 788 ipsas
1918 734 2125 787 quoque
2161 720 2328 788 leqes.
2376 720 2524 789 ipsos
2559 736 2671 774 ma·

396 794 678 863 qistratus
716 797 996 863 traverit,
1033 801 1087 851 et
1119 798 1263 866 quod
1297 814 1364 851 ne
1389 799 1609 868 privato
1634 798 1848 867 quidem
1874 799 2121 868 cuiquam
2160 800 2273 853 ulla
2301 800 2433 853 bene
2457 803 2671 853 morata

400 876 594 931 cie-itas
630 877 986 943 concederet,
1036 878 1096 933 id
1115 880 1344 949 penitus
1365 882 1491 949 Jam
1517 880 1738 949 publica
1779 880 2105 935 auctoritate
2140 880 2371 944 nitatur,
2408 883 2463 932 et
2486 879 2677 948 populi

401 957 568 1012 celati
602 958 774 1012 obliti
807 958 1067 1025 nominis,
1104 975 1207 1028 quo
1233 961 1523 1030 feruntur,
1572 960 1626 1013 in
1666 960 1814 1030 ipsos
1837 962 2214 1031 profanarum
2248 959 2488 1027 gentium
2527 958 2672 1012 ritus

403 1053 702 1108 moresque
743 1039 1171 1109 deqenerarunt.
1230 1041 1626 1113 Quamobrem
1666 1040 1922 1098 illustris
1950 1039 2257 1098 Grislenius
2281 1037 2673 1109 anbequius‚

404 1117 496 1191 qui
522 1117 735 1177 medio
757 1120 1003 1178 saeculo
1023 1119 1190 1181 XVI.
1229 1120 1601 1179 Ferdinandi
1622 1120 1672 1179 I.
1701 1121 2083 1194 imperatoris
2111 1121 2188 1179 ad
2208 1119 2569 1197 Solimanum
2594 1118 2673 1176 H.

405 1203 615 1256 orator
659 1197 803 1265 fuit,
857 1200 1144 1273 scriptum
1183 1200 1444 1275 reliquit,
1484 1202 1793 1273 quemdam
1832 1202 2097 1273 legatum
2137 1199 2486 1270 Tu1·carum,
2522 1206 2678 1273 post·

405 1294 580 1351 quam
637 1279 1142 1340 bachanaliorum
1192 1288 1458 1355 tempore
1507 1282 1566 1339 in
1618 1284 1873 1355 quadam
1928 1282 2383 1340 christianorum
2433 1281 2675 1352 regione

407 1367 688 1419 moratus
730 1369 920 1429 esset,
974 1360 1546 1437 Constantinopolim
1598 1379 1905 1422 reversum
1959 1363 2273 1429 retulisse,
2329 1365 2494 1419 certo
2536 1361 2674 1417 anni

407 1448 692 1515 tempore
736 1441 1098 1500 christianos
1138 1444 1228 1501 sui
1266 1442 1515 1515 impotes
1551 1443 1849 1514 insanire3
1903 1450 2027 1501 tum
2067 1442 2374 1515 cuiusdam
2413 1440 2677 1514 pulveris

408 1538 652 1581 arcana
688 1522 783 1587 vi,
838 1539 951 1595 quo
991 1540 1188 1582 eorum
1232 1524 1434 1597 capita
1473 1526 2050 1597 conspergebantur‚
2102 1523 2303 1581 redire
2352 1522 2430 1580 ad
2467 1523 2677 1580 bonam

410 1610 707 1673 mentem,
766 1619 840 1661 ac
887 1604 1248 1677 resipiscere
1300 1605 1701 1664 consuevisse:
1770 1606 1840 1659 [st
1886 1621 1990 1659 non
2029 1608 2259 1675 frustra
2305 1603 2569 1658 creditum
2606 1603 2683 1657 sit

408 1683 696 1737 hominem
740 1683 995 1751 stream,
1043 1686 1140 1754 qui
1173 1700 1235 1740 eo
1270 1688 1509 1755 tempore
1546 1686 1623 1739 ad
1655 1702 1756 1739 nos
1780 1686 1992 1755 publici
2023 1684 2230 1754 neqotii
2262 1701 2430 1739 causa
2467 1684 2681 1753 leyatus

410 1763 682 1829 senil-sset,
718 1763 934 1819 domam
972 1782 1272 1823 reversum.
1309 1766 1586 1821 retuli-we.
1624 1767 1959 1821 christianos
1995 1766 2163 1819 certis
2192 1765 2383 1819 diebus
2408 1764 2681 1819 bacchari.

411 1847 466 1898 et
490 1847 735 1916 furere,
770 1844 941 1901 donec
971 1863 1179 1916 ,qenere
1215 1847 1442 1916 quodam
1482 1848 1686 1901 cineris
1721 1848 1777 1900 in
1817 1847 2009 1916 templo
2046 1846 2295 1915 respersi
2324 1845 2575 1899 redirent
2609 1844 2683 1897 ad

412 1942 494 1991 se,
532 1928 595 1983 et
634 1924 1087 1981 concalescerent.

603 2012 740 2072 Nec
778 2014 919 2074 huic
956 2032 1178 2075 morum
1220 2017 1610 2090 perversitati
1646 2016 1929 2075 Ecclesia
1980 2021 2047 2073 ut
2084 2014 2278 2088 potuit
2325 2030 2440 2073 non
2479 2030 2682 2086 oppor-

417 2101 563 2153 tune
625 2095 954 2157 consuluit.
1012 2104 1076 2154 et
1112 2114 1349 2171 semper
1385 2097 1664 2169 precibus
1723 2097 2117 2170 operibusque
2172 2095 2286 2168 piis
2338 2094 2511 2151 enixe
2561 2091 2681 2149 Dei

421 2174 796 2247 praesidium
835 2176 1200 2251 imploravit,
1236 2184 1305 2235 ut
1339 2193 1563 2249 poenas
1593 2176 1788 2250 impiis
1818 2177 2054 2234 debitas
2085 2175 2375 2240 differret,
2414 2179 2476 2231 et
2502 2172 2681 2230 omni·

422 2256 661 2328 potenti
701 2256 927 2314 auxilio
962 2274 1065 2316 suo
1103 2258 1239 2317 huic
1266 2259 1420 2315 malo
1458 2256 1726 2317 remedia
1764 2259 2119 2330 praeberet:
2160 2262 2337 2327 atque
2366 2255 2527 2312 inter
2555 2270 2684 2312 cae-

425 2344 568 2394 tera
604 2336 859 2410 pietatis
898 2354 1084 2411 opera
1121 2339 1198 2396 ad
1236 2339 1392 2397 hunc
1430 2338 1606 2396 finem
1647 2338 1900 2404 directa,
1941 2337 2090 2395 illud
2130 2335 2261 2407 fuit,
2300 2341 2368 2392 ut
2392 2334 2682 2407 quaedam

426 2415 852 2488 religiosorum
903 2417 1177 2478 familiae
1226 2438 1262 2478 a
1302 2420 1582 2478 carnibus
1622 2419 1959 2489 abstinere,
2015 2423 2079 2474 et
2114 2416 2438 2475 lacticiniis
2476 2415 2685 2473 solum·

431 2497 607 2555 modo
643 2499 810 2557 vesci
849 2500 1274 2560 consueverint
1309 2519 1347 2560 a
1385 2500 1479 2557 die
1518 2498 1840 2559 Dominica
1878 2504 1984 2556 aut
2021 2498 2531 2571 Septuagesimae,
2585 2502 2690 2554 aut

434 2576 884 2650 Sexagesimae,
927 2587 1032 2638 aut
1071 2580 1629 2654 quinquagesimae,
1675 2597 1859 2652 usque
1902 2579 1981 2637 ad
2020 2579 2174 2637 diem
2215 2580 2495 2645 cinerum,
2534 2577 2688 2635 ideo·

437 2674 549 2731 que
582 2658 984 2721 bacchanalia
1013 2662 1214 2717 Carnis
1224 2662 1467 2733 privium
1507 2667 1937 2736 nuncupantur,
1978 2666 2041 2720 et
2069 2660 2127 2718 in
2154 2660 2340 2719 Missa
2364 2659 2689 2718 Mozaraba

437 2738 762 2799 Dominioa
799 2739 1229 2815 Sexagesimae
1270 2743 1556 2798 Dominica
1606 2744 1680 2798 ad
1714 2742 1986 2797 tollendas
2020 2758 2221 2797 cannes
2269 2741 2611 2814 appellatur
2628 2740 2689 2810 1).

619 2829 772 2888 Alia
810 2847 1036 2904 quoque
1074 2832 1381 2906 religionis
1420 2849 1631 2906 opera,
1685 2830 1929 2890 furente
1981 2830 2400 2889 bachanalium
2439 2829 2690 2898 insania,

444 2927 480 2966 a
518 2911 747 2969 sanctis
786 2911 936 2971 viris
975 2913 1218 2987 egregie
1258 2919 1396 2971 sunt
1432 2912 1740 2983 instituta,
1799 2913 1959 2971 inter
1998 2929 2147 2985 quae
2185 2910 2456 2983 publica,
2505 2914 2567 2966 et
2603 2927 2689 2966 so·

443 2991 653 3050 lemnis
692 2992 805 3050 illa
845 3000 941 3052 est
966 2994 1343 3062 consuetudo,
1384 2994 1550 3067 cujus
1577 2999 1787 3052 auctor
1816 3011 1861 3051 s,
1883 2993 2197 3066 Philippus
2223 2989 2444 3050 Nerius
2473 2988 2691 3054 extitit,

447 3079 674 3144 septem
714 3073 954 3132 scilicet
989 3075 1164 3148 hujus
1201 3076 1368 3133 urbis
1409 3074 1698 3132 ecclesias
1737 3074 2050 3144 invisendi,
2090 3072 2257 3144 qu‘us
2291 3069 2550 3130 instituti
2578 3087 2693 3127 me-

451 3152 619 3212 minit
653 3153 918 3214 Baccius
956 3155 1018 3214 in
1057 3156 1188 3229 ejus
1225 3156 1354 3216 vita
1369 3154 1434 3226 ²).
1496 3154 1705 3215 Nostri
1745 3160 1943 3213 autem
1969 3152 2502 3220 PraedecessoreS,
2541 3152 2691 3208 utin

451 3231 540 3290 his
577 3234 790 3293 diebus
828 3235 1090 3295 fidelium
1130 3237 1357 3296 animos
1410 3237 1489 3294 ad
1527 3242 1913 3294 sacramenta
1951 3233 2330 3307 suscipienda
2370 3229 2695 3290 inflamma·

454 3318 598 3385 rent,
634 3316 928 3387 plurimas
967 3317 1373 3391 indulgentias
1403 3317 1891 3390 impertiverunt:
1930 3317 2174 3384 Nuper-o,
2211 3312 2310 3368 sed
2332 3311 2697 3366 saluberrimo

456 3391 676 3463 invento,
715 3396 1014 3468 Pontifices
1049 3399 1266 3465 summi,
1302 3398 1632 3468 depromptis
1668 3397 1736 3451 de
1772 3397 2035 3451 thesauro
2072 3393 2355 3449 Ecclesiae
2390 3392 2696 3461 lat-qitioni·

460 3471 579 3540 bus,
617 3475 822 3546 fideles
871 3477 948 3531 ad
981 3479 1255 3534 incensam
1280 3480 1546 3550 pietatem
1571 3495 1682 3548 per
1715 3480 2184 3532 sacramentorum
2220 3471 2695 3543 participationem

459 3554 506 3608 in
542 3555 736 3611 diebus
772 3556 889 3611 illis
923 3556 1025 3628 (de
1060 3559 1530 3617 bacchanalibus
1560 3557 1845 3631 loquitur)
1873 3553 2340 3629 frequentandam
2368 3552 2700 3610 excitarunt,

459 3639 506 3689 et
537 3641 599 3692 ut
634 3655 699 3693 se
736 3638 875 3692 dant
908 3639 1090 3706 initia,
1125 3656 1251 3711 spes
1288 3643 1372 3694 est
1406 3639 1676 3694 diabolum
1725 3637 1853 3692 inde
1890 3640 2173 3691 extrusum
2213 3632 2537 3703 adigendum
2567 3634 2702 3703 sore

635 3838 677 3904 ¹)
717 3836 778 3891 In
817 3836 1033 3891 eundem
1069 3839 1219 3891 finem
1258 3837 1532 3891 monachos
1571 3836 1851 3890 orientales
1902 3849 1995 3903 pei·
2030 3832 2123 3885 lios
2162 3832 2270 3885 dies
2320 3831 2371 3884 in
2409 3828 2701 3883 meditanda

458 3920 668 3974 terribili
706 3917 936 3972 veritate
974 3918 1191 3971 extremi
1223 3916 1401 3987 Judicii
1438 3916 1654 3983 versari,
1694 3913 2106 3969 animadversum
2144 3917 2226 3965 est
2263 3926 2418 3979 supra
2456 3926 2503 3978 p.
2544 3910 2630 3962 34.

633 4000 677 4064 1’)
718 3997 902 4052 Eidem
940 3997 1198 4052 devotioni
1237 3997 1481 4067 piaculari
1532 4013 1590 4050 ει.-
1614 3995 1804 4049 Paulus
1858 4010 1889 4047 a
1927 3994 2089 4048 Cruce
2137 3991 2332 4045 servire
2382 3989 2546 4042 voluit
2583 3989 2703 4041 Offi-

463 4079 587 4134 cium
625 4076 903 4133 Solemnis
943 4077 1478 4133 Gommemorationis
1511 4075 1808 4132 Passionis
1836 4074 1908 4129 D.
1931 4074 2000 4127 N.
2022 4072 2081 4143 J„
2100 4072 2249 4138 Chr„
2286 4071 2417 4141 quod
2456 4085 2548 4137 per
2586 4069 2704 4122 fide-

462 4160 557 4213 lem
593 4160 789 4214 socium
827 4174 976 4211 suum
1014 4159 1169 4228 episc.
1199 4157 1412 4213 Thom.
1438 4155 1828 4212 Struzzieri
1867 4153 2265 4223 componendum
2293 4149 2510 4211 curavit,
2551 4149 2703 4218 quod-

466 4255 556 4310 que
580 4257 612 4294 a
627 4239 722 4294 Pio
738 4237 846 4293 PP.
867 4237 957 4290 Vl.
997 4238 1212 4307 primum
1236 4238 1574 4308 approbatum
1600 4252 1733 4291 nunc
1751 4238 1861 4305 jam
1888 4233 2199 4288 auctoritate
2226 4229 2415 4285 Leonis
2437 4228 2546 4281 PP:
2560 4227 2704 4282 XIII.

468 4320 516 4372 in
546 4336 657 4374 ven.
696 4321 965 4389 congreg.
1002 4318 1434 4374 Passionistarum
1484 4335 1598 4373 cum
1635 4316 1837 4371 Octava
1872 4314 2205 4385 privilegiata
2242 4311 2550 4365 celebratur.
2628 4309 2706 4361 De

473 4397 572 4466 ipso
606 4400 775 4456 Officii
814 4401 1050 4465 auctore,
1088 4416 1232 4469 eppo.
1271 4399 1567 4466 Struzzieri‚
1606 4398 1718 4451 viro
1755 4412 1856 4450 non
1893 4394 2125 4463 vulgaris
2163 4388 2464 4446 eruditionis
2504 4403 2565 4439 ac
2604 4387 2707 4454 pie-

475 4478 604 4546 tatis,
636 4480 837 4552 legesis
877 4478 1148 4544 Mox-oni,
1186 4478 1533 4545 Dieionario,
1570 4483 1610 4531 t.
1649 4478 1735 4544 76,
1775 4491 1859 4546 pp.
1898 4473 2199 4529 234-235.
