3514 5391
987 502 1328 559 Prooemium.
1383 503 1464 557 De
1502 503 1757 557 Paschate
1796 504 1895 557 rite
1933 508 2150 572 agendo.

2589 503 2696 556 ‘283

621 701 794 767 Haec
843 703 963 766 tria
1010 706 1219 765 autem
1267 701 1467 765 Haer.
1518 703 1625 766 50.
1677 686 1966 785 apertius*
1999 721 2070 766 ac
2117 701 2466 786 distinctius
2513 701 2646 785 doc(

449 821 581 865 esse
618 796 836 864 lunam
868 801 976 879 14,
1026 799 1490 884 aequinoctium
1536 819 1607 863 ac
1640 798 1807 863 diem
1844 799 2258 881 Dominicum,
2308 798 2646 884 singulorul

456 899 752 965 rationem
801 899 1056 982 insuper
1101 899 1186 962 ita
1232 897 1556 964 declarans
1605 918 1664 962 n.
1713 896 1754 962 3
1785 897 1832 981 ¹)
1854 921 1881 961 :·

552 1020 988 1102 Πανταχόθεν
1006 1019 1077 1086 δὲ
1108 1019 1144 1109 ἡ
1174 1016 1323 1105 άγία
1349 1023 1517 1086 Θεοῦ

451 1114 778 1208 Ἐκκλησία
810 1118 962 1207 περὶ
990 1125 1105 1209 τῆς
1125 1114 1341 1207 χρείας
1362 1119 1516 1185 ταύ-

449 1243 557 1306 της
617 1223 732 1307 τῆς
792 1215 1237 1305 μυσταγωγίας
1295 1218 1516 1285 συλλέ-

450 1340 646 1401 γουσα
689 1318 806 1383 τὸν
844 1318 1216 1403 σύνδεσμον,
1265 1315 1341 1383 οὗ
1373 1315 1515 1383 δια-

449 1413 679 1484 πίπτει
727 1423 841 1506 τῆς
870 1413 1198 1506 ἀληθείας.
1275 1416 1515 1506 Κέχρη-

446 1540 554 1581 ται
613 1515 731 1603 γὰρ
789 1515 864 1581 οὐ
909 1515 1107 1605 μόνον
1161 1520 1237 1604 τῇ
1281 1537 1515 1581 τεσσα-

444 1612 934 1704 ρεσκαιδεκάτῃ,
1026 1610 1186 1680 ἀλλὰ
1264 1613 1372 1679 καὶ
1440 1619 1517 1703 τῇ

444 1710 761 1798 ἑβδομάδι
836 1718 933 1802 τῇ·
982 1712 1145 1779 κατὰ
1209 1708 1517 1800 περίοδον

443 1810 957 1901 άνακυκλουμένῃ
1001 1810 1176 1894 τάξει
1225 1816 1355 1877 τῶν
1399 1816 1515 1876 τοῦ

448 1909 798 1996 Σαββάτου
854 1907 1025 1977 ἑπτὰ
1082 1909 1345 1997 ἡμερῶν·
1407 1911 1515 1976 ἵνα

442 2007 609 2075 κατὰ
654 2009 739 2074 τὰ
784 2007 916 2075 ἐπὸ
962 2015 1078 2075 τοῦ
1126 2004 1370 2095 Κυρίου
1416 2031 1513 2093 γε-

443 2133 709 2221 νρμενα
726 2107 894 2174 κατὰ
939 2108 1015 2173 τὸ
1062 2107 1513 2219 πρωτότυπον,

437 2223 545 2285 ειη
593 2193 947 2277 ανάστασίς
990 2222 1060 2264 τε
1107 2222 1213 2263 καί
1259 2193 1512 2279 εὐωχία.
1548 2248 1556 2255 -

443 2294 581 2362 Καὶ
652 2295 954 2387 κέχρηται
1031 2295 1107 2361 οὐ
1173 2294 1372 2381 μόνον
1439 2300 1517 2384 τῇ

436 2393 1104 2483 τεσσαρεσκαιδεκάτῃ
1162 2400 1273 2482 τῆς
1333 2393 1516 2483 σελή-

440 2518 564 2583 νης,
638 2492 798 2559 ἀλλὰ
845 2493 951 2560 καὶ
999 2497 1092 2579 τῷ
1139 2492 1355 2580 δρόμῳ
1400 2498 1519 2557 τοῦ

438 2589 644 2683 ἡλίου·
715 2594 825 2657 ἵνα
893 2592 1010 2681 μή,
1084 2588 1176 2658 ἑνὶ
1246 2590 1516 2677 ἐνιαυτῷ

437 2689 552 2758 δύο
605 2690 848 2774 Πάσχα
896 2695 1254 2774 ποιοῦντες,
1313 2688 1381 2757 ἔν
1425 2694 1546 2781 τῷ,

437 2788 638 2876 ἑτέρῳ
700 2789 862 2879 μηδὲ
922 2787 991 2855 ἓν
1051 2790 1286 2871 Πάσχα
1345 2788 1515 2854 τελέ-

437 2912 676 2975 σωμεν.
782 2886 909 2954 Διὸ
965 2887 1517 2977 παρατηρούμεθα

436 2989 553 3072 μὲν
621 2988 737 3077 τὴν
798 2985 1513 3075 τεσσαρεσκαιδεκάτην,

438 3081 918 3175 ὑπερβαίνομεν
983 3084 1053 3150 δὲ
1121 3086 1232 3174 τὴν
1297 3080 1515 3173 ἰσημε-

438 3182 601 3269 ρίαν,
644 3184 927 3274 ᾳέρομεν
961 3184 1030 3250 δὲ
1057 3183 1170 3249 ἐπὶ
1193 3183 1307 3271 τὴν
1330 3179 1517 3267 ἁγίαν

445 3282 775 3371 Κυριακὴν
832 3282 928 3347 τὰ
954 3282 1137 3361 τέλος
1190 3287 1300 3370 τῆς
1356 3303 1514 3366 συμ-

440 3381 854 3471 πληρώσεως·
899 3381 1310 3466 λαμβάνομεν
1338 3380 1408 3446 δὲ
1439 3381 1515 3445 τὸ

439 3481 784 3565 πρόβατον
816 3477 951 3546 ἀπὸ
981 3478 1265 3568 δεκάτης,
1313 3479 1516 3565 ὄνομα

441 3584 556 3643 τοῦ
603 3578 816 3668 Ἰησοῦ
872 3577 1241 3661 ἐπιγνόντες
1286 3578 1395 3644 διὰ
1440 3578 1516 3643 ‘cd

441 3673 624 3742 ἶῶτα·
671 3679 782 3742 ἵνα
818 3675 905 3766 μὴ
934 3675 1109 3764 λάθῃ
1142 3674 1300 3764 ἡμᾶς
1322 3676 1517 3764 μηδὲν

439 3780 566 3839 τῶν
596 3775 766 3841 κατὰ
808 3775 922 3863 τὴν
954 3774 1268 3864 ἀλήθειαν
1296 3780 1517 3839 πᾶσαν

444 3879 552 3960 τῆς
580 3874 855 3961 ζωτικῆς
884 3870 1117 3962 ταύτης
1145 3878 1260 3938 τοῦ
1282 3873 1518 3953 Πάσχα

442 3976 551 4058 τῆς
612 3966 1141 4059 ἐκκλησιαστικῗ,ς
1202 3969 1309 4036 καὶ
1367 3969 1515 4058 άλη-

443 4073 634 4157 θινῆς
683 4064 1147 4195 πραγματέμας

1733 1022 2016 1089 Ecclesia
2095 1042 2278 1105 porro
2355 1021 2646 1087 Catholici

1626 1142 1785 1207 quae
1851 1122 1931 1186 ad
1992 1121 2054 1185 id
2102 1121 2477 1205 mysterium·
2532 1119 2646 1186 cel<

1626 1221 1935 1286 brandum
1969 1220 2321 1285 necessaria
2345 1223 2490 1284 sunt
2516 1220 2640 1283 und

1626 1338 1747 1403 que
1797 1318 2205 1396 contraheu3‚
2274 1323 2335 1383 et
2394 1309 2451 1383 in
2503 1339 2646 1383 unul

1626 1417 1989 1495 conferenS,
2059 1417 2383 1482 veritatem
2449 1417 2645 1482 retine

1623 1515 1790 1581 Nam
1840 1536 1964 1580 non
2012 1516 2212 1581 solum
2249 1517 2348 1581 14.
2385 1515 2550 1580 diem
2585 1517 2646 1580 ol

1573 1666 1579 1673 .
1625 1618 1869 1693 servat3
1932 1614 2042 1678 sed
2093 1618 2154 1679 et
2200 1613 2646 1678 hebdomadon.

1623 1712 1744 1777 hoc
1793 1717 1889 1777 est
1935 1717 2225 1796 septenos
2255 1711 2391 1776 illos
2439 1711 2646 1776 Sabba

1625 1812 1780 1888 dieS,
1831 1812 1936 1895 qui
1986 1815 2283 1895 perpetuo
2315 1811 2573 1875 circuitu
2623 1832 2646 1875 a

1623 1908 2006 1973 revolutione
2054 1910 2331 1985 redeunt,
2384 1914 2451 1973 ut
2488 1909 2563 1973 ad
2596 1929 2646 1974 e(

1626 2028 1763 2072 rum
1797 2008 2113 2092 exemplar
2150 2028 2309 2092 quae
2339 2013 2483 2072 sunt
2511 2008 2646 2073 aD(

1625 2107 1793 2170 mino
1818 2111 2014 2191 gesta,
2048 2106 2418 2171 resurrectio
2446 2106 2646 2191 epulae

1626 2224 1745 2287 que
1765 2204 2175 2270 celebrentur.
2202 2205 2438 2270 Deinde
2452 2210 2646 2289 praete

1623 2302 1807 2367 lunae
1851 2304 1950 2368 14.
1984 2303 2171 2382 diem,
2223 2303 2408 2367 etiam
2445 2323 2646 2368 cursui

1626 2400 1774 2466 solis
1841 2400 2128 2477 adhibet,
2202 2422 2280 2465 ne
2345 2401 2570 2485 duplex
2630 2401 2646 2465 i

1626 2501 1896 2564 eundem
1917 2520 2142 2564 annum
2161 2498 2406 2564 Pascha
2422 2500 2509 2564 ita
2525 2520 2646 2564 con

1625 2599 1908 2662 mittatur
1926 2649 1954 2675 ‚.
2007 2603 2076 2662 ut
2137 2598 2328 2662 altero
2396 2618 2555 2663 anno
2618 2619 2646 2662 u

1608 2718 1822 2762 unum
1870 2698 2119 2782 quidem
2153 2697 2476 2763 habeatur.
2535 2697 2646 2778 Qu<

1628 2795 1792 2860 circa
1840 2797 1944 2860 14.
1996 2794 2165 2861 illam
2227 2796 2391 2860 diem
2459 2796 2547 2860 sic
2609 2802 2646 2859 tc

1626 2914 1866 2971 nemuS,
1915 2898 1985 2958 ut
2029 2894 2483 2978 aequinoctium
2515 2915 2646 2977 pra(

1627 2993 2114 3078 tergrediamur3
2182 3012 2255 3057 ac
2318 2994 2570 3058 demum
2631 2991 2646 3055 i

1626 3096 1907 3156 sanctam
1982 3091 2370 3156 Dominicam
2448 3089 2646 3175 religi(

1626 3190 1855 3254 sissimi
1921 3190 2219 3274 temporis
2286 3189 2470 3254 finem
2545 3209 2646 3255 cor

1616 3288 1902 3372 jicimus;
1953 3289 2060 3353 sed
2111 3309 2339 3374 agnum
2379 3289 2510 3371 jam
2560 3293 2646 3352 tui

1626 3407 1661 3450 a
1706 3386 1949 3450 decimo
1997 3387 2097 3451 die
2144 3388 2475 3463 sumimus,
2540 3406 2646 3469 qu<

1625 3485 1790 3548 niam
1842 3485 1903 3548 in
1950 3483 2087 3549 Iota
2132 3484 2335 3549 littera
2382 3484 2534 3548 Jesu
2583 3505 2646 3548 n<

1628 3602 1769 3646 men
1836 3584 2230 3667 agnoscimus
2253 3583 2340 3666 ²),
2405 3603 2483 3647 ne
2545 3583 2646 3665 qui

1626 3681 1876 3745 omnino
1963 3681 2346 3767 diligentiam
2418 3684 2646 3744 nostrai

1626 3778 1898 3863 effugiat,
1932 3780 2097 3862 quod
2115 3780 2189 3843 ad
2209 3779 2646 3844 ecclesiasticen

1625 3882 1686 3941 et
1722 3890 2106 3962 germanam,
2158 3898 2224 3943 ac
2259 3879 2417 3943 vitae
2448 3876 2646 3942 salutis

1626 3994 1745 4057 que
1765 3974 2577 4040 conciliatricemPaschatis
2596 3995 2646 4038 c(

1627 4071 2033 4138 lebrationem
2056 4073 2365 4156 pertinere
2390 4073 2646 4137 videatul

627 4231 669 4297 ¹)
697 4190 875 4299 Apud
900 4230 1089 4299 Migno,
1128 4230 1269 4284 Patr.
1308 4247 1386 4298 gr.
1427 4236 1465 4284 t.
1503 4232 1589 4298 41,
1630 4249 1713 4301 pp.
1752 4234 2052 4287 887-888.

625 4309 670 4375 ¹)
714 4310 880 4379 Hujus
919 4310 1015 4364 loci
1053 4311 1531 4380 interpretationem
1557 4312 1715 4366 habes
1753 4312 1887 4381 apud
1915 4313 2128 4366 eundem
2154 4331 2196 4366 s.
2218 4311 2646 4379 Epiphaniun

442 4390 598 4444 haer.
641 4391 737 4455 70,
782 4407 831 4443 n.
877 4391 960 4457 12,
1001 4391 1128 4458 jcto.
1168 4393 1530 4444 commentario
1571 4391 1790 4457 Petavii,
1831 4392 1965 4460 apud
2002 4391 2191 4460 Migne,
2231 4390 2373 4443 Patr.
2409 4407 2488 4458 gr.
2527 4393 2566 4442 t.
2606 4391 2646 4442 4÷

445 4484 527 4539 pp.
565 4470 877 4524 363—367.
