3514 5391
1271 518 1468 574 Junius.
1524 520 1707 576 Julius,

1118 715 1487 785 Chezlran.
1565 718 1613 787 J
1613 718 1855 785 unius·

536 1282 675 1365 xxvj
759 1282 790 1347 f
904 1283 945 1348 2
1001 1283 1348 1349 Marcellini
1395 1288 1457 1349 et
1503 1283 1673 1349 Petri
1721 1288 1900 1351 mart.

528 1390 672 1474 xviij
753 1389 784 1454 f
902 1392 942 1455 9
1003 1390 1190 1454 Primi
1243 1396 1305 1455 et
1352 1391 1649 1456 Felieiani
1699 1396 1879 1458 mart.

575 1499 671 1582 xvj
734 1499 791 1562 A
862 1500 951 1570 ll=
1002 1497 1321 1563 Barnabae
1369 1499 1489 1582 Ap.
1791 1505 1801 1514 '

595 1628 672 1672 xv
746 1604 786 1669 b
859 1606 939 1669 12
997 1605 1285 1669 Basilidis
1334 1610 1396 1670 et
1443 1604 1656 1689 Gyrini
1703 1610 1881 1669 mart.

571 1713 669 1779 xiv
751 1733 784 1777 e
856 1713 938 1776 13
1000 1712 1249 1777 Antonii
1298 1714 1375 1777 de
1424 1712 1657 1778 Padua.

566 1821 668 1905 xiij
744 1821 785 1884 d
855 1821 936 1884 14
995 1818 1206 1884 Basilii
1255 1819 1470 1905 Magni
1518 1820 1707 1903 episc.
1756 1825 1820 1884 et
1867 1820 2027 1886 conf.

584 1929 664 2011 xij
744 1946 778 1991 e
852 1926 936 1992 15
998 1926 1117 1992 Viti
1167 1931 1229 1992 et
1275 1926 1545 1991 Modesti
1593 1931 1775 1991 mart.

605 2037 667 2101 ix
727 2031 787 2099 A
852 2036 933 2100 18
992 2034 1192 2099 Marci
1240 2038 1302 2099 et
1350 2033 1733 2099 Marcelliani
1779 2043 1958 2100 mart.

560 2142 662 2226 viij
739 2141 779 2206 b
850 2142 933 2205 19
992 2141 1273 2207 Gervasii
1321 2147 1383 2206 et
1427 2141 1694 2207 Protasii
1742 2150 1923 2208 mart.

581 2251 661 2335 vij
743 2269 777 2314 e
846 2249 934 2314 20
988 2247 1232 2314 Silverii
1277 2249 1485 2333 Papae
1534 2254 1596 2314 et
1644 2258 1822 2315 mart.

625 2380 663 2422 v
738 2376 771 2421 e
846 2356 930 2421 22
986 2355 1232 2421 Paulini·
1276 2357 1466 2441 episc.
1518 2362 1579 2422 et
1627 2357 1790 2421 conf.

601 2466 660 2531 iv
744 2464 775 2528 f
843 2464 927 2528 23
985 2463 1329 2547 Jejunium.

592 2572 655 2655 iij
736 2593 780 2657 g
841 2572 926 2635 24
982 2571 1365 2636 Nativitas
1413 2590 1463 2635 S.
1514 2570 1826 2636 Joannis
1876 2571 2282 2654 Baptistae.

626 2679 653 2765 j
730 2678 770 2744 b
840 2678 925 2744 26
983 2677 1241 2743 Joannis
1290 2682 1353 2744 et
1398 2677 1577 2744 Pauli
1624 2683 1803 2743 mart.

514 2787 653 2851 xxix
731 2787 769 2849 d
838 2786 924 2850 28
984 2785 1210 2850 Leonis
1258 2785 1467 2869 Papae
1516 2791 1578 2851 et
1625 2785 1787 2850 conf.

470 2893 650 2977 xxviij
732 2913 765 2958 e
838 2894 923 2957 29
981 2891 1187 2957 Petri
1234 2899 1304 2959 et
1349 2894 1563 2959 Pauli
1608 2895 1864 2979 Apost.

1458 3551 1746 3621 Tamuz.
1813 3550 2083 3621 Julius.

511 3768 645 3850 xxvj
720 3790 765 3854 g
882 3768 909 3828 l
976 3770 1208 3832 Octava
1254 3767 1396 3831 Mar
1442 3767 1700 3832 Joannis
1751 3768 1930 3850 Bapt.

535 3896 647 3940 xxv
708 3877 765 3940 A
875 3874 916 3936 2
978 3874 1332 3939 Visitatio
1380 3875 1450 3939 B.
1504 3874 1918 3939 Genitricis
1966 3873 2120 3938 Dei.

515 3982 647 4048 xxiv
720 3982 761 4047 b
874 3981 914 4043 3
974 3980 1588 4046 Commemoratio
1637 3982 1808 4045 Mar
1844 3980 2167 4045 Thomae
2216 3981 2324 4064 Ap

551 4090 646 4153 xxi
723 4110 756 4154 e
874 4086 914 4150 6
973 4089 1205 4153 Octava
1249 4107 1334 4152 ss,
1383 4087 1551 4152 Petri
1600 4092 1661 4153 et
1705 4088 1902 4153 Pauli.

532 4196 644 4279 xvij
719 4196 757 4261 b
832 4194 914 4257 10
969 4195 1224 4279 Septem
1273 4196 1532 4260 fratrum
1582 4201 1944 4279 martyrum.

552 4303 644 4384 xvj
727 4323 759 4367 e
796 4379 800 4394 Ι
832 4301 899 4363 11
971 4302 1063 4366 Ρίἰ
1113 4301 1320 4385 Papae
1370 4308 1432 4367 et
1479 4308 1659 4368 mart.

574 4428 648 4471 xv
722 4364 1238 4545 dj211Naboris
1285 4414 1346 4474 et
1393 4408 1621 4475 Felicis
1669 4414 1850 4474 mart.
