3514 5391
726 525 899 586 Hense
937 525 1178 586 Decemb.
1238 530 1374 600 Κυρ.
1412 527 1552 599 μετά
1592 525 1690 592 τὴν
1732 529 1982 600 Χρίστου
2020 529 2292 598 γέννησιν.
2530 525 2639 584 543

399 727 522 794 Eos
585 747 732 795 cum
792 728 1075 796 versione
1135 726 1327 795 latina
1372 725 1841 815 Martyroloqt'o
1887 727 2141 793 moerico
2201 725 2462 794 inseruit
2518 725 2593 793 Si
2612 761 2641 776 ·

399 826 670 904 barus,
719 846 823 911 pp.
873 825 1251 892 422-43‘1.

570 949 895 1009 Caeterum
936 949 1187 1009 Patrum
1230 948 1469 1006 nomina
1510 964 1637 1006 cnm
1679 948 1952 1007 versibus
1992 945 2105 1007 des

396 1029 659 1090 tionibus
695 1030 958 1090 rumenis
995 1030 1301 1091 Blasiensi
1340 1046 1443 1089 seu
1480 1029 1936 1090 Balasialvensi
1975 1047 2069 1091 an.

396 1108 587 1168 kiensi
628 1128 725 1170 an.
766 1111 921 1181 1780,
960 1118 1083 1170 tum
1123 1111 1184 1168 in
1222 1111 1466 1170 slavicis
1506 1111 1851 1178 monasterii
1891 1112 2105 1166 Pocaer

395 1190 729 1250 Moscuensi
768 1208 862 1249 an.
904 1191 1059 1250 1720.
1117 1191 1190 1250 In
1218 1191 1480 1266 reliquos
1507 1191 1744 1250 codices
1776 1198 1976 1251 autem
2003 1197 2102 1250 tra

395 1270 480 1328 uti
517 1270 732 1329 videre
773 1277 867 1330 est
918 1271 980 1329 in
1019 1269 1321 1330 codicibus
1372 1271 1818 1344 manuscriptiS,
1875 1287 2105 1344 praese]

394 1351 489 1423 qui
528 1352 920 1425 reperiuntur
957 1351 1301 1424 Zagrabiae
1342 1351 1401 1407 in
1427 1350 1798 1409 bibliotheca
1827 1351 2105 1410 academi:

392 1429 522 1490 NN.
561 1432 599 1489 4
658 1437 723 1490 et
758 1433 882 1492 763.
955 1431 1132 1490 Duae
1186 1432 1480 1490 editiones
1516 1431 1830 1490 anenae
1867 1430 2105 1490 Rimini]

393 1517 456 1568 et
493 1510 865 1571 cibiniensis
905 1529 998 1570 an.
1040 1513 1181 1571 1856
1231 1513 1358 1572 sola
1408 1512 1645 1570 nomina
1697 1512 2020 1578 continent,
2078 1529 2105 1569 o

392 1589 463 1647 In
501 1592 776 1652 Menaeis
815 1593 1067 1652 sorbicis
1106 1609 1277 1651 mscr.
1318 1591 1664 1651 monasterii
1692 1592 2103 1647 Krukedolensi

394 1676 455 1727 et
492 1689 706 1731 versus
745 1672 1103 1732 exhibentur
1141 1691 1178 1732 a
1213 1672 1454 1731 Davide
1493 1689 1678 1746 nsque
1717 1672 1794 1730 ad
1831 1673 2024 1730 finem.

567 1833 928 1923 Παραμονὴ
972 1838 1099 1898 τῶν
1146 1831 1684 1920 Χριστουγέννων.
1786 1832 2105 1900 Νατίυἱιαῐ

388 1931 680 2018 viyilium
728 1930 790 1998 in
837 1933 1286 2019 diagrammate
1332 1934 1636 1999 festorum
1695 1932 2017 1998 mobilium
2078 1954 2105 1998 e

389 2030 530 2096 talis
579 2031 838 2117 signari,
889 2031 1438 2097 animadvertimus
1486 2036 1655 2097 tomo
1706 2032 1765 2107 1,
1814 2052 1876 2115 p.
1909 2030 2060 2106 361,

390 2135 520 2194 tera
573 2130 653 2195 ad
701 2128 870 2195 hunc
918 2130 1081 2194 diem
1133 2129 1476 2213 spectantia
1521 2128 1716 2215 relegi
1763 2134 2073 2214 poterunt.

393 2394 1464 2485 ΚυριακθμετὰτὴνΧριστοῦ
1577 2394 2105 2483 Dominicap

741 2492 1108 2583 γέννησιν.
1792 2505 2038 2560 tatem
2091 2505 2105 2557 4

504 2635 749 2727 Μνήμη
796 2642 925 2703 τῶν
971 2631 1165 2723 ἁγίων
1210 2631 1319 2703 καὶ
1365 2635 1464 2703 δι·
1691 2635 2105 2703 Commemora

392 2732 595 2801 καίων
678 2734 1112 2824 θεοπατόρων
1131 2788 1145 2817 ,
1235 2734 1467 2825 Ἰωσὴφ
1577 2746 1636 2800 et
1682 2740 2005 2825 justorum
2067 2736 2105 2801 J

392 2839 509 2899 τοῦ
537 2834 897 2924 μνήστορος
939 2840 1051 2923 τῆς
1081 2829 1264 2919 ἁγίας
1299 2856 1466 2921 παρ·
1578 2846 1832 2900 sanctae
1923 2836 2105 2923 Vir-92·⁴

399 2931 600 2999 θένου
647 2927 1015 3021 Δεσποίνης
1073 2931 1249 3020 ἡμῶν
1310 2936 1468 2998 29⁸0·-
1576 2934 1892 2998 Dominae
1915 2945 2105 2998 nostr«

393 3030 611 3113 τόκου,
662 3029 968 3116 Ἰακώβου
1022 3035 1139 3096 τοῦ
1185 3029 1469 3119 ἀδελφοῦ
1579 3034 1695 3097 tris
1760 3032 2028 3097 Domini
2089 3057 2105 3096 ε

394 3134 512 3194 τοῦ
574 3124 852 3218 Κυρίου,
913 3128 1022 3194 καὶ
1083 3126 1298 3194 Δαυῒδ
1353 3132 1469 3193 τοῦ
1568 3131 1796 3216 phetae
1845 3140 1904 3193 et
1946 3132 2105 3216 regi-fl

396 3226 741 3317 προφήτου
784 3225 894 3292 καὶ
937 3225 1276 3310 βασιλέως.
1374 3227 1471 3293 Ita

399 3326 736 3394 Menaea
781 3328 859 3394 ad
906 3327 967 3393 d.
1017 3325 1120 3393 26.
1173 3328 1324 3392 Dec.
1381 3381 1389 3390 .

582 3470 653 3535 In
691 3469 1047 3556 Horologiis
1095 3470 1698 3558 austro-hungaricis
1747 3470 1975 3536 festum
2024 3491 2100 3536 en

402 3572 573 3632 tomo
624 3567 680 3645 1,
731 3589 835 3653 pp.
884 3567 1238 3638 366—367
1289 3569 1478 3633 slav.
1532 3566 1815 3657 Nedelja
1852 3591 1941 3655 po
1988 3570 2105 3632 roi«

402 3665 685 3753 svjatych
746 3665 776 3728 i
828 3665 1237 3754 pravednych
1300 3666 1606 3751 Boqootec
1667 3666 1875 3752 Ioszfa
1938 3665 2105 3730 obru«

412 3760 612 3851 Carja
670 3765 698 3826 i
740 3763 982 3829 Iakova
1027 3764 1215 3829 brata
1271 3763 1648 3854 Goepodnja
1687 3787 1778 3851 po
1820 3764 1991 3851 ploti
2003 3788 2026 3845 ‚·
2094 3786 2105 3830 1

404 3883 564 3924 neca
622 3861 797 3948 ἄωρα
856 3863 1183 3927 Ναεοονεα
1242 3863 1338 3928 lui
1389 3862 1750 3928 Chr-istosne:
1816 3864 2105 3927 Amantir

407 3957 791 4046 direpti‘loru
850 3978 892 4024 a
938 3961 1034 4026 lm·
1091 3961 1300 4048 Ioszfu
1347 3961 1773 4048 loqodniculu‚
1837 3986 1878 4026 a
1925 3962 2020 4026 lui
2066 3962 2105 4025 I

411 4054 548 4120 tuln
591 4058 649 4120 εἲ
693 4082 736 4122 α
781 4057 876 4123 lui
921 4059 1154 4124 Iaoobu-
1183 4059 1434 4144 fratele
1480 4057 1852 4126 Domnului.

588 4172 870 4239 Habetur
923 4176 985 4239 in
1031 4175 1397 4241 Menaeis
1463 4176 1740 4242 solemne
1792 4174 2081 4241 Officium

412 4270 642 4355 duplici
703 4291 938 4338 canone
1003 4278 1064 4338 et
1110 4273 1433 4358 synaxario
1494 4272 1926 4350 breviuscu10‚
1991 4294 2065 4338 ex

412 4367 576 4433 circo
620 4369 773 4434 nihil
821 4374 917 4435 est
960 4369 1082 4436 huc
1128 4370 1722 4447 transscribendum,
1793 4371 1975 4454 quod,
2024 4389 2103 4434 no

414 4468 636 4544 nario,
686 4486 846 4550 quae
892 4468 970 4532 ad
1015 4472 1263 4534 sanctos
1306 4468 1461 4535 istos
1509 4470 1840 4554 pertinent,
1882 4469 2013 4551 jam
2063 4492 2105 4532 e:
