3514 5391
695 518 773 565 A.
815 519 904 581 τῆς
938 521 1459 585 μεσοπεντηκοσι-ῆς.
1515 517 1633 572 Fer.
1673 517 1761 570 IV.
1802 518 1999 571 mediae
2044 517 2397 572 pentecostes,

428 716 966 805 βλασφημοῦντες,
1013 722 1333 794 κινοῦντες
1376 715 1495 794 τάς

432 811 685 893 ἀδίκους
728 814 1049 900 γλώσσας,
1112 815 1263 880 κενά
1307 815 1491 899 μελε-

426 940 667 994 τωντες.

873 1080 1038 1141 Δοξα.

525 1165 641 1251 Εἷς
678 1174 846 1252 Θεὸς
876 1172 913 1263 ἡ
954 1173 1168 1260 Τριάς·
1208 1179 1325 1239 τοῖ’
1345 1175 1490 1238 Πα-

421 1272 564 1359 τρός
587 1273 674 1361 μὴ
700 1273 1050 1351 ἐκστάντος
1079 1267 1173 1350 εἷς
1203 1267 1487 1361 υἱότητα·

422 1370 562 1436 οὐδὲ
598 1366 762 1437 Υἳοῦ
822 1371 1184 1457 τραπέντος
1238 1366 1333 1449 εἷς
1387 1370 1487 1437 ἕκ-

420 1469 747 1556 πόρευσιν·
796 1468 939 1535 ἀλλ’
971 1465 1110 1557 ἰδίᾳ
1140 1467 1248 1535 καὶ
1275 1468 1488 1559 ἄμφω,

419 1574 551 1655 φῶς
602 1569 776 1635 Θεὸν
833 1567 915 1634 τά
961 1564 1109 1653 τρία
1156 1564 1409 1651 δοξάζω
1442 1568 1489 1653 ¹)

418 1662 505 1744 εἷς
552 1659 812 1745 αἰῶνας.

804 1832 1116 1883 Θεοτοκίον.

520 1930 678 2005 Πῶς
729 1925 1084 2017 ἐγέννησας,
1147 1922 1316 2013 εἶπέ,
1376 1927 1492 1993 τὸν

418 2024 485 2091 ἐκ
550 2024 822 2111 Πατρός
904 2024 1187 2111 άχρόνως
1252 2048 1489 2114 προεκ-

417 2124 534 2208 λάμ
546 2135 790 2213 ψαντα,
823 2122 932 2190 καὶ
966 2124 1081 2190 σῦν
1101 2120 1261 2211 ἁγίῳ
1282 2124 1489 2191 mei·-

416 2247 565 2305 ματι
599 2221 1093 2308 άνυμνούμενον,
1134 2221 1174 2312 ἢ
1201 2223 1287 2302 ιῦς
1315 2217 1492 2290 οἶδεν

417 2320 452 2385 ό
494 2320 697 2404 μόνος
725 2320 1074 2411 εὐδοκήσας
1102 2321 1171 2388 ἐκ
1200 2328 1318 2388 σοῦ
1346 2347 1483 2404 τεχ-

420 2423 636 2509 θῆναι,
697 2420 995 2488 Θεοτόκε.

777 2670 847 2736 Ὠ
864 2697 887 2736 ι
906 2671 946 2737 δ
961 2671 997 2760 ὴ
1044 2672 1138 2740 θ’.

569 2797 891 2868 Ἀλλότριον
928 2803 1036 2852 τῶν
1070 2805 1333 2869 μητέρων.

531 2928 659 3012 Τῆς
683 2921 908 3013 ἑορτῆς
935 2922 1334 3011 μεσαζοὺσης
1363 2928 1492 2987 τῶν

419 3017 778 3103 Ἰουδαίων,
848 3020 1124 3108 ἀνῆλθες
1180 3019 1217 3086 ὁ
1270 3021 1491 3110 Σωτήρ

417 3144 557 3203 μου,
631 3119 749 3186 ἐπὶ
809 3120 884 3185 τό
932 3116 1104 3207 ἱερόν
1161 3141 1310 3201 σου,
1382 3118 1490 3185 καὶ

419 3213 753 3297 ἐδίδασκες
798 3217 1067 3296 πάντας·
1117 3217 1492 3303 ἐθαύμαζον

420 3313 478 3382 οἳ
505 3315 843 3399 Ἰουδαῖοι,
885 3316 1009 3399 καὶ,
1042 3315 1275 3382 Πόθεν
1304 3307 1491 3394 οὗτος

421 3406 558 3481 οἶδε
575 3413 936 3501 γράμματα,
960 3415 1048 3504 μὴ
1064 3414 1488 3504 μεμ-αθηκώςς

420 3508 649 3597 ἔλεγον.

524 3611 801 3697 Ἰάματα
827 3612 1235 3698 χαρισμάτων
1278 3611 1313 3676 ὁ
1342 3617 1487 3678 Λυ-

420 3709 658 3799 τρωτής
701 3734 827 3795 μου
871 3710 1173 3799 πηγάζων
1201 3708 1488 3776 ἐπετέλει

420 3807 653 3893 τέρατα
683 3806 794 3874 καὶ
825 3811 1074 3897 σημεῖα,
1123 3808 1492 3897 φυγαδεύων

423 3904 533 3983 τὰς
556 3906 805 3987 νόσους,
840 3901 1108 3990 ἰώμενος
1124 3907 1275 3984 τοὺς
1295 3907 1487 3973 ἀσθε-

428 4009 704 4083 νοῦντας.
768 4003 946 4069 Ἀλλ’
993 4003 1303 4070 Ἰουδαῖοι
1352 4005 1488 4087 ἐξε-

2568 519 2675 572 359

1604 719 2131 804 blasphemantes
2185 727 2502 786 moventes
2557 722 2672 785 lin-

1605 839 1760 904 guas
1830 820 2108 903 iniquaS‚
2199 819 2408 886 inania
2475 820 2670 858 *⁰⁰³³*

1605 923 1824 983 tanteS.

2041 1078 2234 1133 Gloria.

1709 1176 1979 1241 Trinitas
2006 1177 2176 1242 Deus
2226 1198 2383 1242 unus

1605 1275 1792 1340 Pater
1837 1276 2092 1340 minime
2120 1277 2184 1341 in
2212 1275 2422 1340 filietal

1602 1375 1892 1452 eesserit;
1945 1379 2050 1439 aut
2077 1375 2274 1438 Filius
2296 1375 2374 1439 sit
2400 1396 2422 1437 r

1600 1474 1662 1537 in
1689 1473 2181 1556 processionem:
2233 1473 2422 1538 seorsi

1602 1591 1672 1636 ae
1693 1572 1957 1655 junctim
2000 1571 2229 1649 lumen,
2281 1572 2414 1649 tria,

1597 1669 1880 1755 glorifico
1930 1670 1991 1734 in
2040 1669 2306 1735 saecula.

1938 1828 1996 1884 In
2033 1830 2329 1900 Deiparam.

1706 1930 1841 2011 Qui,
1871 1950 2041 2015 rog0,
2091 1949 2234 1995 eum
2261 1949 2422 2015 genu

1599 2028 1746 2094 olim
1797 2028 2041 2094 aPatre
2089 2033 2406 2094 aeternum

1601 2129 1952 2211 pariterque
2002 2148 2140 2192 eum
2192 2132 2405 2192 saneto

1597 2226 1929 2292 laudatur?
2022 2226 2215 2291 Plane
2263 2247 2386 2309 qua

1599 2326 1651 2390 is
1699 2325 1867 2391 solus
1917 2326 2102 2401 novit,
2154 2346 2188 2389 o
2232 2325 2422 2408 Deipa

1601 2444 1676 2487 ex
1721 2429 1782 2489 te
1831 2424 2001 2488 nasei
2049 2422 2297 2507 placuit.

2001 2672 2159 2737 Ode
2207 2676 2266 2738 9.

1769 2800 2005 2853 Alienum
2044 2802 2125 2852 est
2163 2813 2195 2850 a
2231 2796 2419 2850 matrib

1706 2924 2022 2989 Mediante
2051 2923 2182 3005 jam
2215 2923 2422 2988 festo-l

1599 3044 1737 3089 rum
1760 3023 2118 3099 ascendens,
2155 3021 2422 3086 Salvator

1600 3123 1662 3188 in
1682 3122 1984 3205 templum
2006 3125 2201 3198 tuum,
2234 3121 2422 3186 doceb

1604 3241 1743 3285 nes:
1815 3220 2110 3284 mirantes
2158 3218 2411 3283 Judaei:

1598 3319 1728 3394 hic,
1796 3318 2191 3401 inquiebant,
2261 3318 2378 3381 scit

1598 3437 1789 3501 quum
1839 3436 1960 3480 non
2008 3415 2337 3480 didicerit?

1705 3613 1971 3677 Manans
2039 3610 2417 3696 Redemptor

1578 3701 1581 3705 ⁸
1598 3712 1829 3797 gratias
1890 3704 2278 3775 sanationum
2294 3761 2307 3787 ,
2383 3730 2421 3793 p

1600 3802 1901 3896 signaque
1996 3808 2293 3886 faciebat,
2411 3829 2422 3871 1

1599 3909 1856 3994 fugam,
1928 3927 1998 3972 ac
2057 3907 2321 3971 infirmis
2385 3927 2422 3970 n

1599 4006 1933 4071 Enimvero
1993 4004 2337 4088 agebantur
2388 4004 2422 4068 ἱ]

611 4228 647 4296 ¹)
687 4229 917 4283 Melodus
956 4229 1168 4283 eandem
1217 4230 1328 4283 vult
1366 4229 1617 4282 rationem
1654 4227 1919 4297 utriusque
1972 4227 2188 4279 nominis
2230 4222 2356 4282 θεὸς
2402 4245 2422 4275 a

383 4363 390 4370 ,
427 4315 483 4362 ut
517 4310 732 4363 seorsim
762 4309 1086 4378 applicentur
1121 4309 1385 4380 unicuique
1413 4324 1681 4378 personae,
1719 4321 1849 4377 quae
1877 4307 1980 4360 sint
2006 4322 2226 4375 vereque
2254 4305 2422 4358 dicant

428 4391 479 4442 et
512 4390 710 4455 lamen,
757 4405 857 4443 non
895 4393 1069 4443 tamen
1106 4393 1162 4442 ut
1199 4390 1497 4444 collectione
1536 4388 1708 4458 plures
1742 4387 1976 4440 *existant
2013 4387 2081 4438 dii
2118 4391 2210 4439 aut
2236 4385 2422 4438 lumina

429 4483 528 4523 una
563 4469 824 4525 individua
861 4469 913 4523 in
951 4470 1114 4525 tribus
1152 4470 1315 4526 deitas
1355 4475 1409 4526 et
1445 4470 1531 4525 lux
1570 4468 1902 4538 glorificetur.
1967 4465 2325 4522 Combe-fis,
2365 4464 2422 4519 ad
