3514 5391
1198 504 1409 562 Festum
1449 504 1530 562 ss.
1568 503 1877 561 Trinitatis(
2165 503 2171 508 ’
2545 506 2645 561 461

418 712 635 780 lulante
680 714 926 780 haeresi
976 714 1211 779 Ariana
1256 714 1456 780 sancti
1500 714 1822 780 Ecclesiae
1870 714 2091 779 Patres
2122 713 2414 779 Officium
2461 731 2651 797 pecu-

420 810 558 876 liare
604 832 743 877 cum
795 811 1086 890 CanticiS,
1136 812 1593 897 ResponsoriiS‚
1657 810 2058 877 Praefatione
2104 817 2167 876 et-
2211 812 2462 895 hymnis
2510 830 2653 894 pro-

418 910 556 993 priis
579 910 1037 994 disposuerunt,
1065 915 1134 975 ut
1159 911 1378 975 diebus
1405 910 1731 977 dominicis
1763 908 2184 975 celebraretur
2207 908 2327 973 hoc
2356 927 2576 993 magnu

419 1009 794 1091 mysterium.
890 1008 1155 1077 Exstant
1204 1008 1529 1074 Orationes
1577 1027 1719 1073 cum
1771 1007 2167 1072 Praefatione
2214 1006 2576 1071 Sanctissim

414 1104 749 1171 Trinitatis
771 1106 835 1170 in
868 1105 1118 1191 vulgato
1149 1107 1647 1173 Sacramentario
1686 1127 1735 1172 s,
1774 1106 2057 1191 Gregorii
2086 1105 2175 1170 M.
2226 1105 2387 1188 apud
2418 1103 2576 1188 Mig1

416 1200 576 1268 Patr.
626 1203 668 1270 l.
724 1208 767 1269 t.
824 1205 924 1282 78,
977 1225 1035 1288 p.
1074 1205 1219 1271 116.
1262 1203 1441 1270 'Non
1489 1210 1701 1270 tamen
1748 1204 1909 1269 inter
1954 1204 2296 1268 dominicos
2346 1203 2479 1268 dies
2513 1222 2576 1285 pr

413 1301 575 1383 prius
623 1302 1072 1369 Sanctissimae
1104 1303 1421 1368 Trinitatis
1469 1302 1689 1367 honori
1720 1304 2050 1387 deputatus
2080 1301 2214 1379 fuit,
2263 1320 2460 1385 usque
2509 1301 2576 1364 dt

411 1400 653 1465 saeculo
708 1401 794 1466 8..
837 1400 1138 1467 celebrari
1205 1401 1411 1486 coepit
1485 1401 1584 1465 die
1651 1401 1994 1465 dominico:
2079 1399 2310 1464 Octava
2372 1397 2576 1467 viden(

410 1495 819 1563 Pentecostes
866 1500 926 1564 in
977 1500 1289 1584 aliquibus
1337 1498 1648 1575 ecclesiis;
1698 1500 1763 1563 in
1811 1498 1944 1564 aliis
1992 1514 2136 1562 vero
2163 1497 2488 1562 Dominica
2519 1517 2576 1561 ar

407 1596 669 1678 primam
726 1598 1071 1676 Adventus,
1122 1618 1246 1682 qua
1290 1598 1369 1663 de
1401 1618 1466 1662 re
1513 1597 1702 1662 latam
1735 1597 2164 1680 quaestionem
2196 1596 2388 1661 habet
2415 1596 2574 1659 Ben

406 1694 671 1759 dictus
725 1694 854 1762 ΡΡ.
894 1695 1073 1763 XIV.
1124 1698 1224 1759 De
1252 1695 1454 1781 festia
1501 1696 1584 1760 D.
1620 1694 1708 1761 N.
1760 1694 1828 1761 J.
1869 1692 1978 1760 Ch.
2022 1704 2196 1781 part.
2233 1697 2292 1761 1.
2342 1716 2403 1757 n.
2431 1694 2562 1757 522

406 1791 566 1856 Hinc
615 1794 856 1858 factum
905 1799 1016 1872 est,
1069 1800 1143 1873 111ο
1170 1794 1401 1859 multae
1433 1790 1735 1858 ecclesiae
1767 1791 2063 1857 Octavam
2099 1792 2506 1857 Pentecostes
2539 1812 2576 1855 n

406 1897 840 1975 agnoscerent,
904 1894 1051 1976 quia
1098 1893 1262 1957 diem
1311 1892 1485 1957 illum
1534 1890 1976 1958 Sanctissimae
2028 1891 2313 1956 Trinitati
2362 1891 2576 1956 dicata:

406 1989 481 2052 de
528 2008 655 2073 qua
708 1992 1156 2056 consuetudine
1204 1991 1631 2075 accipiendum
1683 1986 1794 2055 est¹
1828 1988 1894 2055 O.
1935 1988 2341 2076 Capellanus,
2388 1988 2496 2053 ubi
2528 1986 2575 2053 O

406 2106 583 2152 mens
608 2087 747 2154 ΡΡ.
773 2088 886 2154 ΙΠ.
923 2090 1161 2166 asserit,
1194 2090 1439 2177 festum
1464 2089 1853 2153 Pentecosten
1876 2110 2088 2152 carere
2123 2089 2397 2167 Octavis,
2447 2106 2576 2170 que

411 2186 753 2274 admodum
802 2188 1070 2254 diximus
1119 2208 1307 2273 supra
1353 2209 1455 2273 pp.
1506 2188 1639 2253 394
1686 2193 1747 2252 91
1794 2188 1948 2252 423.
2173 2200 2178 2205 ’

586 2331 781 2397 Unde
829 2352 1020 2416 quum
1070 2332 1424 2398 Alexander
1469 2324 1601 2396 ΡΡ.
1649 2332 1730 2399 Π.
1783 2332 2103 2398 consultus
2150 2323 2390 2409 fuisset,
2453 2337 2576 2395 11111

409 2430 754 2515 specialem
801 2431 968 2496 diem
1015 2430 1162 2496 huic
1208 2431 1524 2497 festivitati
1574 2431 1784 2496 dicare
1830 2430 2063 2508 liceret,
2113 2434 2182 2494 ut
2228 2429 2436 2513 plures
2468 2449 2573 2494 ecc

411 2528 535 2593 siae
595 2530 906 2607 fecerant,
973 2529 1092 2594 hac
1158 2529 1468 2595 Decretali
1524 2526 1841 2602 Quoniam
1906 2528 2244 2613 respondit,
2317 2527 2576 2592 Ecclesia

412 2624 767 2692 Romanam
814 2648 938 2692 non
986 2628 1380 2693 consuevisse
1430 2628 1696 2712 aliquem
1730 2628 1895 2693 diem
1928 2625 2279 2712 specialiter
2313 2624 2576 2689 adscribi

412 2725 793 2792 solemnitati
845 2726 1286 2792 Sanctissimae
1334 2726 1653 2792 Trinitatis
1675 2777 1689 2804 ,
1755 2746 1947 2810 quum
1997 2724 2259 2810 singulis
2307 2724 2526 2788 diebus
2573 2755 2576 2777 ‹

412 2830 662 2889 ceretur
718 2825 950 2889 Gloria
998 2824 1183 2889 Patri
1227 2835 1288 2888 ct
1333 2825 1504 2890 Filio
1554 2835 1615 2889 et
1660 2824 1940 2911 Spiritui
1987 2822 2256 2903 Sanct05
2304 2827 2576 2888 nontam

414 2923 646 2988 idcirco
721 2924 1076 3007 reprobavit
1140 2924 1651 2989 consuetudinem
1717 2923 2153 3000 ecclesiarum,
2220 2922 2325 2986 ubi
2376 2926 2544 2987 certo

421 3020 755 3105 praefinito
815 3021 916 3086 die
973 3022 1412 3087 Sanctissimae
1460 3021 1779 3086 Trinitatis
1841 3021 2143 3086 festivitas
2204 3020 2576 3085 celebrabam

415 3120 609 3184 immo
659 3139 857 3204 quum
905 3120 983 3185 ad
1031 3119 1241 3204 plures
1289 3120 1640 3203 provincias
1688 3119 1874 3184 latius
1922 3120 1985 3183 in
2032 3120 2164 3184 dies
2213 3118 2571 3204 vulgaretur

389 3214 674 3283 tandem
724 3239 760 3282 a
790 3217 1031 3284 Joanne
1071 3218 1200 3284 ΡΡ.
1231 3219 1431 3285 ΧΧΙΙ.
1484 3219 1549 3302 (†
1582 3219 1785 3304 1334)
1833 3220 2154 3284 decretum
2204 3224 2317 3295 est,
2367 3219 2576 3302 utpri1

415 3321 579 3398 post.
605 3315 1025 3381 Pentecosten
1074 3316 1408 3381 Dominica
1469 3316 1545 3381 ab
1594 3317 1927 3382 universali
1986 3317 2406 3382 celebraretur
2452 3316 2576 3381 Ecc

415 3413 527 3490 sia,
579 3419 770 3498 atque
818 3415 905 3480 ita
951 3435 1023 3480 eo
1071 3421 1351 3499 tempore
1399 3414 1752 3480 recollectio
1802 3414 1992 3480 veluti
2039 3415 2220 3480 fieret
2249 3415 2449 3480 cultus
2479 3418 2576 3479 tot:

417 3512 564 3576 anni
612 3512 907 3578 omnibus
954 3514 1173 3578 diebus
1224 3513 1572 3577 Dominicis
1621 3513 2064 3578 Sanctissimae
2111 3513 2391 3578 Trinitati
2440 3513 2503 3576 in
2533 3534 2569 3577 u

419 3629 603 3675 versa
648 3608 936 3676 Ecclesia
981 3611 1258 3685 exhibiti,
1307 3631 1429 3695 quo
1469 3611 1602 3693 jam
1636 3612 1971 3676 constituta
2017 3611 2079 3675 in
2111 3612 2485 3675 Pentecoste
2532 3610 2576 3674 Ιε

418 3726 582 3772 nova
630 3712 692 3772 et
732 3708 1016 3774 Ecclesia
1044 3708 1400 3797 christiana,
1452 3709 1631 3774 Luna
1652 3711 1939 3794 mystica,
1991 3729 2102 3793 per
2135 3709 2441 3774 elevatum
2475 3708 2576 3773 sol<

420 3812 713 3871 nostrum
760 3812 962 3873 stante
1009 3807 1069 3873 in
1120 3808 1352 3884 ordine,
1421 3828 1530 3873 seu
1597 3808 1941 3894 obsignatis
2004 3808 2292 3873 omnibus
2355 3808 2429 3872 ad
2496 3805 2576 3872 Oh

421 3908 590 3968 stum
642 3906 1051 3972 attinentibus
1100 3908 1430 3991 mysteriis
1480 3912 1755 3972 reserata
1803 3908 1897 3974 est
1928 3907 2428 3993 Augustissimae
2476 3905 2576 3970 Tri

421 4000 570 4067 tatis
632 4004 883 4082 notitia,
950 4011 1019 4070 ut
1080 4011 1220 4089 post
1276 4005 1598 4088 Rupert.
1666 4025 1716 4071 c.
1775 4007 1829 4070 1.
1895 4010 2188 4071 notarunt
2249 4003 2576 4088 Theoph

621 4299 662 4365 ⁸)
703 4297 932 4352 Edition.
972 4300 1061 4354 cit.
1098 4306 1220 4354 tom.
1257 4301 1307 4367 2,
1346 4317 1395 4370 p.
1435 4303 1520 4356 96.

620 4377 666 4446 ¹)
708 4377 821 4432 Cfr.
858 4378 1136 4450 Rupert.
1162 4380 1476 4448 Tuitien.,
1515 4381 1583 4436 de
1619 4380 1818 4435 diuinis
1854 4380 2072 4451 offici1'3,
2109 4381 2142 4434 l.
2172 4380 2256 4443 11,
2295 4394 2338 4433 c,
2378 4379 2423 4431 1.
2465 4376 2576 4445 (Mig

427 4458 574 4514 Patr.
615 4459 708 4515 lat.
749 4464 791 4513 t.
833 4460 951 4525 170,
990 4476 1037 4529 p.
1077 4461 1202 4528 293)
1243 4464 1298 4514 et
1333 4463 1562 4516 Duran
1578 4461 1626 4515 d.
1666 4459 1943 4514 Rational.
1982 4461 2073 4515 tib.
2112 4461 2163 4512 6.
2204 4476 2246 4512 c.
2289 4458 2371 4511 11.
