3514 5391
810 538 1085 610 Ἑβδομάς
1119 539 1262 611 perci
1301 540 1399 607 τὴν
1443 548 1601 599 nem.
1663 544 1805 599 Infra
1842 544 2025 600 Octav.
2066 545 2273 601 Pentec.

602 738 686 791 De
731 738 962 792 haeresi
996 739 1373 807 processionis
1422 739 1667 809 Spiritus
1713 743 1894 796 sancti
1945 759 1979 795 a
2017 743 2131 797 solo
2180 744 2344 798 Patre

438 818 728 887 synaxorio
766 819 980 873 inserm
1020 823 1182 889 atque
1219 819 1346 874 inde
1383 821 1438 874 in
1477 820 1649 875 libros
1683 822 2002 890 symbolicos
2037 827 2334 893 assumpta.

600 924 696 982 Ex
734 925 955 987 multis,
994 942 1139 998 quas
1180 926 1240 983 iu
1280 926 1557 999 expedito
1595 927 1899 999 habemuS,
1950 929 2183 986 venetis
2223 928 2344 987 Pen

437 1005 801 1078 editionibuS‚
839 1013 966 1065 tres
986 1006 1284 1064 haeresim
1313 1007 1475 1064 illam
1506 1024 1619 1065 nou
1645 1014 1992 1080 proponunt,
2029 1008 2267 1067 scilicet
2291 1027 2344 1083 qt

433 1092 559 1145 sunt
596 1087 768 1145 annis
809 1088 967 1150 1759,
1020 1088 1159 1146 1853
1197 1094 1259 1146 et
1300 1089 1465 1160 1875,
1518 1090 1788 1161 reliquae
1830 1107 2046 1161 omneS‚
2105 1107 2255 1162 quae
2300 1092 2344 1149 ir

432 1175 573 1239 sunt,
610 1167 880 1227 insiticia
916 1170 1129 1227 vocula
1165 1168 1350 1238 μόνου
1391 1186 1656 1227 errorem
1696 1176 1905 1243 aperte
1947 1171 2189 1230 docent:

529 1256 757 1324 Ἀπλῶς,
810 1256 915 1309 ὅσα
951 1258 1071 1326 ἔχει
1108 1257 1138 1310 ὁ
1179 1259 1368 1327 Πατὴρ
1405 1261 1490 1309 καὶ
1715 1260 2068 1330 Simpliciter,
2119 1278 2344 1331 quaecum

429 1336 457 1389 ὁ
504 1337 646 1398 Υἱός,
706 1336 848 1403 πλὴν
897 1343 987 1404 τῆς
1032 1338 1361 1406 ἀγεννησίας
1404 1341 1493 1390 καὶ
1603 1340 1780 1394 Pater
1829 1345 1883 1395 et
1917 1340 2128 1408 Filius,
2163 1345 2344 1412 praet«

430 1422 514 1483 τῆς
559 1417 894 1487 γεννήσεως,
964 1418 1108 1489 napa*
1158 1417 1344 1488 μόνου
1394 1422 1493 1471 τοῦ
1600 1423 1765 1474 tatem
1805 1424 1861 1475 et
1883 1422 2229 1491 filiationem,
2271 1439 2305 1475 a
2342 1462 2344 1471 .

429 1499 637 1569 Πατρός
677 1496 1132 1568 ἐκπορευόμενον.
1588 1501 1897 1569 procedens
1936 1501 2180 1571 (Spiritus
2218 1519 2258 1555 S.
2299 1518 2344 1572 p(

600 1600 794 1671 Quam
824 1597 1073 1655 eandem
1100 1596 1399 1655 haeresim
1429 1614 1499 1655 ex
1522 1599 1819 1671 corruptis
1841 1598 2200 1657 editionibus
2219 1616 2344 1671 gra«

426 1679 481 1736 iu
528 1678 836 1737 versiones
886 1677 1146 1735 slavicas
1204 1682 1266 1735 et
1302 1693 1580 1735 rumenas
1633 1679 1946 1736 transiisse
1998 1695 2142 1736 sane
2191 1679 2344 1737 dolel

425 1757 520 1817 Sic
557 1758 883 1815 novissima
922 1757 1104 1815 editio
1144 1757 1612 1815 Viennensis
1653 1758 1794 1815 anni
1833 1758 1974 1816 1865
2012 1763 2238 1816 textum
2266 1760 2344 1817 sla

426 1833 537 1896 dit:
574 1842 776 1909 prosto
826 1838 943 1892 osia
980 1839 1116 1892 imai
1135 1838 1319 1906 Jelika
1359 1842 1471 1893 otec
1517 1839 1541 1891 i
1573 1855 1676 1909 syn
1712 1840 1902 1893 ltrome
1937 1839 2289 1910 neroidenijo
2341 1878 2344 1893 ⁴

426 1923 477 1973 ot
512 1923 629 1974 otoo
664 1918 1039 1990 jedinago
1077 1918 1441 1989 ischodiaj¹);
1499 1925 1562 1976 et
1598 1917 2077 1977 Cibiniensis
2117 1920 2257 1977 anni
2293 1921 2344 1977 li

425 1999 482 2057 in
518 2016 830 2058 rumenam
868 1996 1210 2073 transfertr
1246 1999 1322 2053 Cu
1361 2015 1471 2052 unu
1510 2003 1732 2054 caventa
1772 1999 1880 2054 tote
1916 2000 1968 2054 le
2005 2016 2107 2054 are
2143 2004 2262 2054 cate
2298 2004 2344 2054 si

422 2080 582 2135 Piala
622 2082 800 2151 afara
825 2079 893 2134 de
917 2095 1217 2134 renascere
1251 2080 1307 2133 st
1329 2078 1397 2133 de
1433 2096 1665 2134 nascere
1681 2121 1697 2145 ,
1746 2080 1930 2135 carele
1979 2080 2073 2135 din
2112 2098 2139 2138 s
2157 2080 2176 2137 i
2195 2097 2229 2137 n
2245 2097 2334 2153 gu

411 2162 654 2231 parcede
667 2160 733 2229 ¹).

594 2250 871 2309 Eandem
909 2250 1205 2308 haeresim
1234 2255 1432 2307 autem
1474 2267 1545 2308 ex
1570 2248 2026 2308 Pentecostario
2057 2250 2117 2308 in
2144 2250 2327 2308 libros

424 2332 720 2389 ecclesiae
758 2330 1072 2388 orientalis
1111 2336 1472 2402 assumptam
1524 2330 1723 2402 prodit
1762 2328 1811 2388 C
1828 2347 1861 2387 o
1880 2347 1913 2387 n
1930 2328 2003 2387 fe
2020 2348 2046 2387 s
2059 2331 2171 2388 sio
2210 2348 2242 2388 o
2256 2348 2288 2389 r
2304 2336 2330 2388 t

600 2495 643 2562 ¹)
690 2493 861 2547 Editio
888 2492 1198 2561 leopolitana
1224 2508 1305 2545 an.
1329 2493 1469 2546 1785
1495 2491 1681 2561 dogma
1708 2491 2013 2545 catholicum
2038 2491 2107 2545 de
2125 2508 2344 2562 process

419 2577 507 2628 tus
524 2593 569 2628 s.
608 2591 644 2628 a
674 2574 853 2628 Patre
890 2576 945 2626 et
979 2571 1125 2626 Filio
1162 2575 1340 2626 nostro
1376 2572 1472 2625 hoc-
1509 2572 1621 2625 loco
1659 2588 1904 2641 expresse
1942 2572 2206 2642 proponit:
2246 2576 2301 2625 ot
2334 2592 2344 2625 ι

416 2655 709 2725 ischodiaj,
743 2655 791 2709 h.
813 2671 879 2722 e.,
914 2652 1009 2723 qui
1028 2669 1062 2707 a
1083 2653 1259 2707 Patre
1286 2651 1539 2722 Filioque
1555 2652 1810 2722 procedit
1818 2668 1845 2721 ,·
1880 2653 1973 2707 sub
2001 2653 2246 2722 gravibus
2272 2668 2344 2723 po<

419 2741 683 2790 statuerat
719 2736 1017 2805 synodus
1056 2734 1474 2789 Zamoscena
1512 2749 1594 2787 an.
1633 2735 1792 2800 1720,
1829 2736 1890 2787 ut
1924 2733 2159 2803 symbolo
2174 2733 2332 2804 fidei,

418 2816 829 2885 imprimeretur
849 2818 945 2868 aut
962 2814 1315 2880 recitaretur,
1339 2814 1624 2883 particula
1645 2813 1686 2867 F
1705 2814 1750 2868 il
1767 2814 1829 2868 io
1845 2831 1877 2884 q
1892 2831 1924 2867 u
1941 2831 1967 2868 e
1996 2814 2296 2868 adderetur
2316 2817 2344 2880 (⁴

418 2895 536 2950 Lae.
576 2901 617 2950 t.
657 2897 711 2962 2,
750 2911 799 2964 p.
838 2895 949 2961 22).
1006 2894 1283 2949 Caeterum
1321 2910 1443 2948 vere
1482 2898 1536 2948 et
1573 2894 1825 2948 catholice
1864 2894 1962 2948 dici
1999 2899 2202 2964 potest:
2241 2911 2344 2965 παρ

417 2976 540 3043 πρὸς
574 2973 1042 3045 ἐκπορευόμενον,
1095 2975 1240 3044 quia,
1299 2975 1417 3029 dum
1455 2974 1676 3044 Spiritus
1714 2975 1880 3028 sancti
1919 2991 1951 3028 a
1988 2974 2145 3028 Patre
2183 2990 2344 3044 proce:

416 3061 516 3123 tur,
556 3073 639 3124 ea,
679 3072 812 3127 quae
851 3056 1008 3110 etiam
1046 3071 1077 3108 a
1097 3053 1229 3109 Filio
1262 3060 1361 3120 est,
1399 3071 1499 3108 non
1525 3059 1763 3124 negatur,
1801 3054 1933 3124 quod
1973 3056 2183 3123 egregie
2207 3055 2344 3109 illust

414 3153 445 3190 a
463 3136 504 3190 F
522 3153 706 3192 ranc.
736 3135 981 3190 Scorso
1008 3136 1060 3189 in
1078 3136 1241 3190 Notis
1266 3135 1341 3189 ad
1363 3135 1734 3204 Theophanem
1760 3136 1993 3203 Geram„
2018 3135 2189 3189 homil.
2210 3136 2295 3202 56,
2323 3151 2344 3188 a

417 3216 559 3272 Patr.
599 3234 683 3287 gr.
722 3223 846 3271 tom.
888 3217 1006 3270 132.
1046 3232 1129 3286 pp.
1169 3217 1471 3271 971-976.
1513 3246 1575 3252 -
1618 3214 1770 3280 Item,
1809 3216 1942 3285 quod
1980 3215 2316 3285 singulariter

415 3297 555 3350 sonis
594 3296 784 3350 divinis
821 3296 1080 3363 tribuitur,
1120 3296 1170 3349 id
1209 3296 1365 3349 etiam
1404 3295 1556 3349 alteri
1594 3296 1868 3349 convenire
1906 3296 2233 3364 intelligitur,
2283 3295 2344 3348 niz

415 3392 513 3446 quo
552 3377 618 3431 ab
658 3376 826 3430 altera
863 3392 1083 3446 persona
1119 3375 1469 3445 distinguitur.
1544 3375 1701 3445 Atqui
1738 3375 1900 3429 Pater
1949 3391 2050 3429 non
2087 3370 2344 3443 distinguit

415 3472 509 3525 per
544 3457 664 3525 hoc,
703 3457 836 3527 quod
874 3457 938 3511 ab
977 3472 1038 3510 eo
1076 3455 1298 3526 Spiritus
1336 3461 1544 3509 sanctus
1583 3456 1852 3525 procedat;
1891 3472 1990 3509 non
2029 3455 2164 3509 enim
2185 3470 2264 3509 ea
2300 3471 2344 3508 rt

415 3540 684 3603 σχετικῶς
719 3537 1013 3606 opponitur,
1070 3535 1492 3606 quemadmodum
1541 3540 1685 3589 recte
1738 3539 1821 3589 est
1867 3552 1899 3589 a
1949 3535 2205 3603 theologis
2255 3535 2344 3588 anit

414 3618 550 3687 apud
587 3617 651 3671 L.
692 3618 895 3672 Allat.
933 3618 984 3670 in
1022 3617 1297 3670 Examine
1336 3616 1764 3682 Pentecostarii,
1815 3633 1864 3669 n.
1904 3617 1954 3669 5.
2028 3616 2197 3686 Atque
2244 3616 2344 3669 hin«

415 3697 577 3752 Sedes
616 3697 919 3768 Apostolica
954 3698 1158 3766 saepius
1197 3698 1457 3764 statuerit,
1511 3696 1739 3751 Graecos
1779 3696 2057 3750 catholicos
2095 3696 2305 3750 credere
2342 3723 2344 3740 ι

417 3777 557 3843 bere,
596 3778 845 3847 Spiritum
882 3782 1116 3832 sanctum
1153 3794 1184 3830 a
1220 3777 1379 3831 Patre
1418 3781 1472 3831 et
1497 3777 1627 3831 Filio
1664 3777 2003 3831 aeternaliter
2028 3781 2288 3846 tamquam
2315 3792 2344 3830 a

416 3858 549 3928 cipio
588 3864 648 3912 et
684 3874 785 3912 una
823 3858 1102 3928 spiratione
1142 3857 1447 3926 procedere,
1498 3857 1547 3910 id
1586 3862 1761 3911 tamen
1798 3858 1849 3910 in
1888 3857 2118 3927 symbolo
2157 3873 2343 3927 expres

416 3940 550 3994 tiare
589 3955 692 3992 non
729 3939 914 4005 teneri,
966 3938 1064 3991 nisi
1102 3938 1339 3992 subesset
1376 3938 1697 4005 scandalum,
1743 3938 1829 3991 vel
1868 3937 2088 4007 suspicio
2126 3937 2344 3991 haeresis

408 4021 556 4089 justa
595 4036 778 4074 causa:
818 4036 919 4090 qua
955 4019 1018 4072 de
1056 4035 1112 4072 re
1151 4019 1345 4073 consuli
1381 4023 1597 4088 possunt
1633 4017 1929 4073 Instructio
1967 4017 2344 4072 Clementis

415 4100 559 4153 edita
610 4099 662 4153 d.
699 4101 787 4154 31.
824 4099 1047 4168 Augusti
1099 4115 1181 4152 an.
1223 4100 1389 4166 1595,
1440 4115 1490 4152 n.
1530 4099 1600 4152 28
1658 4098 1930 4163 (Collectio
1968 4097 2186 4151 LacenS.
2238 4097 2344 4150 cita

417 4194 466 4248 p.
505 4180 671 4247 45o);
728 4179 947 4233 Decret.
1000 4179 1056 4232 S.
1100 4179 1359 4249 Gonqrey.
1407 4179 1476 4233 de
1514 4177 1887 4249 Propoyando
1926 4177 2099 4242 Fide,
2150 4177 2272 4229 edit.
2325 4177 2344 4228 c*

416 4276 499 4313 an.
540 4260 703 4325 1729,
755 4275 805 4312 n.
844 4260 879 4312 2
931 4259 1075 4323 (ibid.
1112 4274 1158 4328 p.
1199 4260 1358 4326 442);
1418 4258 1739 4313 Constitutio
1776 4257 2133 4311 Benedicti
2187 4255 2287 4309 ΡΡ.
2325 4255 2344 4308 1

403 4338 741 4409 pastoralis,
778 4338 901 4392 edit.
941 4339 1029 4393 26.
1067 4339 1187 4409 Maji
1223 4356 1304 4394 an.
1346 4340 1501 4405 1742,
1539 4339 1571 4408 ξ
1610 4341 1657 4406 1,
1696 4355 1746 4392 n.
1788 4341 1814 4391 1
1858 4337 1999 4403 (ibid.
2037 4353 2088 4406 p.
2125 4337 2271 4402 508).

602 4417 649 4486 ')
688 4418 861 4473 Editio
882 4419 1186 4475 cibiniensis
1211 4422 1329 4477 anni
1355 4422 1493 4475 1841
1532 4419 1717 4473 habet:
1756 4418 1939 4473 carele
1964 4417 2057 4471 din
2081 4416 2313 4488 sinqaru
2339 4463 2344 4468 .
