3514 5391
662 543 724 592 K.
746 536 804 592 ε’.
833 541 945 591 τῶν
970 543 1249 605 νηστειῶν.
1298 545 1516 610 Μαρίας
1544 545 1633 607 τῆς
1653 543 1979 608 Αἰγυπτίας.
2005 569 2066 577 -
2090 539 2238 592 Dom.
2267 537 2543 591 Passionis.
2622 536 2723 589 187

2303 649 2448 655 ———
2513 649 2526 652 -
2655 647 2720 654 —-—

530 735 607 793 Te
644 735 851 794 dilexit
890 743 1094 794 noster
1130 738 1302 807 risuS,
1692 737 1854 795 Hine
1891 735 2214 809 hyacintho
2254 733 2554 792 calciatis,

534 816 844 875 Umbilieus
884 823 981 875 est
1016 818 1322 890 praecisus
1692 817 1851 876 Dum
1891 833 2147 890 superna
2186 815 2627 887 contemplaris,

590 896 742 955 Tuus
782 897 1184 969 coutinentia;
1763 897 2013 955 Mutatis
2053 896 2392 956 affectibus;

528 978 702 1050 Aquis
739 979 944 1047 lotam,
984 979 1291 1051 pulchram
1335 985 1521 1039 totam
1694 978 1958 1038 Vestiris
1997 977 2404 1046 discoloribUS,

527 1058 604 1116 Te
642 1060 863 1126 salivit,
904 1066 964 1117 te
1007 1059 1271 1118 condivit
1694 1059 1910 1117 Cubile
1948 1065 2165 1116 vernat
2203 1057 2463 1122 floribus,

591 1139 796 1213 Sponsi
835 1140 1153 1214 sapientia.
1576 1173 1581 1176 -
1764 1140 2032 1212 Fragrat
2070 1139 2452 1196 aromatibus.

526 1247 755 1320 Septem
794 1247 1009 1321 pannis
1049 1247 1334 1316 involuta,
1695 1244 1746 1304 O
1787 1246 1998 1318 Maria,
2038 1246 2253 1318 gaude,
2293 1246 2431 1317 quia

526 1329 685 1386 Intus
722 1333 853 1385 tota
891 1327 1163 1385 delibuta
1287 1361 1293 1370 ·
1695 1327 2028 1385 Deeoravit
2069 1333 2130 1385 et
2167 1326 2395 1384 amavit

592 1407 734 1466 Oleo
772 1408 1085 1478 laetitiae3
1767 1407 1868 1466 Sic
1907 1415 1967 1465 te
2008 1406 2235 1466 Christi
2272 1406 2489 1479 gratia,

526 1487 705 1546 Croeo
742 1489 963 1545 rubens
1004 1487 1298 1558 caritatis,
1696 1487 1921 1546 Memor
1959 1506 2193 1562 semper
2228 1493 2625 1562 peecatorum,

524 1569 709 1642 Bysso
748 1569 949 1626 cineta
990 1569 1308 1640 eastitatis,
1696 1568 1781 1625 Et
1819 1575 2154 1627 cunctorum
2196 1569 2554 1642 populorum,

591 1651 755 1708 Zona
791 1649 1136 1722 pudicitiae.
1767 1648 2000 1708 Plaude
2023 1650 2256 1708 nuncin
2276 1650 2485 1722 gloria.
2515 1651 2726 1706 Amen.

619 1775 781 1915 ldSoed
797 1781 1031 1914 lgipete
1086 1791 1235 1847 quae
1293 1774 1365 1831 de
1419 1779 1629 1832 saneta
1679 1774 1792 1830 hae
1829 1775 2172 1847 poenitente
2212 1774 2556 1848 scripsimus
2595 1781 2637 1832 t.
2679 1776 2727 1834 l.

492 1875 579 1930 pp.
652 1863 664 1878 ‘
726 1886 787 1896 —
903 1900 916 1914 .

658 2020 999 2083 Dominica
1026 2018 1352 2082 Passimzis
1400 2018 1529 2082 sel-ve
1575 2016 1652 2081 de
1680 2018 2004 2082 Pas-sione.
2082 2018 2341 2085 Judica.
2417 2018 2535 2082 Isti
2563 2029 2723 2082 sunt.

490 2120 719 2204 Repas.

661 2246 849 2329 Apud
900 2242 1154 2309 Latinos
1216 2243 1431 2327 quinta
1476 2242 1631 2307 haee
1684 2242 2008 2306 Dominiea
2067 2263 2314 2306 nomeu.
2355 2265 2392 2306 a
2432 2243 2731 2327 passione

492 2342 728 2407 Domini
778 2342 972 2407 habet
998 2341 1065 2425 ¹),
1116 2343 1279 2425 quod
1330 2363 1401 2405 eo
1449 2342 1548 2405 die
1597 2348 1844 2424 tempus
1893 2341 2226 2405 memoriae
2259 2340 2563 2425 passionis
2590 2362 2729 2424 spe-

489 2440 715 2506 cialiori
766 2442 950 2506 modo
1001 2439 1363 2504 recolendae
1412 2438 1790 2503 destinatum
1832 2439 2244 2522 auspicemur.
2315 2439 2731 2523 Nuneupatur

492 2545 805 2624 praeterea
867 2540 944 2604 ab
1008 2538 1269 2603 Introitu
1333 2537 1565 2601 Missae
1613 2535 1898 2615 ,Ιαᾶἱοιις
1959 2557 2012 2601 a·
2053 2538 2253 2620 primo
2317 2535 2731 2620 Respousorio

492 2639 771 2705 Matutiui
822 2639 943 2702 Isti
987 2647 1134 2702 sunt
1182 2637 1348 2715 dies,·
1410 2657 1446 2701 a
1494 2635 1886 2720 praecedenti
1937 2635 2279 2713 Dominis-a,
2346 2656 2530 2720 quam
2582 2635 2728 2701 suli-

490 2739 781 2822 sequitur,
832 2748 1058 2801 octava
1101 2736 1401 2800 mediana
1419 2760 1446 2809 ,·
1493 2757 1527 2800 a
1575 2735 1693 2799 ritu
1744 2754 1953 2798 saeras
2002 2735 2304 2819 imagines
2353 2735 2546 2818 pridie
2597 2733 2730 2798 velo

490 2836 901 2902 abscondendi
949 2836 1182 2922 Raptis,
1231 2837 1552 2899 decurtato
1589 2833 1827 2898 scilieet
1857 2833 2154 2897 vocabulo
2185 2836 2516 2919 reposit-us,
2568 2835 2728 2916 quod

491 2936 649 2999 idem
698 2934 861 3000 valet
908 2938 1093 3017 atque
1142 2933 1567 3011 absconditus,
1616 2937 1684 2996 ut
1734 2932 1940 2997 videre
1970 2936 2063 2996 est
2094 2934 2256 3016 apud
2297 2933 2402 2996 Du
2438 2932 2729 3015 Gange,

497 3034 777 3099 Glossar.
847 3055 903 3099 v,
954 3033 1313 3118 Repo-situs.
1428 3031 1856 3115 Conteguutur
1921 3036 2126 3095 autem
2196 3030 2427 3094 ultimis
2492 3030 2733 3093 duabus

492 3132 896 3199 hebdomadis
944 3132 1468 3217 Quadragesimae
1518 3151 1733 3194 eruces
1798 3134 1858 3194 et
1906 3129 2208 3214 imagines
2265 3130 2337 3193 ad
2391 3128 2620 3192 luctum
2674 3134 2730 3192 et

494 3233 861 3297 moestitiam
910 3229 1337 3306 indic-andam3
1388 3236 1449 3293 et
1496 3229 1556 3293 iu
1591 3228 1817 3311 speeie,
1869 3233 1937 3292 ut
1987 3227 2102 3291 hoe
2152 3220 2554 3312 significetur,
2591 3231 2735 3316 jam

497 3328 801 3395 Clu-istam
862 3352 991 3393 non
1036 3329 1107 3390 iu
1145 3327 1370 3414 palam
1417 3326 1773 3391 ambulasse
1821 3328 1999 3412 apud
2045 3326 2337 3390 Judaeos
2399 3326 2515 3390 hoe
2577 3332 2732 3390 tem-

492 3452 651 3513 pore,
702 3430 813 3493 sed
863 3426 1264 3491 abscondisse
1311 3449 1396 3504 se,
1459 3427 1988 3510 quemadmodum
2036 3425 2094 3488 in
2151 3424 2484 3510 Evangelio
2548 3425 2732 3507 liujus

492 3529 605 3592 diei
653 3527 901 3612 legitur.
1011 3526 1398 3608 Quapropter
1459 3526 1643 3589 etiam
1708 3524 2049 3606 antiquitus
2113 3524 2170 3586 iu
2223 3522 2476 3607 Capella
2523 3522 2734 3605 Papali

492 3627 729 3691 nonnisi
781 3626 859 3690 ad
909 3624 1014 3688 illa
1060 3622 1378 3708 Evangelii
1430 3623 1647 3687 verba:
1698 3622 1892 3685 Jesas
1940 3631 2142 3685 autem
2193 3622 2521 3685 abscondit
2568 3646 2630 3684 se
2679 3630 2737 3684 et

488 3729 681 3790 exivit
730 3725 807 3788 de
859 3722 1085 3809 templo
1135 3723 1435 3807 imagines
1483 3721 1998 3805 cooperiebantur
2023 3719 2097 3803 ²).
2179 3720 2381 3785 Alium
2433 3721 2732 3783 rationem

488 3826 652 3890 addit
703 3823 1166 3897 Durandus,
1233 3822 1385 3906 quia
1434 3831 1577 3883 tunc
1625 3820 1938 3883 divinitas
1981 3819 2124 3903 fuit
2171 3818 2475 3881 absconsa
2538 3828 2597 3881 et
2642 3841 2733 3881 ve-

487 3922 619 3987 lata
663 3923 737 3986 in
794 3921 1084 4000 Chr-istm
1118 3920 1415 4005 permisit
1463 3921 1624 3983 enim
1673 3943 1736 3982 se
1785 3920 1933 4003 capi
1979 3928 2038 3981 et
2064 3918 2398 4004 flayellari
2443 3928 2513 3981 ut
2540 3918 2734 3993 homo,

490 4032 794 4108 tauquam
841 4042 971 4083 nou
1016 4017 1251 4082 habeus
1296 4020 1367 4083 in
1414 4042 1477 4082 se
1524 4021 1813 4082 viv-tatem
1861 4016 2239 4082 divinitatis.

668 4273 710 4339 ¹)
754 4270 813 4324 In
853 4270 1051 4324 Missali
1092 4274 1309 4322 vocatur
1345 4269 1631 4322 Domim’ca
1682 4267 1750 4320 de
1789 4266 2104 4331 Passione;
2160 4266 2211 4318 iu
2261 4262 2528 4317 Breviario
2579 4261 2736 4314 Dom.

490 4351 813 4415 Passionis,
865 4351 1000 4419 apud
1042 4350 1335 4403 Duraudum
1385 4349 1616 4418 aliosque
1667 4348 1948 4416 scriptores
1987 4346 2143 4398 Dom.
2197 4345 2252 4397 in
2293 4340 2602 4405 Passione,·
2657 4339 2736 4393 vel

490 4433 796 4503 simpliciter
833 4430 1041 4485 Passio
1078 4446 1166 4483 seu
1206 4429 1407 4482 Passio
1446 4428 1683 4482 Domitu'.

667 4513 714 4580 ²)
755 4514 868 4568 Cfr.
908 4509 1205 4566 Marcell.
1245 4510 1606 4580 Corcyren.
1649 4504 2041 4564 caeremonial.
2081 4503 2309 4557 Roman.
2349 4501 2382 4553 l.
2420 4500 2469 4563 2,
2510 4515 2552 4551 o.
2580 4502 2668 4553 38.
