3514 5391
832 535 1073 603 Κυριακὴ
1113 541 1212 589 τοῦ
1250 535 1475 604 Πάσχα.
1530 536 1799 591 Dominica
1835 536 2263 591 ResurrectioniS.
2566 538 2673 592 313

431 649 582 656 ———

423 736 777 821 (818.on
809 738 1055 802 istinnu
1083 737 1413 818 voskrese,·
1460 757 1548 802 ru
1565 756 1624 801 m
1646 751 1755 803 en.
1806 735 2171 856 Adcveratu
2195 741 2271 800 σὰ
2301 759 2342 800 a
2369 737 2672 822 inviatu),

422 859 564 901 vere
612 858 763 901 surr
765 835 914 901 exit.

605 944 842 1010 Verum
874 947 1164 1028 praestat,
1215 945 1420 1028 ipsum
1446 943 1518 1007 L.
1551 942 1943 1009 Allatium
1991 943 2228 1066 audire,
2273 945 2376 1028 qui
2418 944 2683 1010 festivae·

421 1041 611 1127 hujus
662 1042 1048 1108 salutationis
1095 1042 1285 1108 ritum
1349 1061 1724 1126 omnemque
1771 1035 2141 1120 πασχαλίου
2187 1033 2440 1130 aydam·
2485 1039 2675 1129 φιλή-

415 1165 625 1226 ματος
674 1141 1128 1208 caeremoniam
1178 1139 1525 1206 accuratius
1572 1140 1872 1238 describit
1919 1140 2016 1204 De
2053 1137 2410 1205 Dominicis
2442 1152 2502 1205 et
2532 1140 2674 1204 heb-
2722 1153 2733 1165 ·

421 1242 587 1309 dom.
648 1241 877 1307 Graec.
926 1261 987 1306 n.
1039 1240 1158 1304 22:

605 1350 771 1415 Dato
819 1349 997 1435 signo
1046 1368 1084 1412 a
1111 1347 1434 1412 sacerdote
1483 1346 1647 1412 circa
1675 1367 1982 1424 auroram,
2028 1348 2407 1416 conveniunt
2439 1366 2674 1432 omneS,

419 1454 546 1514 tam
601 1467 814 1514 mares
860 1467 1050 1531 quam
1096 1447 1386 1523 feminae,
1436 1450 1498 1511 et
1543 1446 1717 1530 pueri
1765 1447 1903 1531 ipsi,
1953 1446 2215 1530 quilibet
2259 1446 2319 1512 in
2361 1467 2535 1511 suam
2568 1466 2676 1531 pa-

418 1548 718 1624 roeciam,
771 1566 960 1630 quam
989 1546 1214 1612 Graeci
1245 1544 1434 1610 veluti
1461 1549 1723 1610 matrem
1760 1549 2109 1630 agnoscunt
2149 1534 2675 1628 veneranturque3

418 1665 694 1729 raroque
724 1643 891 1720 alibi,
926 1665 1041 1710 nec
1069 1645 1187 1709 nisi
1217 1664 1448 1730 magna
1474 1645 1847 1722 necessitate
1873 1645 2089 1718 coacti,
2124 1664 2370 1710 sacrum
2401 1644 2675 1720 audiunt,

418 1748 525 1809 aut
582 1742 850 1827 reliquis
897 1741 1122 1807 officiis
1189 1742 1627 1808 ecclesiasticis
1690 1741 2017 1809 intersunt.
2128 1742 2447 1808 Absolutis
2508 1745 2676 1826 post-

419 1844 694 1908 modum
739 1841 1030 1926 precibus
1077 1841 1420 1919 matutiniS,
1485 1861 1731 1906 summa
1778 1841 1968 1907 animi
2015 1841 2293 1906 omnium
2342 1840 2675 1910 alacritate,

419 1946 562 2034 post
630 1941 877 2006 dictum
942 1938 1332 2026 evangelium
1399 1940 1689 2005 sacerdos
1767 1941 1832 2005 in
1897 1940 2137 2005 foribus
2205 1940 2472 2004 bematis
2538 1942 2677 2016 stat,

420 2039 926 2106 sacerdotalibus
975 2039 1249 2104 vestibus
1298 2039 1579 2116 amictuS,
1640 2045 1701 2103 et
1749 2038 2037 2104 manibus
2083 2039 2148 2103 in
2196 2046 2449 2122 pectore
2495 2056 2680 2101 evan-

420 2138 739 2224 geliorum
784 2137 1014 2202 librum
1063 2137 1344 2202 clausum
1392 2140 1630 2216 tenenS,
1679 2138 1741 2202 in
1776 2137 1953 2220 cujus
1983 2142 2175 2222 parte,
2227 2156 2385 2221 quae
2431 2135 2684 2219 respicit

423 2236 757 2321 populum,
827 2255 978 2300 crux
1023 2235 1272 2301 Domini
1338 2240 1651 2321 argente-a,
1719 2235 1814 2301 vel
1864 2256 1939 2302 ex
1987 2236 2107 2301 alia
2150 2236 2428 2311 materia,
2497 2234 2683 2299 affixa

425 2340 552 2426 est3
606 2338 752 2399 tum
803 2334 1045 2399 canitur
1090 2333 1492 2419 Troparium:

532 2456 835 2546 Χριστὸς
880 2455 1111 2545 ἀνέστη
1157 2455 1227 2523 ἐκ
1251 2462 1504 2545 νεκρῶν,
1728 2457 2016 2525 Christus
2062 2460 2411 2523 resurreaeit
2456 2480 2498 2520 a
2527 2480 2683 2520 mov·-

426 2557 708 2647 θανάτῳ
733 2554 1027 2621 θάνατον
1048 2554 1366 2646 πατήσας,
1399 2554 1507 2620 καὶ
1617 2560 1762 2637 tuis,
1793 2569 1987 2623 morte
2014 2567 2271 2621 mortem
2296 2554 2683 2634 concedmus,

335 2715 342 2723 .
422 2660 564 2736 τοῖς
610 2650 689 2722 ἐν
725 2657 866 2733 τοῖς
887 2654 1171 2744 μνήμασι
1199 2653 1364 2744 ζωὴν
1390 2678 1508 2737 χα-
1617 2658 1799 2741 otiis,
1824 2658 2027 2745 quiin
2049 2645 2462 2723 monumentis
2481 2664 2682 2736 erant,

424 2755 797 2843 ρισάμενος.
1615 2758 1811 2821 vitam
1859 2755 2188 2842 elarqicns.

425 2891 889 2975 Repetiturque
936 2891 1135 2956 donec
1183 2891 1575 2956 caeremonia
1619 2891 1813 2956 finiat.
1908 2892 2155 2956 Interea
2201 2890 2436 2974 primus
2483 2889 2686 2974 digni-

425 2993 554 3054 tate
604 2989 946 3067 accedenS,
1015 2993 1155 3073 post
1199 2989 1662 3055 venerationem
1729 2994 1791 3054 et
1837 2988 2049 3055 oscula
2094 3008 2412 3054 sacrarum
2464 2987 2686 3073 imagi-

429 3109 603 3165 num,
674 3086 1047 3174 imaginem,
1120 3107 1279 3171 quae
1343 3087 1406 3151 in
1474 3087 1793 3173 evangelio
1861 3091 1986 3165 est,
2055 3086 2481 3162 deosculatur,
2554 3091 2685 3150 tum

430 3185 748 3251 ambabus
795 3184 1084 3250 manibus
1132 3185 1518 3250 sacerdotem
1568 3185 1985 3269 amplectenS,
2054 3186 2187 3269 ejus
2233 3185 2529 3250 humeros
2577 3184 2686 3248 de-

431 3282 791 3361 osculatur,
854 3284 1099 3348 dicens:
1166 3280 1455 3369 Χριστὸς
1500 3279 1762 3369 ἀνέστη,
1833 3281 2116 3349 Christ-2123
2174 3283 2562 3363 resurreoeit;
2627 3285 2688 3346 et

433 3382 567 3466 ipse
616 3382 899 3447 vicissim
944 3382 1008 3446 in
1055 3382 1279 3447 faciem
1328 3402 1365 3445 a
1395 3382 1716 3447 sacerdote
1745 3381 2028 3447 osculum
2061 3382 2389 3467 accipienS‚
2439 3398 2685 3465 respon·

433 3480 656 3545 dente:
709 3477 1011 3564 Ἀληθῶς
1056 3477 1303 3567 ἀνέστη,
1352 3502 1492 3543 vere
1537 3482 1906 3544 reem-remit.
1983 3481 2065 3545 Et
2111 3481 2200 3545 sic
2239 3499 2450 3545 coram
2482 3498 2687 3543 sacer-

394 3579 581 3649 .dote
630 3578 875 3643 sistitur
899 3578 967 3663 ¹).
1061 3577 1144 3644 Et
1188 3579 1540 3663 procedens
1598 3578 1789 3656 alius,
1855 3583 1994 3663 post
2054 3578 2393 3644 sacerdotis
2456 3578 2685 3655 oscula,

438 3674 630 3741 alium
697 3680 969 3741 stantem
1037 3676 1463 3761 amplectitur,
1533 3682 1595 3744 et
1657 3682 1891 3742 mutuo·
1942 3677 2228 3761 amplexu
2296 3677 2449 3742 alter
2514 3675 2687 3741 alteri

441 3841 514 3851 -·—-

624 3945 669 4013 ι)
707 3944 927 3999 Festiva
952 3943 1155 4011 εἴδησις
1174 3946 1547 4000 Pentecostarii
1586 3946 1769 4001 habet:
1807 3943 1864 3998 ‘O
1890 3944 1946 3997 δὲ
1973 3944 2263 4014 ἀσπασμὸς
2290 3949 2499 4013 γίνεται
2526 3944 2684 3996 οὕτω·

446 4024 744 4095 Λαμβάνει
781 4023 812 4076 ὁ
854 4026 1028 4094 ἱερεύς
1075 4024 1138 4077 τό
1188 4024 1352 4094 ἅγιον
1403 4025 1751 4096 εὐαγγέλιον,
1807 4028 1895 4077 καὶ
1933 4027 2146 4077 ἵσταται
2197 4025 2302 4095 πρὸ
2354 4029 2462 4077 τῶν
2501 4027 2690 4095 θυρῶν

445 4107 542 4159 τοῦ
580 4103 752 4173 ἁγίου
789 4102 1049 4173 βήματος,
1086 4104 1117 4157 o‘
1156 4105 1217 4158 δὲ
1252 4105 1672 4176 καθηγούμενος
1697 4106 1874 4159 ἐλθών
1911 4109 1997 4157 καὶ
2023 4104 2415 4175 ἀσπασάμενος
2439 4106 2499 4157 τὸ
2526 4105 2690 4174 ἅγιον

443 4184 771 4254 εὐαγγέλιον
807 4187 900 4235 καὶ
937 4184 1036 4238 τὸν
1072 4188 1231 4257 ἱερέα,
1258 4185 1529 4256 λαμβάνει
1556 4185 1690 4238 αὐτὸ
1718 4187 1774 4238 ἐκ
1798 4190 1908 4238 τῶν
1931 4190 2138 4256 χειρῶν
2165 4186 2336 4238 αὐτοῦ
2359 4188 2447 4236 καὶ
2475 4187 2689 4235 ἵσταται

443 4266 499 4317 ἐκ
534 4265 734 4330 δεξιῶν
771 4267 874 4317 τοῦ
913 4265 1106 4334 ἱερέως.
1177 4265 1314 4319 Εἶτα
1352 4270 1404 4318 οἱ
1441 4266 1675 4337 ἀδελφοὶ
1713 4265 1940 4327 πάντες,
1990 4267 2124 4319 κατά
2165 4266 2262 4332 τὴν
2298 4264 2454 4329 τάξιν
2493 4266 2687 4326 αὐτῶν,

443 4344 786 4406 ἀσπάζονται
819 4348 1046 4415 πρῶτον
1082 4347 1143 4398 td
1182 4346 1346 4416 ἅγιον
1383 4347 1720 4416 εὐαγγέλιον,
1762 4345 1875 4399 εἶτα
1915 4345 2011 4399 τὸν
2049 4348 2192 4417 ἱερέα
2239 4349 2329 4397 καὶ
2380 4346 2480 4398 τόν
2516 4349 2687 4409 καθη-

449 4424 751 4495 γούμενον,
791 4426 886 4477 καὶ
923 4426 1166 4479 ἵστανται
1202 4427 1443 4496 κᾴκεῖνοι
1480 4429 1622 4482 ἔνθα
1658 4428 1728 4479 ἄν
1768 4427 1981 4495 τύχωσι
2028 4431 2118 4477 καὶ
2152 4425 2487 4487 ἀσπάζονται
2526 4423 2689 4489 ἀλλή-

446 4507 572 4566 λους
611 4508 774 4575 (Edit.
816 4521 1012 4560 roman.
1051 4524 1131 4562 an.
1171 4511 1327 4579 1884,
1366 4528 1414 4581 p.
1457 4511 1567 4579 13).
