3514 5391
982 482 1158 537 Mense
1196 483 1457 602 Septemb.
1515 484 1662 540 Fest.
1702 484 1782 539 Ss.
1744 486 2006 601 ΠΑιιςεΙ.
2046 486 2189 540 Cust.
2550 488 2656 542 503

420 677 666 762 reliquis
728 699 873 745 vero
928 681 1269 747 universim
1334 684 1413 747 ad
1474 682 1716 749 libitum
1784 684 2089 759 concessit
2151 705 2260 769 pro
2311 678 2510 768 primo
2560 686 2659 750 die

422 796 535 840 non
584 777 883 862 impedito
928 786 1072 864 post
1100 779 1333 846 festum
1380 782 1787 847 dedicationis
1836 803 1883 848 s,
1919 782 2246 848 Michaelis
2277 782 2660 869 archangeli,-

418 876 492 939 ad
537 878 705 959 quod
753 896 869 943 ceu
917 880 1224 964 appendix
1271 873 1589 963 quaedam'
1626 881 1931 945 creditum
1966 886 2059 946 est
2086 883 2415 966 pertinere,
2467 902 2656 966 quum

417 994 487 1038 eo
530 975 631 1039 die
681 974 965 1042 Ecclesia
1010 978 1196 1043 etiam
1246 998 1328 1044 ss,
1365 979 1747 1064 Angelorum
1785 980 2059 1044 omnium
2093 981 2456 1046 memoriam
2495 984 2655 1067 agat.

414 1074 497 1141 At
528 1093 679 1138 vero
712 1072 1001 1140 Clemens
1034 1074 1163 1142 ΡΡ.
1205 1077 1283 1142 X.
1316 1076 1564 1161 festum
1609 1099 1691 1142 ss.
1727 1077 2110 1162 Anqelorum
2142 1078 2479 1145 Custodum
2526 1100 2658 1144 om-

412 1172 592 1241 uibus
622 1174 847 1239 indixit
874 1194 1034 1240 auno
1066 1175 1256 1253 1670,
1306 1177 1407 1240 die
1434 1177 1709 1247 secundo
1740 1176 2027 1243 Octobris
2074 1178 2276 1244 eidem
2318 1179 2655 1263 assignatO,

412 1273 625 1356 utpote
677 1273 783 1356 qui
815 1279 980 1339 esset
1010 1274 1248 1357 primus
1279 1294 1403 1339 uon
1432 1275 1766 1359 impeditus
1798 1282 1939 1360 post
1964 1296 2012 1341 s,
2043 1275 2372 1342 Michaelis
2406 1277 2656 1342 festum.

590 1379 824 1445 Festus
871 1380 1004 1446 dies
1051 1401 1134 1448 ss,
1185 1381 1568 1468 Angelorum
1618 1381 1980 1459 Custodum,
2050 1404 2124 1448 ex
2170 1385 2423 1469 speciali
2471 1385 2657 1468 privi-

410 1477 574 1563 legio
623 1499 666 1543 a
711 1499 761 1545 s.
810 1478 973 1545 Sede
1021 1500 1338 1560 concessO,
1386 1481 1448 1546 in
1499 1480 1838 1548 Germania
1901 1486 2087 1566 atque
2147 1482 2209 1547 in
2266 1483 2477 1548 multis
2525 1482 2660 1547 aliis

410 1576 776 1660 regionibus
838 1572 1037 1643 status
1096 1586 1219 1645 non'
1283 1585 1396 1657 est,
1465 1581 1596 1645 sed-
1635 1578 1737 1645 illo
1786 1580 2096 1646 dominico
2143 1581 2271 1657 die,
2341 1581 2445 1665 qui
2484 1580 2662 1663 juxta

394 1680 778 1759 ‚computum
829 1668 1323 1749 ecclesiasticum
1368 1672 1611 1765 primus
1660 1682 1755 1744 est
1802 1678 2035 1743 mensis
2084 1677 2492 1763 SeptembriS‚
2559 1698 2659 1743 so-

410 1771 709 1839 lemniter
754 1779 815 1840 et
842 1774 1229 1871 plerumque
1278 1796 1423 1841 cum
1470 1776 1701 1841 Octava
1749 1777 2084 1863 peragitur.

592 1881 817 1947 Exstat
861 1883 925 1947 in
958 1882 1350 1969 Horologi
1373 1905 1409 1949 o
1438 1904 1501 1949 m
1523 1904 1724 1970 agno
1774 1878 2156 1950 Graecorum
2190 1887 2431 1970 integer
2456 1906 2661 1947 canon

410 1980 695 2067 supplex
753 1980 844 2045 ad
887 1982 1196 2068 Anqelum
1251 1980 1581 2047 Custodem
1643 1983 1766 2048 hoc
1822 1983 2095 2067 praefixo
2144 1982 2355 2048 titulo:
2431 1985 2491 2045 K
2495 2005 2663 2045 ανων

409 2071 733 2166 ἳκετηριος
776 2073 870 2155 εἷς
914 2079 1028 2143 τὸν
1055 2078 1318 2163 ἄγγελον
1362 2078 1477 2144 τὸν
1505 2078 1761 2168 φύλακα
1806 2084 1917 2167 τῆς
1947 2084 2062 2145 τοῖ’
2095 2078 2451 2163 ἀνθρωπου
2480 2078 2661 2167 ζωῆς.

409 2169 694 2264 Ποίημα,
730 2174 1024 2247 Ἰωάννου
1081 2182 1369 2262 μοναχοῦ
1425 2177 2040 2262 τοῦ·Μαυρόποὸος
2064 2180 2131 2264 ¹).
2225 2181 2388 2246 Eum
2445 2181 2522 2245 ad
2569 2200 2665 2246 re-

409 2273 593 2360 gulas
641 2277 934 2343 metrices
991 2269 1307 2345 asteriscis
1354 2282 1666 2365 στιχηρῶς
1723 2279 2084 2344 distinctum
2149 2279 2402 2345 exhibet
2461 2280 2664 2345 novis-

411 2373 575 2438 sima
622 2373 812 2439 editio
860 2374 1139 2442 Romana
1183 2398 1287 2462 pp.
1336 2376 1712 2454 329—334,
1765 2378 1989 2443 additis
2037 2378 2226 2442 etiam
2272 2378 2555 2443 versibus
2604 2382 2666 2443 et

415 2473 700 2538 oratione
747 2476 995 2558 propria
1044 2495 1188 2540 mox
1234 2474 1582 2541 afferendis.

602 2596 777 2670 Quae
816 2598 892 2657 ad
932 2600 1277 2673 mysterium
1316 2599 1459 2659 festi
1498 2599 1793 2674 spectant,
1846 2602 2030 2675 plana
2068 2607 2207 2660 suut
2244 2600 2468 2671 omnia;
2525 2616 2664 2672 qua·

413 2684 666 2752 propter
703 2678 1087 2753 indagatione
1116 2698 1258 2756 opus
1283 2699 1397 2741 non
1425 2687 1530 2741 est.
1590 2681 1744 2755 Ejus
1770 2682 1900 2741 loco
1924 2679 2325 2755 fragmentum
2355 2697 2428 2738 ex
2448 2677 2665 2738 Officio

415 2759 882 2832 latino-graeco
928 2760 999 2819 P.
1040 2762 1291 2836 Georgii
1336 2761 1572 2836 Mayr²)
1628 2764 1744 2821 huc
1792 2763 2080 2834 sistimus,
2137 2780 2248 2835 quo
2293 2762 2546 2835 jnvenes
2604 2767 2667 2819 et

415 2838 841 2899 adolescentes
879 2842 1031 2900 ritus
1069 2844 1307 2915 graeci,
1359 2844 1458 2915 qui
1496 2844 1555 2901 in
1593 2844 1784 2903 variis
1823 2844 2148 2902 studiorum
2191 2842 2462 2915 collegiis
2510 2842 2664 2901 hanc

417 2935 568 2992 erga
605 2921 931 2980 tutelarem
970 2940 1133 2981 suum
1175 2925 1447 2997 angelum
1500 2924 1791 2997 pietatem
1850 2931 1913 2983 et
1949 2924 2394 2984 venerationem
2445 2922 2666 2995 insigni

418 3000 643 3060 affectu
683 3008 747 3060 et
773 3002 987 3061 ardore
1027 3019 1155 3062 cum
1174 2999 1416 3063 Latinis
1445 3006 1902 3078 amplectuntur,
1930 3010 2165 3062 nostras
2190 3019 2400 3077 preces
2425 3000 2666 3061 facilius

417 3080 768 3155 intelligere
806 3084 1272 3157 religionemque
1312 3101 1671 3144 communem
1710 3085 1926 3156 ῥᾳδίως,
1983 3091 2052 3143 ut
2087 3086 2202 3159 ipsi
2241 3084 2461 3154 dicunt,
2499 3084 2556 3140 h.
2598 3101 2667 3154 e.‚

418 3160 548 3218 sine
588 3163 828 3235 negotio
866 3171 930 3222 et
967 3181 1251 3224 exercere
1292 3167 1669 3225 et·excolere
1694 3167 1941 3240 possint.
2003 3165 2091 3225 Ut
2126 3179 2269 3224 vero
2308 3169 2371 3222 et
2396 3163 2666 3221 occiden-

418 3241 635 3300 talium
688 3243 927 3304 erudita
973 3245 1173 3320 pietas
1210 3246 1474 3305 vicissim
1534 3246 1761 3319 aliquid
1808 3247 1945 3306 novi
1995 3263 2068 3303 ex
2108 3244 2375 3303 Graecia
2423 3244 2665 3312 habeat,

420 3337 532 3392 quo
573 3338 686 3380 non
725 3323 853 3382 sine
891 3326 1158 3385 utilitate
1200 3327 1554 3398 delectetur,
1591 3327 1756 3401 parti
1793 3327 2000 3386 latino·
1987 3341 2270 3398 -graecae
2310 3331 2666 3381 memoratos

422 3417 633 3460 versus
673 3420 803 3462 cum
843 3407 1110 3466 oratione
1150 3425 1223 3466 ex
1259 3407 1588 3480 Horologio
1626 3408 2076 3480 subjungemus:
2129 3404 2436 3477 adscripta
2483 3406 2665 3462 etiam

423 3488 716 3542 accurata
756 3486 1027 3545 versione
1065 3490 1428 3560 germanica.
1467 3505 1642 3563 quam
1675 3488 1940 3562 proxime
1978 3504 2049 3545 ac
2077 3486 2304 3544 directe
2334 3502 2406 3542 ex
2431 3485 2668 3557 palaeo-

424 3561 652 3622 slavico
682 3564 760 3623 ad
784 3567 1027 3626 verbum
1056 3571 1356 3642 expressit
1375 3569 1755 3641 Maltzew‚
1792 3567 2223 3634 Andachtsbach,
2251 3583 2345 3639 pp.
2366 3564 2666 3623 496-498.

1348 3710 1667 3785 Hymnus
1704 3710 1754 3769 Ι.

1264 3801 1380 3860 Ad
1419 3802 1825 3874 Vesperas.

928 3907 1220 3968 Custodes
1257 3910 1552 3968 homiuum
1590 3910 1901 3983 psallimus
1939 3908 2224 3980 Angelos

800 3985 805 3990 ⁴
856 3987 1129 4048 Naturae
1166 3988 1378 4063 fragili
1417 4006 1559 4063 quos
1596 3988 1790 4048 Pater
1830 3987 2065 4046 addidit

858 4066 1161 4128 coelestis
1193 4071 1455 4138 comites,
1496 4069 1921 4130 insidiantibus

855 4148 949 4214 Ne
989 4151 1403 4244 succumberet
1437 4150 1722 4208 hostibus.

433 4249 609 4257 —--.---
656 4253 735 4258 -.Ἷ

612 4290 655 4352 ι)
694 4292 840 4347 Hanc
874 4294 1106 4363 praefert
1141 4291 1533 4362 ἀκροστιχίδα.·
1578 4291 1693 4344 Τόν
1728 4291 1967 4360 ἄγγελον
2001 4291 2187 4361 μέλπω
2226 4302 2284 4343 σε
2312 4290 2412 4341 τὸν
2438 4286 2656 4358 φύλακά

434 4387 565 4438 μου.
636 4370 793 4438 Ὠιδὴ
829 4377 1090 4443 μοναχοῦ
1124 4369 1398 4429 Ἰωάννου.

615 4451 661 4525 ¹)
698 4454 819 4509 Cir.
846 4469 977 4528 quae
1014 4455 1077 4510 de
1115 4470 1177 4509 eo
1212 4447 1506 4509 notavimus
1542 4470 1590 4525 p.
1630 4453 1753 4510 474.
