3514 5391
833 493 940 552 484
1478 492 1639 553 Festa
1676 492 1885 553 mobilia
1920 503 2041 569 post
2075 492 2435 555 Pentecosten.

2969 607 3078 617 -—-

835 696 943 761 siis
990 695 1223 780 passim
1273 695 1563 779 appensis
1610 694 1745 760 fieri
1796 694 1989 761 oeulis
2019 696 2413 780 percepimus
2439 696 2508 780 ¹),
2557 696 2623 763 id
2652 697 2839 762 etiam
2869 694 3081 761 multis

836 792 1010 857 libris
1059 793 1135 856 ad
1182 791 1618 856 illustrandum
1667 792 1803 877 ejus
1835 793 2113 876 mysterii
2155 792 2388 858 cultum
2419 794 2480 859 in
2517 792 2769 859 Oriente
2818 792 3083 878 vulgatis

837 891 1273 955 confirmatum
1334 890 1451 954 alio
1514 890 1650 955 loco
1702 890 1833 974 jam
1901 889 2287 955 ostendimus
2312 892 2384 975 ²).
2477 891 2573 957 Ex
2619 893 2695 956 iis
2739 891 3080 977 gratiarum

838 989 1113 1074 praemia
1174 987 1515 1053 cultoribus
1580 988 1998 1053 Saeratissimi
2058 986 2276 1053 Gordis
2325 988 2476 1054 Jesu
2545 991 2608 1055 in
2673 990 2874 1054 forma
2939 1007 3084 1072 pro-

744 1151 753 1158 ,
838 1087 1205 1151 missionum
1252 1087 1569 1171 proposita
1610 1106 1836 1171 graece
1884 1090 1947 1151 et
1994 1086 2312 1151 rumenice
2352 1086 2590 1173 vulgari
2623 1106 2912 1153 sermone
2958 1085 3082 1151 hue

836 1185 1284 1250 transscribere
1332 1183 1615 1249 volumus
1665 1186 1743 1250 ad
1791 1204 2006 1250 eorum
2057 1184 2454 1263 voluntatem,
2513 1186 2574 1249 ni
2623 1183 2915 1259 fallimur,
2976 1184 3081 1267 qui

840 1283 1096 1365 eupiunt
1157 1283 1457 1348 curiosius
1517 1303 1743 1368 graeca
1813 1287 1874 1347 et
1921 1302 2182 1348 rumena
2243 1303 2384 1348 cum
2447 1282 2652 1349 latinis
2720 1288 2784 1349 et
2844 1282 3084 1370 gallicis

846 1400 1230 1465 comparare.

1094 1575 1669 1639 ΥΠΟΣΧΕΣΕΙΣ

938 1697 1234 1769 γενόμεναι
1277 1703 1352 1758 εἰς
1388 1699 1486 1764 τὴν
1525 1704 1827 1770 Μακαρίαν

848 1784 1218 1851 Μαργαρίταν
1244 1785 1327 1838 Μ.
1363 1779 1602 1843 Ἀλακόκ,
1642 1781 1789 1847 παρά
1817 1785 1916 1835 τοῦ

885 1866 951 1918 K.
993 1867 1063 1915 H.
1102 1860 1288 1928 Ἰησοῦ
1330 1867 1582 1932 Χριστοῦ
1618 1861 1711 1913 dcci
1753 1862 1880 1921 zoes,-

978 1941 1220 2006 εὐλαβεῖς
1257 1945 1348 2008 τῆς
1385 1941 1633 2014 Καρδίας
1671 1961 1786 2001 του.

1004 2030 1032 2066 ο

938 2232 997 2291 1.
1055 2226 1155 2292 Θά
1199 2226 1385 2292 δώσω
1432 2222 1524 2304 εἷς
1552 2227 1701 2305 τοίς
1730 2226 1917 2292 εὐλα-

847 2328 987 2406 βεῖς
1047 2331 1157 2414 τῆς
1205 2321 1499 2411 Καρδίας
1541 2350 1701 2409 μου,
1765 2325 1920 2404 ὅλας

849 2422 965 2500 τὰς
1024 2419 1368 2505 ἀναγκαίας
1433 2421 1698 2509 χάριτας
1751 2425 1918 2489 κατὰ

849 2520 925 2585 τὸ
974 2519 1292 2604 στάσιμόν
1335 2545 1482 2587 των.

939 2624 1000 2687 2.
1060 2619 1186 2709 Τὴν
1216 2615 1462 2710 εἰρήνην
1490 2615 1583 2698 εἷς
1606 2621 1723 2699 τὰς
1741 2615 1917 2687 οἶκο-

1001 2713 1015 2738 Ι

851 2741 1008 2801 γενει
1021 2742 1097 2797 ας
1141 2743 1287 2785 των.

941 2821 1002 2885 3.
1064 2816 1192 2894 Τὰς
1219 2813 1614 2905 παρηγορίας
1644 2813 1738 2895 εἷς
1766 2815 1920 2897 ὅλας

854 2939 981 2978 των
1026 2914 1141 2991 τὰς
1188 2910 1477 3003 θλίψεις.

944 3017 1006 3078 4.
1092 3012 1193 3078 Θὰ
1262 3006 1437 3097 εἷμαι
1504 3013 1580 3079 τι)
1648 3014 1922 3099 βέβαιον

856 3110 1255 3196 καταφίγιον
1299 3107 1393 3189 εἷς
1446 3112 1559 3201 τὴν
1604 3112 1770 3203 ζωὴν
1815 3113 1920 3179 καὶ

853 3213 1125 3294 μερικῶς
1169 3204 1262 3287 εἷς
1310 3209 1419 3274 τὸν
1467 3209 1777 3276 θάνατον.

944 3308 1007 3372 5.
1079 3306 1181 3372 Θὰ
1235 3306 1555 3396 εὖλογήσω
1611 3307 1924 3396 ἀφθόνως

855 3404 972 3483 τὰς
1019 3399 1446 3495 ἐπιχειρήσεις
1489 3431 1635 3475 των.

948 3506 1007 3571 6.
1065 3499 1141 3568 Οἳ
1193 3502 1559 3590 ἁμαρτωλοὶ
1606 3506 1702 3571 θα
1731 3504 1922 3593 εἱῑρω-

861 3623 965 3666 σιν
1010 3596 1103 3678 εἷς
1149 3601 1262 3690 τὴν
1294 3598 1592 3689 Καρδίαν
1618 3629 1765 3687 μου,
1813 3603 1927 3690 τὴν

857 3699 1086 3786 βρύσιν
1146 3698 1253 3765 καὶ
1309 3700 1422 3765 τὸν
1481 3700 1763 3767 ὠκεανὸν
1816 3708 1929 3792 τῆς

860 3797 1326 3885 Ἔλεημοσύνης.

954 3901 1010 3962 7.
1033 3892 1129 3962 Αἱ
1162 3897 1359 3985 ψυχαὶ
1380 3898 1633 3983 χλιαραὶ
1657 3898 1925 3965 θέλουσι

859 3995 1023 4084 λάβῃ
1076 3994 1459 4084 θερμότητα.

2291 1576 2823 1653 PROMISIUNL

2023 1699 2170 1758 Cari
2191 1701 2352 1758 le-au
2373 1700 2577 1759 feeutu
2591 1700 3085 1759 DomnuluDom·

2023 1781 2300 1839 nedieuln
2338 1787 2543 1839 nostru
2572 1781 2747 1840 Isusu
2774 1779 3087 1840 Christosu

2021 1859 2292 1939 ferieitei
2331 1861 2544 1919 Mari’a
2576 1861 2916 1934 Margarita
2938 1860 3089 1920 Ala·

2026 1958 2204 2016 eoque
2245 1960 2383 2016 spre
2410 1946 2627 2015 par-tea
2654 1948 2927 2013 toturora
2957 1958 3090 2000 aee·

2024 2023 2185 2093 lora,
2235 2025 2363 2082 sari
2414 2040 2562 2082 vorn
2615 2026 2798 2081 onore.
2845 2022 3091 2081 Anim’a

2125 2119 2270 2160 eeea
2308 2102 2750 2161 Domnediesca
2788 2120 2826 2161 a
2860 2102 2994 2161 Lui.

2139 2230 2193 2295 1.
2245 2229 2333 2293 Le
2390 2230 2529 2295 voiu
2581 2230 2662 2294 de
2702 2229 2972 2295 dal-urile
3013 2231 3092 2294 de

2025 2325 2182 2411 lipsa
2228 2328 2292 2391 in
2339 2326 2570 2392 statulu
2611 2327 2767 2393 loru.

2116 2622 2176 2689 2.
2255 2623 2537 2689 Familiei
2606 2623 2739 2688 loru
2804 2624 2946 2688 voiu
3017 2623 3096 2687 ds

2026 2742 2237 2807 paces.

2118 2821 2178 2886 3.
2230 2820 2302 2885 In
2351 2820 2476 2886 tote
2507 2819 2851 2886 necasurile
2903 2820 3090 2886 ivoiu

2031 2919 2317 3005 mangaiai
2363 2939 2474 3003 pre
2522 2920 2597 2986 ei.

2118 3017 2180 3083 4.
2228 3016 2300 3081 In
2331 3018 2533 3096 viatia,
2574 3018 2626 3082 si
2662 3017 2782 3081 mai
2814 3037 2889 3082 eu
2923 3016 3093 3082 sema

2030 3116 2092 3181 in
2141 3114 2270 3180 or’a
2314 3116 2536 3181 mortei
2585 3115 2642 3180 le
2689 3116 2827 3180 voiu
2875 3114 2927 3180 fi
2961 3136 3094 3200 scu<

2032 3213 2184 3278 tulu.

2121 3313 2184 3377 5.
2234 3312 2387 3378 Tote
2434 3312 2931 3397 intreprinderile
2963 3313 3090 3378 loru

2035 3413 2096 3476 in
2130 3411 2375 3476 destulu
2405 3410 2464 3475 le
2497 3410 2634 3476 voiu
2665 3411 3087 3477 bineeuventai.

2125 3510 2183 3574 6.
2263 3508 2569 3574 Pecatosii
2640 3529 2789 3573 voru
2857 3509 2974 3574 τιθεῖ
3030 3508 3086 3572 in

2035 3606 2288 3672 Anim'a
2343 3626 2483 3670 mea
2528 3605 2799 3672 isvorulu
2848 3608 3086 3672 indura-

2036 3707 2124 3770 rei
2168 3705 2220 3770 si
2249 3725 2459 3770 marea
2491 3724 2641 3770 cesa
2667 3705 3084 3791 nemarginita.

2126 3903 2184 3967 7.
2265 3901 2555 3967 Sufletele
2622 3901 2752 3967 cele
2812 3899 3086 3965 lenevose

2039 4020 2184 4065 voru
2235 3998 2281 4064 fi
2327 3999 2451 4064 mai
2499 4019 2571 4064 eu
2623 3998 2776 4065 zelu.

1048 4210 1086 4278 ¹)
1126 4211 1182 4264 In
1221 4210 1578 4266 Transilvania
1615 4214 1774 4266 etiam
1811 4214 1861 4267 in
1899 4214 2132 4267 ecclesiis
2170 4229 2370 4272 eorum,
2422 4228 2550 4283 quos
2587 4213 2651 4266 ab
2685 4213 2885 4266 unitate
2922 4209 3082 4263 catho-

863 4290 961 4344 lica
998 4291 1249 4344 defecisse
1288 4297 1577 4344 moerentes
1614 4292 1886 4360 intuemur,
1937 4294 2186 4362 imagines
2224 4292 2312 4346 SS.
2353 4292 2534 4347 Cordis
2570 4292 2696 4347 Jesu
2733 4292 2927 4363 publico
2963 4288 3079 4343 chri·

864 4371 1145 4424 stianorum
1183 4371 1341 4424 cultui
1379 4374 1671 4442 propositas
1710 4374 2010 4428 invenimus·

1044 4451 1088 4516 ²)
1132 4453 1217 4506 ΒΡ
1253 4453 1563 4508 rationibus
1590 4457 1743 4525 fest„
1784 4459 1822 4509 t.
1863 4447 1926 4523 2,'
1953 4471 2036 4525 pp.
2074 4455 2376 4510 641—642.
