3514 5391
1008 519 1145 576 Ordo
1184 520 1431 577 festorum
1471 520 1718 577 ecclesiae
1756 538 2013 577 annonae.

965 718 1135 774 Sentio
1175 719 1235 771 V.
1301 719 1577 774 Vartavar.
1636 720 2063 789 'stansfiguratid

399 899 641 964 mensis.
698 937 784 946 —
835 901 1244 986 Euphemiam
1290 902 1593 988 virginem
1644 898 2039 967 Chalcedone
2087 902 2202 968 sub
2252 903 2276 968 l

398 998 691 1080 martyrio
780 1003 1136 1064 coronatam
1218 999 1426 1065 Mart
1440 1020 1546 1084 yr.
1610 998 1826 1064 Rom.
1906 1002 2081 1084 ponit
2150 1003 2209 1066 d.

394 1094 594 1160 Arm.
647 1095 847 1162 Men.
903 1098 1004 1163 15.
1054 1098 1249 1182 ejusd.
1301 1099 1552 1174 mensiS,
1604 1099 1879 1164 Graec.
1930 1118 2074 1164 vero
2121 1101 2182 1164 d.
2218 1101 2276 1163 l]

401 1189 790 1264 Chi-istinam
837 1196 1137 1281 virginem
1188 1197 1333 1280 Tyri
1380 1198 1446 1261 in
1492 1196 1735 1274 Tuscia,
1803 1195 2017 1263 Italiae
2064 1199 2276 1282 provin

392 1292 546 1375 tyrio
608 1294 1038 1377 perfunctam,
1103 1295 1430 1379 Martyr.
1481 1294 1682 1362 Rom.
1720 1302 1818 1369 ‚et
1864 1295 2154 1370 Menol.
2207 1295 2262 1362 G

392 1388 612 1456 hibent
660 1393 721 1459 d.
771 1393 877 1459 24.
927 1392 1074 1459 Julii
1142 1395 1211 1467 (t.
1270 1396 1324 1470 1,
1377 1415 1435 1478 p.
1488 1395 1680 1477 221);
1739 1381 1855 1459 ⁴sed
1906 1398 2276 1459 Armen01

389 1489 528 1554 dem
581 1497 820 1556 mensis
868 1492 967 1556 die
1016 1493 1119 1558 23.

568 1687 951 1758 SabbatO.
1012 1690 1126 1755 SS.
1177 1691 1698 1755 Patr-iamborum
1744 1691 1948 1772 Adae,
1997 1689 2176 1769 Abel,
2227 1690 2276 1755 S

392 1785 673 1867 Henoch,
724 1787 885 1866 Noe,
937 1788 1406 1868 Melchisedech,
1455 1789 1772 1869 Abrahae,
1820 1791 2026 1873 Isaac,
2076 1789 2276 1854 Jacob

389 1884 662 1971 Moysis,
710 1886 953 1962 Aaron,
1013 1885 1336 1964 Eleazari‚
1398 1889 1634 1968 Joeue„
1680 1886 2015 1965 Samuelis,
2082 1888 2276 1952 alien

389 1984 833 2049 erim-charum.

570 2127 911 2194 Sciendum
960 2134 1188 2209 tamen,
1239 2132 1406 2214 quod
1453 2132 1516 2196 in
1541 2124 1701 2197 serie
1749 2131 2074 2197 nominum
2101 2131 2276 2198 horu]

391 2226 677 2304 charum,
742 2226 1187 2294 Kalendarium
1236 2230 1547 2313 quoddam
1585 2231 1764 2314 't'ypis
1814 2231 2049 2295 editum
2099 2236 2239 2316 post

392 2325 566 2401 addit
616 2325 737 2391 alia
768 2329 1033 2409 quatuor
1061 2329 1329 2405 nomina,
1360 2321 1655 2394 nimirum
1678 2328 2001 2405 Baraclzii,
2042 2326 2276 2393 Gedeov

391 2429 451 2487 et
499 2421 855 2504 Samsonie,
904 2445 1061 2509 quae
1109 2427 1170 2492 in
1220 2427 1480 2492 caeteris
1528 2428 1845 2493 codicibus
1892 2428 2276 2493 desideranti]

390 2520 573 2586 liensi
625 2532 903 2607 excepto,
953 2545 1026 2590 ex
1076 2545 1196 2608 quo
1243 2525 1456 2608 liquet,
1508 2545 1580 2590 ea
1625 2528 1880 2591 nomina
1926 2546 1958 2589 a
2007 2527 2276 2591 recentio

393 2618 718 2704 adjuncta,
781 2622 860 2687 ad
908 2623 1314 2689 imitationem
1367 2623 1542 2688 Pauli
1594 2626 1747 2709 Ap.,
1821 2625 1921 2708 qui
1974 2625 2035 2688 in
2085 2624 2276 2708 episto

391 2718 739 2799 HebraeoS,
791 2720 928 2787 illos
978 2724 1362 2788 adnumerat.

576 2990 918 3055 Dominica
966 2993 1050 3057 ῙΙ.
1095 3003 1241 3077 post
1295 2992 1355 3055 T
1346 2992 1952 3077 ranqfiqurationem.

576 3133 814 3200 Feria
860 3135 949 3200 II.
1015 3136 1267 3200 Festum
1317 3135 1431 3199 SS.
1469 3138 1652 3199 Isaac
1702 3146 1762 3197 et
1805 3135 2066 3219 Joseph,
2114 3136 2224 3219 qui
2269 3159 2276 3195 ι

405 3231 685 3298 Carinae
731 3237 1143 3298 consummati
1189 3245 1349 3300 sunt.

580 3360 862 3426 Fuerunt
909 3361 1011 3425 isti
1058 3359 1283 3426 fratres
1329 3360 1631 3445 germani,
1684 3380 1719 3423 a
1767 3363 1939 3443 patre
1988 3358 2197 3432 Persa,
2249 3379 2276 3422 n

400 3458 757 3535 christiana,
816 3460 924 3543 qui
970 3478 1081 3542 pro
1130 3456 1358 3523 Christi
1408 3458 1530 3523 fide
1580 3449 1782 3542 capite
1829 3457 1993 3542 plexi
2039 3462 2184 3521 sunt
2230 3476 2264 3520 a

400 3558 561 3623 tanis
606 3559 669 3623 in
704 3558 853 3623 urbe
885 3556 1143 3623 Carinae
1174 3556 1387 3643 (vulgo
1426 3557 1728 3622 Erzeru
1747 3557 1839 3641 m)
1884 3557 2226 3639 imperante
2259 3555 2276 3617 1

402 3660 470 3718 ut
516 3656 784 3721 refertur
830 3656 891 3720 in
941 3658 1143 3722 Arm.
1193 3656 1389 3723 Men.
1440 3658 1516 3721 ad
1566 3658 1623 3723 d.
1676 3656 1783 3720 22.
1834 3655 2162 3721 Januarii:

580 3853 818 3917 Feria
865 3853 993 3919 III.
1066 3854 1314 3918 Festum
1362 3877 1443 3920 se.
1474 3854 1800 3918 duodecim
1838 3853 2276 3938 prophetarum

582 4050 822 4115 Feria
868 4050 943 4111 V.
1003 4051 1255 4114 Festum
1304 4049 1718 4134 Athenoyenie
1769 4050 2049 4135 episcopi
2096 4058 2154 4112 et
2201 4048 2276 4113 de

401 4146 695 4233 pulcrum
742 4152 895 4239 ejus,
966 4172 1039 4211 ac
1099 4152 1366 4234 quinque
1425 4158 1804 4235 martyrum,
1872 4148 1982 4231 qui
2041 4169 2174 4210 cum
2237 4169 2276 4207 e·

411 4247 564 4309 mati
608 4259 770 4313 eunt.

587 4373 646 4438 S.
695 4373 1176 4459 Athenogeneni
1242 4373 1585 4455 decemque
1658 4371 1790 4454 ejus
1855 4369 2191 4454 discipulos
2255 4370 2276 4432 Ε

418 4470 703 4536 Armenia
752 4472 1048 4555 martyrio
1100 4475 1423 4535 coronatos
1472 4470 1588 4535 sub
1622 4468 2005 4539 Diocletiano
2054 4466 2267 4531 Mart.
