3514 5391
1377 496 1456 552 De
1495 496 1608 568 ipsa
1644 495 2068 567 Qtiadragesima.
2787 498 2853 553 81

2740 612 2844 619 ——

558 692 828 751 decimas
870 694 1028 752 Deo
1069 695 1279 754 damus
1303 696 1361 765 ⁸).
1435 693 1558 753 Sed
1607 701 1676 753 ut
1719 710 1894 754 sacer
1948 712 2223 753 uumerus
2272 695 2346 753 40
2382 694 2629 754 dierum
2670 695 2852 753 adim-

568 773 824 845 pleatur,
865 790 1057 845 quem
1089 771 1378 833 Salvator
1413 779 1619 832 noster
1648 791 1750 832 suo
1779 791 1952 833 sacro
1971 773 2204 847 jejunio
2230 775 2620 847 consecravit,
2656 776 2699 833 4
2722 774 2849 833 dies

575 852 780 924 prioris
819 853 1257 912 hebdomadae
1298 853 1375 912 ad
1412 855 1885 927 supplementum
1920 854 1995 912 40
2031 854 2262 912 dierum
2300 855 2609 927 tolluntur,
2647 854 2710 912 id
2750 863 2845 915 est

580 939 791 1005 quarta
829 932 1043 1007 feria,
1104 950 1256 1006 quae
1310 941 1492 1006 caput
1526 934 1741 1006 ,iejunii
1782 936 2167 1007 subnotatur,
2223 940 2287 993 et
2323 936 2533 1009 quinta
2569 934 2729 993 feria
2767 952 2856 992 se·

584 1030 778 1085 quens.
818 1020 888 1073 et
929 1020 1116 1073 sexta
1153 1020 1217 1073 et
1253 1016 1585 1073 sabbatum.
1660 1014 1797 1073 Nisi
1833 1016 1991 1073 enim
2030 1015 2176 1073 istos
2216 1015 2343 1074 dies
2371 1016 2409 1073 4
2446 1016 2852 1090 superioribus

584 1095 649 1153 3ss
683 1093 1187 1167 adjunxerimus,
1240 1094 1315 1153 40
1351 1095 1478 1154 dies
1517 1096 1578 1152 in
1619 1095 1993 1154 abstinentia
2029 1112 2143 1153 non
2181 1096 2483 1155 habemus.
2559 1096 2856 1155 Jubemur

589 1176 763 1233 etiam
786 1177 868 1237 ab
891 1176 1294 1249 omnipotenti
1308 1174 1445 1234 Deo
1467 1175 1719 1234 omnium
1739 1177 2021 1235 bonorum
2044 1182 2379 1235 nostrorum
2402 1177 2666 1235 decimas
2688 1177 2851 1234 dare.

759 1265 956 1323 Alter
996 1265 1266 1337 ejusdem
1294 1266 1633 1338 argumenti
1659 1265 1824 1324 locus
1852 1271 2054 1325 exstat
2087 1266 2250 1325 inter
2273 1266 2628 1324 διδασκαλίας
2652 1274 2851 1334 ψυχω-

592 1347 769 1417 φιλεῖς
788 1345 995 1403 sancti
1012 1343 1314 1404 Dorothei
1336 1345 1491 1419 apud
1511 1344 1729 1417 Migne,
1770 1346 1940 1405 Patr.
1962 1363 2051 1419 gr.
2073 1350 2209 1404 tom.
2228 1347 2318 1418 88,
2361 1365 2456 1420 pp.
2480 1346 2851 1415 1787-1788,

595 1434 652 1483 et
691 1427 784 1484 ita
821 1443 890 1485 se
929 1427 1150 1485 habet:

836 1571 1293 1623 Διδασκαλίαι
1329 1568 1424 1625 ιε’.

715 1681 856 1749 Περὶ
895 1681 1006 1731 τῶν
1043 1675 1224 1746 ἁγίων
1261 1680 1540 1743 νηστείῶν.

697 1767 793 1820 Ἐν
825 1772 906 1835 τῷ
940 1767 1103 1837 νόμῳ
1127 1770 1447 1836 προςέταξεν
1472 1764 1503 1817 ὁ
1537 1765 1672 1824 Θεὸς

593 1848 745 1907 υἱούς
791 1846 1033 1919 Ἰσραήλ,
1099 1850 1192 1899 ἵνα
1251 1845 1376 1898 καθ’
1440 1845 1670 1899 ἕκαστον

590 1927 846 1981 ἐνιαυτὸν
897 1927 1278 1981 α’ποδεκατῶσι
1329 1926 1509 1980 πάντα
1565 1926 1670 1978 ὃσα

590 2008 659 2059 ἄν
681 2010 1008 2072 κτήσωνται·
1048 2011 1141 2060 καὶ
1170 2006 1342 2067 οὕτως
1365 2010 1669 2069 ποιοῦντες,

593 2087 927 2156 εὖλογοῠντο
1000 2088 1060 2141 ἐν
1122 2091 1259 2140 πᾶσι
1320 2091 1435 2146 τοῖς
1492 2088 1672 2159 ἔργοις

595 2167 786 2221 αὐτῶν.
892 2172 1072 2221 Τοῦτο
1137 2166 1345 2226 εἰδότες
1403 2169 1458 2219 οἱ
1518 2167 1671 2238 ἅγιοι

594 2247 894 2302 ἀπόστολοι
930 2248 1327 2314 ἐβουλεύσαντο
1370 2247 1507 2318 πρὸς
1542 2248 1669 2314 βοή-

600 2333 755 2383 θειαν
805 2332 896 2381 καὶ
935 2328 1259 2397 εὐεργεσίαν
1307 2332 1416 2381 τῶν
1466 2332 1669 2398 ψυχῶν

597 2406 765 2482 ἡμῶν,
805 2413 898 2462 καὶ
923 2413 1089 2462 τοῦτο
1115 2408 1383 2477 μειζόνως
1407 2411 1494 2459 καὶ
1521 2407 1666 2475 ὕψη·

598 2493 817 2563 λοτέρως
843 2489 981 2560 ἡμῖν
1004 2489 1356 2559 παραδοῦναι
1383 2489 1551 2548 αὐτάς
1575 2490 1669 2549 τοὶς

603 2570 797 2643 ἡμέρας
837 2576 930 2637 τῆς
963 2572 1100 2635 ζωῆς
1133 2569 1292 2639 ἡμῶν
1319 2569 1667 2624 ἀποδεκατοῖ-

602 2665 697 2714 σαι,
736 2656 828 2705 καὶ
866 2654 1045 2707 οἱονεὶ
1083 2649 1390 2723 ἀφιερῶσαι
1430 2654 1504 2718 τῷ
1534 2654 1666 2719 Θεῷ,

605 2734 686 2784 ἵνα
720 2733 896 2793 οὕτως
931 2736 1019 2785 καὶ
1055 2730 1444 2802 εὖλογούμεθα
1471 2733 1529 2785 ἐν
1555 2737 1668 2791 τοῖς

605 2813 770 2883 ἔργοις
804 2813 981 2884 ἡμῶν,
1030 2816 1122 2865 καὶ
1158 2811 1517 2882 ἐξιλεοτῖμεθα
1542 2813 1668 2864 καθ’

609 2892 824 2948 ἕκαστον
878 2895 997 2954 ἔτος
1063 2893 1161 2953 uic
1212 2892 1486 2964 ἁμαρτίας
1538 2892 1670 2948 ὅλου

613 2979 690 3028 τοῦ
714 2976 990 3033 ἐνιαυτοῦ.
1030 2977 1142 3027 Καὶ
1167 2979 1525 3045 ψηφίσαντες,
1553 2973 1669 3044 ἡγί-

608 3069 734 3108 ασαν
795 3053 936 3125 ἡμῖν
997 3054 1110 3107 α’πὸ
1177 3058 1285 3107 τῶν
1345 3060 1669 3125 τριακοσίων

604 3135 850 3200 ἐξήκοντα
885 3138 1046 3189 πέντε
1087 3133 1306 3205 ἡμερῶν
1356 3139 1456 3188 τοῦ
1493 3136 1668 3188 ἐνιαυ-

605 3220 718 3278 τοῦ,
769 3215 972 3274 ταύτας
1020 3214 1155 3268 ἑπτα
1206 3215 1516 3285 ἑβδομάδας
1560 3219 1670 3269 τῶν

607 3299 875 3361 νηστειῶν·
908 3296 1056 3349 οὕτω
1083 3294 1192 3364 γάρ
1216 3294 1508 3366 ἀφώρισαν
1532 3295 1665 3348 {uni

603 3375 921 3447 ἑβδομάδας.
997 3375 1161 3428 ‘Anci
1219 3378 1270 3428 οἱ
1325 3380 1548 3447 πατέρες
1595 3379 1669 3443 τῷ

604 3457 784 3525 χρόνῳ
835 3456 1102 3510 συνεῖδον
1139 3461 1530 3526 προστεθεΐναι
1569 3456 1667 3509 αὐ-

605 3542 712 3598 ταῖς
736 3541 827 3591 καὶ
852 3539 1028 3604 ἄλλην
1049 3539 1192 3606 μίαν
1215 3536 1514 3607 ἑβδομάδα,
1548 3536 1666 3607 ἅμα

602 3618 698 3686 μὲν
747 3618 842 3670 διὰ
895 3617 956 3671 τὸ
995 3616 1520 3688 προγυμνάζεσθαι,
1575 3622 1664 3670 καὶ

1778 1568 2168 1628 Doctrina
2220 1571 2486 1643 quinta
2537 1570 2851 1628 decima.

2031 1678 2119 1733 De
2141 1678 2364 1748 jejunio
2400 1681 2601 1733 sancta

1885 1766 1958 1825 In
2009 1767 2147 1839 lege
2197 1767 2482 1840 scriptum
2524 1773 2633 1838 est,
2672 1766 2850 1840 impe·

1779 1862 1949 1904 rasse
1986 1846 2182 1906 Deum
2225 1848 2367 1906 filiis
2392 1847 2606 1915 Israel,
2645 1853 2713 1905 ut
2736 1848 2850 1905 sin·

1779 1927 1936 1999 gulis
1977 1929 2149 1986 annis
2191 1929 2452 1987 decimas
2492 1929 2710 1986 darent
2735 1946 2852 1987 om·

1781 2008 1968 2079 nium,
2023 2025 2174 2081 quae
2228 2010 2635 2082 possiderent:
2688 2016 2753 2068 et
2789 2010 2851 2067 id

1778 2087 2073 2148 iacientes
2096 2091 2156 2148 in
2179 2091 2409 2149 cunctis
2430 2090 2707 2164 operibus
2727 2091 2849 2149 suis

1779 2170 2306 2230 benedicebantur.
2365 2170 2500 2229 Hoc
2532 2187 2852 2243 agnoscen-

1780 2257 1872 2307 tes
1930 2251 2184 2324 apostoli
2249 2252 2443 2309 sancti
2503 2252 2849 2309 consuluere

1781 2332 2097 2390 commodis
2138 2339 2200 2390 et
2235 2333 2601 2391 utilitatibus
2629 2332 2854 2398 anima,-

1778 2427 1907 2469 rum
1947 2418 2302 2482 nostrarum,
2356 2429 2466 2485 quo
2506 2412 2851 2471 decimatio·

1777 2508 1910 2548 nem
1937 2493 2091 2550 hanc
2123 2493 2514 2552 excellentius
2542 2500 2606 2551 et
2624 2493 2852 2565 magni-

1778 2572 2050 2631 ficentius
2075 2573 2490 2632 redderemus:
2532 2574 2667 2631 dum
2689 2573 2846 2631 scili-

1777 2656 1876 2711 cet
1890 2652 2114 2712 dierum
2139 2654 2304 2713 vitae
2325 2661 2568 2713 nostrae
2586 2653 2849 2713 decimas

1780 2733 2057 2793 daremus
2086 2740 2149 2794 et
2173 2735 2260 2793 sic
2279 2733 2413 2793 Deo
2436 2742 2638 2793 nostro
2665 2736 2848 2794 sacri·

1778 2812 2122 2886 ficaremuS‚
2176 2815 2264 2872 sic
2315 2817 2389 2873 ab
2430 2832 2500 2872 eo
2537 2816 2848 2875 benedice-

1778 2911 1979 2953 remur
2029 2896 2089 2953 in
2141 2896 2417 2970 operibus
2469 2897 2705 2968 nostriS,
2762 2898 2849 2955 sic

1779 2992 2002 3048 quoquo
2019 2993 2169 3034 anno
2180 2983 2435 3051 peccata
2442 2993 2847 3051 purgaremus

1779 3072 1929 3127 quae
1954 3073 2064 3129 per
2092 3056 2384 3129 integrum
2408 3073 2623 3114 annum
2650 3066 2849 3116 essent

1781 3154 1817 3194 a
1855 3136 2023 3195 nobis
2059 3143 2430 3211 perpetrata.
2495 3137 2700 3209 Atque
2737 3137 2849 3196 hoc

1780 3218 1939 3275 inter
1967 3235 2031 3276 se
2058 3224 2394 3276 tractantes
2422 3227 2847 3277 consecrarunt

1778 3298 1944 3356 nobis
1972 3316 2045 3356 ex
2070 3298 2359 3357 trecentis
2384 3298 2700 3371 sexaginta
2722 3297 2843 3357 die·

1776 3378 1883 3435 bus
1922 3384 2148 3452 septem
2185 3378 2294 3436 has
2319 3378 2725 3437 hebdomadas
2757 3379 2849 3450 je·

1768 3459 2085 3530 juniorum.
2150 3457 2378 3531 Quibus
2414 3465 2621 3532 patres
2659 3461 2848 3517 nostri

1776 3540 1955 3596 aliam
1998 3537 2222 3596 addere
2262 3538 2696 3610 cogitaverunt,
2736 3557 2847 3612 quo

1777 3619 1853 3676 ad
1891 3619 2129 3677 labores
2168 3617 2405 3676 venturi
2424 3618 2649 3698 jejunii
2676 3636 2847 3693 prae·

777 3817 817 3883 ¹)
859 3816 1012 3870 Prior
1047 3815 1177 3869 haec
1206 3816 1413 3870 canonis
1439 3832 1561 3887 pars
1587 3817 1804 3872 totidem
1830 3818 1990 3871 ferme
2016 3816 2189 3870 verbis
2213 3816 2434 3871 habetur
2459 3815 2591 3885 apud
2620 3832 2660 3870 s.
2690 3816 2847 3871 Gre-

596 3913 722 3967 gor.
760 3898 829 3953 Μ.
868 3898 1013 3952 hom.
1052 3895 1145 3961 16,
1179 3895 1295 3950 heic
1322 3898 1432 3967 jam
1470 3898 1634 3967 citat„
1671 3913 1721 3967 p.
1761 3899 1847 3953 77.
1874 3927 1942 3936 --
1971 3898 2261 3966 Caeterum,
2300 3913 2453 3968 quum
2473 3896 2693 3950 rotunda
2719 3897 2846 3951 haec

595 3978 905 4033 decimarum
945 3975 1241 4030 aestimatio
1280 3979 1478 4031 auctori
1517 3979 1723 4048 glossae
1762 3978 1813 4031 in
1849 3978 2152 4046 religionem
2190 3979 2449 4044 venisset,
2501 3977 2846 4032 conscientiae

591 4075 782 4130 angore
823 4064 882 4113 et
918 4056 1263 4113 sollicitudine
1301 4060 1551 4127 agitatuS‚
1591 4063 1648 4113 ut
1683 4060 1759 4125 fit,
1799 4060 1929 4113 hanc
1967 4065 2142 4113 notam
2181 4059 2247 4112 ad
2282 4064 2484 4113 textum
2522 4058 2574 4111 in
2611 4058 2845 4126 margine

587 4142 829 4212 apponit:
888 4138 1066 4206 Quam
1081 4179 1086 4185 .
1090 4138 1418 4207 jejunamus
1467 4140 1632 4208 quasi
1664 4138 1925 4194 decimam
1951 4141 2174 4209 partem
2225 4140 2390 4193 totius
2427 4138 2561 4191 anni
2594 4138 2670 4190 36
2706 4137 2845 4204 die-3,

583 4223 878 4276 remanent
911 4220 951 4272 5
989 4217 1113 4272 dies
1150 4221 1204 4272 et
1238 4218 1273 4271 6
1308 4219 1497 4273 horae.
1573 4220 1660 4274 De
1697 4220 1823 4274 istis
1858 4221 1896 4273 5
1933 4219 2124 4274 diebus
2145 4220 2474 4289 jejunamus
2512 4217 2568 4283 4,
2604 4218 2705 4272 sed
2735 4220 2846 4272 alio

578 4305 857 4373 respectu,
893 4298 1108 4354 scilicet
1143 4301 1204 4351 ut
1237 4314 1398 4353 sacer
1433 4315 1695 4353 numerus
1720 4300 2051 4370 compleatur
2068 4315 2091 4366 ,·
2128 4303 2377 4352 remanet
2405 4314 2535 4366 erqo
2560 4314 2702 4350 nnus
2726 4298 2845 4352 (lies

575 4383 953 4441 indecimatus
990 4381 1048 4432 et
1081 4394 1185 4432 sex
1220 4379 1394 4433 horae
1419 4380 1622 4447 licitae,
1660 4384 1714 4434 et
1748 4381 1825 4434 ita
1853 4386 1979 4434 sunt
2015 4378 2711 4445 301101·aeinclec1·matae,·
2746 4380 2847 4432 secl

561 4482 673 4537 pro
711 4463 933 4518 decima
962 4460 1203 4514 istarum
1227 4459 1493 4515 horarum
1532 4461 1586 4515 in
1626 4460 1850 4516 sabbato
1877 4461 2085 4531 majori
2109 4461 2329 4514 tardius
2353 4475 2639 4514 coenamus
2677 4463 2770 4512 etc.

683 4555 946 4612 Nilles‚
983 4547 1385 4618 Ἑορτολόγιον,
1425 4554 1498 4609 ΙΙ,
1574 4552 1716 4602 Edit.
1744 4569 1848 4606 sec.
2596 4552 2630 4602 (3
