<?xml version="1.0" encoding="UTF-8"?>
<!DOCTYPE html PUBLIC "-//W3C//DTD XHTML 1.0 Transitional//EN"
    "http://www.w3.org/TR/xhtml1/DTD/xhtml1-transitional.dtd">
<html xmlns="http://www.w3.org/1999/xhtml" xml:lang="en" lang="en">
 <head>
  <title>
</title>
<meta http-equiv="Content-Type" content="text/html;charset=utf-8" />
  <meta name='ocr-system' content='tesseract 3.04.00' />
  <meta name='ocr-capabilities' content='ocr_page ocr_carea ocr_par ocr_line ocrx_word'/>
</head>
<body>
  <div class='ocr_page' id='page_1' title='image "./kalendariummanu00nillgoog_0169.png"; bbox 0 0 3514 5391; ppageno 0'>
   <div class='ocr_carea' id='block_1_1' title="bbox 679 488 2701 559">
    <p class='ocr_par' dir='ltr' id='par_1_1' title="bbox 679 488 2701 559">
     <span class='ocr_line' id='line_1_1' title="bbox 679 488 2701 559; baseline 0.003 -21"><span class='ocrx_word' id='word_1_1' title='bbox 679 489 934 558; x_wconf 76' lang='grc' dir='ltr'><strong><em>Κυριακή</em></strong></span> <span class='ocrx_word' id='word_1_2' title='bbox 979 492 1072 552; x_wconf 70' lang='grc' dir='ltr'><em>τῆς</em></span> <span class='ocrx_word' id='word_1_3' title='bbox 1107 488 1731 557; x_wconf 66' lang='grc' dir='ltr'><strong><em>σταυροπροςκυνήσεως.</em></strong></span> <span class='ocrx_word' id='word_1_4' title='bbox 1790 490 2057 543; x_wconf 82' lang='lat' dir='ltr'><em>Domim&#39;ca</em></span> <span class='ocrx_word' id='word_1_5' title='bbox 2096 489 2181 543; x_wconf 94' lang='lat' dir='ltr'><em>III.</em></span> <span class='ocrx_word' id='word_1_6' title='bbox 2210 490 2468 559; x_wconf 79' lang='lat' dir='ltr'><em>Quadrag.</em></span> <span class='ocrx_word' id='word_1_7' title='bbox 2597 493 2701 544; x_wconf 80' lang='lat'><em>133</em></span> 
     </span>
    </p>
   </div>
   <div class='ocr_carea' id='block_1_2' title="bbox 1167 600 1574 607">
    <p class='ocr_par' dir='ltr' id='par_1_2' title="bbox 1167 600 1574 607">
     <span class='ocr_line' id='line_1_2' title="bbox 1167 600 1574 607; baseline 0 4784"><span class='ocrx_word' id='word_1_8' title='bbox 1167 600 1574 607; x_wconf 95' lang='lat' dir='ltr'><em> </em></span> 
     </span>
    </p>
   </div>
   <div class='ocr_carea' id='block_1_3' title="bbox 1868 601 2167 608">
    <p class='ocr_par' dir='ltr' id='par_1_3' title="bbox 1868 601 2167 608">
     <span class='ocr_line' id='line_1_3' title="bbox 1868 601 2167 608; baseline 0 0"><span class='ocrx_word' id='word_1_9' title='bbox 1868 601 2167 608; x_wconf 95' lang='lat' dir='ltr'><em> </em></span> 
     </span>
    </p>
   </div>
   <div class='ocr_carea' id='block_1_4' title="bbox 437 684 2700 1807">
    <p class='ocr_par' dir='ltr' id='par_1_4' title="bbox 437 684 2700 1807">
     <span class='ocr_line' id='line_1_4' title="bbox 468 684 2695 760; baseline 0.001 -21"><span class='ocrx_word' id='word_1_10' title='bbox 468 684 576 740; x_wconf 82' lang='lat' dir='ltr'>libri</span> <span class='ocrx_word' id='word_1_11' title='bbox 614 685 938 755; x_wconf 73' lang='lat' dir='ltr'><em>editioneS,</em></span> <span class='ocrx_word' id='word_1_12' title='bbox 979 702 1126 757; x_wconf 82' lang='lat' dir='ltr'><em>quas</em></span> <span class='ocrx_word' id='word_1_13' title='bbox 1165 685 1432 744; x_wconf 75' lang='lat' dir='ltr'><em>omnibus</em></span> <span class='ocrx_word' id='word_1_14' title='bbox 1470 684 1816 744; x_wconf 84' lang='lat' dir='ltr'><em>melioribus</em></span> <span class='ocrx_word' id='word_1_15' title='bbox 1856 687 2009 744; x_wconf 84' lang='lat' dir='ltr'><em>votis</em></span> <span class='ocrx_word' id='word_1_16' title='bbox 2046 687 2249 758; x_wconf 83' lang='lat' dir='ltr'><em>piures</em></span> <span class='ocrx_word' id='word_1_17' title='bbox 2283 687 2695 760; x_wconf 70' lang='lat' dir='ltr'><em>auctioresqno</em></span> 
     </span>
     <span class='ocr_line' id='line_1_5' title="bbox 468 764 2695 840; baseline 0.003 -21"><span class='ocrx_word' id='word_1_18' title='bbox 468 764 787 834; x_wconf 79' lang='lat' dir='ltr'>ominamur,</span> <span class='ocrx_word' id='word_1_19' title='bbox 817 765 880 822; x_wconf 89' lang='lat' dir='ltr'><em>in</em></span> <span class='ocrx_word' id='word_1_20' title='bbox 903 765 1350 823; x_wconf 84' lang='lat' dir='ltr'><em>meritissimam</em></span> <span class='ocrx_word' id='word_1_21' title='bbox 1379 766 1639 824; x_wconf 80' lang='lat' dir='ltr'><em>auctoris</em></span> <span class='ocrx_word' id='word_1_22' title='bbox 1662 767 1899 825; x_wconf 85' lang='lat' dir='ltr'><em>landem</em></span> <span class='ocrx_word' id='word_1_23' title='bbox 1923 767 2365 826; x_wconf 76' lang='lat' dir='ltr'><strong>emendatiores</strong></span> <span class='ocrx_word' id='word_1_24' title='bbox 2385 767 2695 840; x_wconf 81' lang='lat' dir='ltr'><strong>prodeant.</strong></span> 
     </span>
     <span class='ocr_line' id='line_1_6' title="bbox 465 845 2697 919; baseline 0 -17"><span class='ocrx_word' id='word_1_25' title='bbox 465 846 542 902; x_wconf 83' lang='lat' dir='ltr'><em>Ad</em></span> <span class='ocrx_word' id='word_1_26' title='bbox 577 845 875 917; x_wconf 84' lang='lat' dir='ltr'><em>ejusmodi</em></span> <span class='ocrx_word' id='word_1_27' title='bbox 915 846 1220 918; x_wconf 74' lang='grc' dir='ltr'><em>σφάλματα</em></span> <span class='ocrx_word' id='word_1_28' title='bbox 1260 846 1442 919; x_wconf 79' lang='lat' dir='ltr'><em>igitur</em></span> <span class='ocrx_word' id='word_1_29' title='bbox 1479 848 1761 919; x_wconf 78' lang='lat' dir='ltr'>pertinet,</span> <span class='ocrx_word' id='word_1_30' title='bbox 1810 848 1955 917; x_wconf 80' lang='lat' dir='ltr'><em>quod</em></span> <span class='ocrx_word' id='word_1_31' title='bbox 1991 849 2239 903; x_wconf 73' lang='lat' dir='ltr'><em>Ecclesia</em></span> <span class='ocrx_word' id='word_1_32' title='bbox 2280 848 2529 902; x_wconf 84' lang='lat' dir='ltr'><em>Romana</em></span> <span class='ocrx_word' id='word_1_33' title='bbox 2569 865 2697 918; x_wconf 82' lang='lat' dir='ltr'><em>qua-</em></span> 
     </span>
     <span class='ocr_line' id='line_1_7' title="bbox 458 926 2695 998; baseline 0.001 -19"><span class='ocrx_word' id='word_1_34' title='bbox 458 928 564 980; x_wconf 80' lang='lat' dir='ltr'><em>tuor</em></span> <span class='ocrx_word' id='word_1_35' title='bbox 611 926 735 981; x_wconf 81' lang='lat' dir='ltr'><em>dies</em></span> <span class='ocrx_word' id='word_1_36' title='bbox 790 927 1150 983; x_wconf 75' lang='lat' dir='ltr'><strong><em>hebdomadis</em></strong></span> <span class='ocrx_word' id='word_1_37' title='bbox 1202 928 1694 998; x_wconf 70' lang='lat' dir='ltr'><em>Quinquaqesimae</em></span> <span class='ocrx_word' id='word_1_38' title='bbox 1760 929 1977 983; x_wconf 85' lang='lat' dir='ltr'><em>tandem</em></span> <span class='ocrx_word' id='word_1_39' title='bbox 2038 946 2109 982; x_wconf 72' lang='lat' dir='ltr'><em>ex</em></span> <span class='ocrx_word' id='word_1_40' title='bbox 2163 929 2501 998; x_wconf 74' lang='lat' dir='ltr'><em>indulqentia</em></span> <span class='ocrx_word' id='word_1_41' title='bbox 2562 946 2695 997; x_wconf 71' lang='lat' dir='ltr'><em>erqo</em></span> 
     </span>
     <span class='ocr_line' id='line_1_8' title="bbox 457 1008 2700 1080; baseline 0.001 -21"><span class='ocrx_word' id='word_1_42' title='bbox 457 1010 684 1062; x_wconf 78' lang='lat' dir='ltr'><em>Graecos</em></span> <span class='ocrx_word' id='word_1_43' title='bbox 733 1008 1116 1063; x_wconf 78' lang='lat' dir='ltr'><em>schismaticos</em></span> <span class='ocrx_word' id='word_1_44' title='bbox 1173 1009 1550 1063; x_wconf 73' lang='lat' dir='ltr'><em>observantiae</em></span> <span class='ocrx_word' id='word_1_45' title='bbox 1608 1009 2083 1079; x_wconf 70' lang='lat' dir='ltr'><em>qttadraqesimali</em></span> <span class='ocrx_word' id='word_1_46' title='bbox 2139 1010 2408 1078; x_wconf 81' lang='lat' dir='ltr'><em>adjecerit</em></span> <span class='ocrx_word' id='word_1_47' title='bbox 2427 1008 2499 1080; x_wconf 87' lang='lat'><em>¹);</em></span> <span class='ocrx_word' id='word_1_48' title='bbox 2557 1009 2700 1078; x_wconf 74' lang='lat' dir='ltr'><em>quod</em></span> 
     </span>
     <span class='ocr_line' id='line_1_9' title="bbox 453 1088 2698 1160; baseline 0.002 -21"><span class='ocrx_word' id='word_1_49' title='bbox 453 1088 585 1157; x_wconf 82' lang='lat' dir='ltr'><em>apud</em></span> <span class='ocrx_word' id='word_1_50' title='bbox 634 1092 885 1145; x_wconf 74' lang='lat' dir='ltr'><em>Graecos</em></span> <span class='ocrx_word' id='word_1_51' title='bbox 925 1090 1164 1160; x_wconf 87' lang='lat' dir='ltr'><em>propria</em></span> <span class='ocrx_word' id='word_1_52' title='bbox 1213 1088 1359 1143; x_wconf 82' lang='lat' dir='ltr'><em>ratio</em></span> <span class='ocrx_word' id='word_1_53' title='bbox 1415 1089 1674 1159; x_wconf 86' lang='lat' dir='ltr'><em>temporis</em></span> <span class='ocrx_word' id='word_1_54' title='bbox 1728 1094 2035 1159; x_wconf 75' lang='grc' dir='ltr'><strong><em>προνηστίμ</em></strong></span> <span class='ocrx_word' id='word_1_55' title='bbox 2043 1108 2106 1142; x_wconf 83' lang='grc' dir='ltr'><em>ου</em></span> <span class='ocrx_word' id='word_1_56' title='bbox 2156 1090 2449 1160; x_wconf 83' lang='lat' dir='ltr'><em>repetenda</em></span> <span class='ocrx_word' id='word_1_57' title='bbox 2503 1089 2579 1143; x_wconf 87' lang='lat' dir='ltr'><em>sit</em></span> <span class='ocrx_word' id='word_1_58' title='bbox 2627 1107 2698 1144; x_wconf 74' lang='lat' dir='ltr'><em>ex</em></span> 
     </span>
     <span class='ocr_line' id='line_1_10' title="bbox 450 1168 2698 1239; baseline 0.001 -18"><span class='ocrx_word' id='word_1_59' title='bbox 450 1168 733 1223; x_wconf 79' lang='lat' dir='ltr'><em>eorundem</em></span> <span class='ocrx_word' id='word_1_60' title='bbox 773 1169 889 1223; x_wconf 85' lang='lat' dir='ltr'><em>ritu</em></span> <span class='ocrx_word' id='word_1_61' title='bbox 929 1169 1138 1238; x_wconf 85' lang='lat' dir='ltr'><em>aliquot</em></span> <span class='ocrx_word' id='word_1_62' title='bbox 1159 1169 1279 1223; x_wconf 81' lang='lat' dir='ltr'><em>dies</em></span> <span class='ocrx_word' id='word_1_63' title='bbox 1300 1169 1653 1225; x_wconf 77' lang='lat' dir='ltr'><em>hebdomadis</em></span> <span class='ocrx_word' id='word_1_64' title='bbox 1681 1187 1715 1223; x_wconf 87' lang='lat' dir='ltr'><em>a</em></span> <span class='ocrx_word' id='word_1_65' title='bbox 1726 1170 1951 1239; x_wconf 77' lang='lat' dir='ltr'><em>Jejunio</em></span> <span class='ocrx_word' id='word_1_66' title='bbox 1976 1169 2253 1224; x_wconf 75' lang='lat' dir='ltr'><em>eximendi</em></span> <span class='ocrx_word' id='word_1_67' title='bbox 2267 1169 2342 1239; x_wconf 75' lang='lat'><em>²);</em></span> <span class='ocrx_word' id='word_1_68' title='bbox 2383 1170 2526 1238; x_wconf 84' lang='lat' dir='ltr'><em>quod</em></span> <span class='ocrx_word' id='word_1_69' title='bbox 2551 1170 2698 1239; x_wconf 86' lang='lat' dir='ltr'><em>apud</em></span> 
     </span>
     <span class='ocr_line' id='line_1_11' title="bbox 451 1249 2695 1322; baseline 0.002 -22"><span class='ocrx_word' id='word_1_70' title='bbox 451 1249 654 1303; x_wconf 77' lang='lat' dir='ltr'><em>eosdem</em></span> <span class='ocrx_word' id='word_1_71' title='bbox 693 1253 1046 1319; x_wconf 80' lang='grc' dir='ltr'><strong><em>παρείςβασις</em></strong></span> <span class='ocrx_word' id='word_1_72' title='bbox 1083 1254 1191 1302; x_wconf 81' lang='grc' dir='ltr'><em>τῶν</em></span> <span class='ocrx_word' id='word_1_73' title='bbox 1233 1254 1491 1315; x_wconf 74' lang='grc' dir='ltr'>νηστειῶν</span> <span class='ocrx_word' id='word_1_74' title='bbox 1527 1251 1603 1305; x_wconf 88' lang='lat' dir='ltr'><em>sit</em></span> <span class='ocrx_word' id='word_1_75' title='bbox 1628 1251 1789 1322; x_wconf 87' lang='lat' dir='ltr'><em>feria</em></span> <span class='ocrx_word' id='word_1_76' title='bbox 1828 1251 1907 1305; x_wconf 93' lang='lat' dir='ltr'><em>II.</em></span> <span class='ocrx_word' id='word_1_77' title='bbox 1925 1293 1942 1317; x_wconf 78' lang='lat'><em>,</em></span> <span class='ocrx_word' id='word_1_78' title='bbox 1993 1268 2132 1320; x_wconf 85' lang='lat' dir='ltr'><em>quae</em></span> <span class='ocrx_word' id='word_1_79' title='bbox 2168 1253 2413 1305; x_wconf 84' lang='lat' dir='ltr'><em>nostram</em></span> <span class='ocrx_word' id='word_1_80' title='bbox 2452 1250 2695 1304; x_wconf 86' lang='lat' dir='ltr'><em>Domini—</em></span> 
     </span>
     <span class='ocr_line' id='line_1_12' title="bbox 449 1329 2694 1402; baseline 0.001 -20"><span class='ocrx_word' id='word_1_81' title='bbox 449 1346 555 1383; x_wconf 85' lang='lat' dir='ltr'><em>cam</em></span> <span class='ocrx_word' id='word_1_82' title='bbox 595 1329 997 1400; x_wconf 74' lang='lat' dir='ltr'><em>Sexaqesimae</em></span> <span class='ocrx_word' id='word_1_83' title='bbox 1021 1331 1311 1400; x_wconf 83' lang='lat' dir='ltr'><em>praecedit</em></span> <span class='ocrx_word' id='word_1_84' title='bbox 1324 1330 1400 1402; x_wconf 68' lang='grc' dir='ltr'><em>ε’);</em></span> <span class='ocrx_word' id='word_1_85' title='bbox 1439 1331 1582 1400; x_wconf 84' lang='lat' dir='ltr'><em>quod</em></span> <span class='ocrx_word' id='word_1_86' title='bbox 1617 1331 1903 1385; x_wconf 86' lang='lat' dir='ltr'><em>Dominica</em></span> <span class='ocrx_word' id='word_1_87' title='bbox 1943 1334 2042 1383; x_wconf 82' lang='grc' dir='ltr'><em>τοῦ</em></span> <span class='ocrx_word' id='word_1_88' title='bbox 2078 1329 2294 1383; x_wconf 76' lang='grc' dir='ltr'><em>ἀσώτου</em></span> <span class='ocrx_word' id='word_1_89' title='bbox 2332 1330 2453 1384; x_wconf 89' lang='lat' dir='ltr'><em>ideo</em></span> <span class='ocrx_word' id='word_1_90' title='bbox 2480 1334 2694 1385; x_wconf 79' lang='lat' dir='ltr'><em>cocetur</em></span> 
     </span>
     <span class='ocr_line' id='line_1_13' title="bbox 448 1409 2694 1482; baseline 0.002 -22"><span class='ocrx_word' id='word_1_91' title='bbox 448 1409 932 1479; x_wconf 73' lang='grc' dir='ltr'><em>προςφωνὴσιμος,</em></span> <span class='ocrx_word' id='word_1_92' title='bbox 987 1412 1129 1481; x_wconf 83' lang='lat' dir='ltr'><em>qnod</em></span> <span class='ocrx_word' id='word_1_93' title='bbox 1163 1427 1226 1465; x_wconf 87' lang='lat' dir='ltr'><em>eo</em></span> <span class='ocrx_word' id='word_1_94' title='bbox 1262 1412 1351 1466; x_wconf 88' lang='lat' dir='ltr'><em>die</em></span> <span class='ocrx_word' id='word_1_95' title='bbox 1388 1412 1723 1466; x_wconf 80' lang='lat' dir='ltr'><em>imminentia</em></span> <span class='ocrx_word' id='word_1_96' title='bbox 1747 1412 1975 1482; x_wconf 84' lang='lat' dir='ltr'><em>jejunia</em></span> <span class='ocrx_word' id='word_1_97' title='bbox 2014 1415 2069 1466; x_wconf 92' lang='lat' dir='ltr'><em>et</em></span> <span class='ocrx_word' id='word_1_98' title='bbox 2104 1412 2223 1466; x_wconf 84' lang='lat' dir='ltr'><em>dies</em></span> <span class='ocrx_word' id='word_1_99' title='bbox 2260 1411 2558 1465; x_wconf 76' lang='lat' dir='ltr'><em>Pascleatis</em></span> <span class='ocrx_word' id='word_1_100' title='bbox 2596 1427 2694 1482; x_wconf 88' lang='lat' dir='ltr'><em>po-</em></span> 
     </span>
     <span class='ocr_line' id='line_1_14' title="bbox 437 1490 2694 1562; baseline 0.001 -19"><span class='ocrx_word' id='word_1_101' title='bbox 437 1490 564 1559; x_wconf 82' lang='lat' dir='ltr'><em>pulo</em></span> <span class='ocrx_word' id='word_1_102' title='bbox 600 1495 859 1546; x_wconf 79' lang='lat' dir='ltr'><em>accurate</em></span> <span class='ocrx_word' id='word_1_103' title='bbox 898 1493 1255 1546; x_wconf 78' lang='lat' dir='ltr'><em>annuntietur</em></span> <span class='ocrx_word' id='word_1_104' title='bbox 1269 1491 1344 1562; x_wconf 80' lang='lat'><em>⁴);</em></span> <span class='ocrx_word' id='word_1_105' title='bbox 1394 1493 1535 1562; x_wconf 82' lang='lat' dir='ltr'><em>quod</em></span> <span class='ocrx_word' id='word_1_106' title='bbox 1569 1493 1629 1546; x_wconf 87' lang='lat' dir='ltr'><em>id</em></span> <span class='ocrx_word' id='word_1_107' title='bbox 1651 1492 1939 1562; x_wconf 82' lang='lat' dir='ltr'><em>peculiare</em></span> <span class='ocrx_word' id='word_1_108' title='bbox 1989 1510 2053 1547; x_wconf 83' lang='lat' dir='ltr'><em>ae</em></span> <span class='ocrx_word' id='word_1_109' title='bbox 2084 1492 2367 1562; x_wconf 88' lang='lat' dir='ltr'><em>proprium</em></span> <span class='ocrx_word' id='word_1_110' title='bbox 2406 1492 2482 1546; x_wconf 87' lang='lat' dir='ltr'><em>sit</em></span> <span class='ocrx_word' id='word_1_111' title='bbox 2516 1491 2694 1545; x_wconf 79' lang='lat' dir='ltr'><em>tribus</em></span> 
     </span>
     <span class='ocr_line' id='line_1_15' title="bbox 441 1570 2692 1644; baseline 0.002 -21"><span class='ocrx_word' id='word_1_112' title='bbox 441 1570 868 1626; x_wconf 77' lang='lat' dir='ltr'><em>hebdomadibus</em></span> <span class='ocrx_word' id='word_1_113' title='bbox 902 1577 1316 1643; x_wconf 74' lang='grc' dir='ltr'><strong><em>προνηστίμοις,</em></strong></span> <span class='ocrx_word' id='word_1_114' title='bbox 1355 1574 1498 1643; x_wconf 84' lang='lat' dir='ltr'><em>quod</em></span> <span class='ocrx_word' id='word_1_115' title='bbox 1532 1590 1567 1627; x_wconf 86' lang='lat' dir='ltr'><em>a</em></span> <span class='ocrx_word' id='word_1_116' title='bbox 1596 1574 1756 1644; x_wconf 84' lang='lat' dir='ltr'><em>feria</em></span> <span class='ocrx_word' id='word_1_117' title='bbox 1796 1574 1874 1627; x_wconf 92' lang='lat' dir='ltr'><em>II.</em></span> <span class='ocrx_word' id='word_1_118' title='bbox 1914 1573 2177 1643; x_wconf 81' lang='lat' dir='ltr'><em>incipiant</em></span> <span class='ocrx_word' id='word_1_119' title='bbox 2212 1577 2266 1627; x_wconf 84' lang='lat' dir='ltr'><em>et</em></span> <span class='ocrx_word' id='word_1_120' title='bbox 2289 1573 2576 1627; x_wconf 85' lang='lat' dir='ltr'><em>Dominica</em></span> <span class='ocrx_word' id='word_1_121' title='bbox 2611 1591 2692 1627; x_wconf 80' lang='lat' dir='ltr'><em>se-</em></span> 
     </span>
     <span class='ocr_line' id='line_1_16' title="bbox 442 1652 2697 1725; baseline 0.001 -21"><span class='ocrx_word' id='word_1_122' title='bbox 442 1652 631 1719; x_wconf 78' lang='lat' dir='ltr'><em>quenti</em></span> <span class='ocrx_word' id='word_1_123' title='bbox 675 1653 1045 1708; x_wconf 80' lang='lat' dir='ltr'><em>terminentur</em></span> <span class='ocrx_word' id='word_1_124' title='bbox 1062 1652 1137 1725; x_wconf 81' lang='lat'><em>⁵);</em></span> <span class='ocrx_word' id='word_1_125' title='bbox 1204 1654 1346 1723; x_wconf 81' lang='lat' dir='ltr'><em>quod</em></span> <span class='ocrx_word' id='word_1_126' title='bbox 1397 1655 1600 1709; x_wconf 79' lang='lat' dir='ltr'><em>Graeci</em></span> <span class='ocrx_word' id='word_1_127' title='bbox 1655 1655 2039 1709; x_wconf 80' lang='lat' dir='ltr'><em>hebdomadem</em></span> <span class='ocrx_word' id='word_1_128' title='bbox 2092 1657 2336 1709; x_wconf 75' lang='lat' dir='ltr'><em>sanctam</em></span> <span class='ocrx_word' id='word_1_129' title='bbox 2391 1658 2697 1724; x_wconf 78' lang='lat' dir='ltr'><em>nuncupent</em></span> 
     </span>
     <span class='ocr_line' id='line_1_17' title="bbox 437 1732 2692 1807; baseline 0.003 -23"><span class='ocrx_word' id='word_1_130' title='bbox 437 1732 838 1802; x_wconf 59' lang='lat' dir='ltr'><em>xerophagiam</em></span> <span class='ocrx_word' id='word_1_131' title='bbox 877 1740 993 1802; x_wconf 77' lang='lat' dir='ltr'><em>ete.</em></span> <span class='ocrx_word' id='word_1_132' title='bbox 1065 1733 1154 1792; x_wconf 87' lang='lat' dir='ltr'><em>Iis</em></span> <span class='ocrx_word' id='word_1_133' title='bbox 1193 1734 1852 1807; x_wconf 80' lang='lat' dir='ltr'><em>interpresgermanus,</em></span> <span class='ocrx_word' id='word_1_134' title='bbox 1891 1741 2101 1793; x_wconf 83' lang='lat' dir='ltr'><em>eontra</em></span> <span class='ocrx_word' id='word_1_135' title='bbox 2131 1734 2466 1793; x_wconf 79' lang='lat' dir='ltr'><em>evidentem</em></span> <span class='ocrx_word' id='word_1_136' title='bbox 2491 1738 2692 1792; x_wconf 83' lang='lat' dir='ltr'><em>textus</em></span> 
     </span>
    </p>
   </div>
   <div class='ocr_carea' id='block_1_5' title="bbox 437 1811 2690 1967">
    <p class='ocr_par' dir='ltr' id='par_1_5' title="bbox 437 1811 2690 1967">
     <span class='ocr_line' id='line_1_18' title="bbox 438 1811 2690 1888; baseline 0.002 -20"><span class='ocrx_word' id='word_1_137' title='bbox 438 1811 757 1884; x_wconf 84' lang='lat' dir='ltr'><em>originalis</em></span> <span class='ocrx_word' id='word_1_138' title='bbox 794 1830 1063 1885; x_wconf 87' lang='lat' dir='ltr'><em>sensum,</em></span> <span class='ocrx_word' id='word_1_139' title='bbox 1118 1831 1192 1873; x_wconf 83' lang='lat' dir='ltr'><em>ex</em></span> <span class='ocrx_word' id='word_1_140' title='bbox 1231 1832 1386 1888; x_wconf 87' lang='lat' dir='ltr'><em>penu</em></span> <span class='ocrx_word' id='word_1_141' title='bbox 1422 1833 1525 1874; x_wconf 88' lang='lat' dir='ltr'><em>sno</em></span> <span class='ocrx_word' id='word_1_142' title='bbox 1567 1815 1738 1873; x_wconf 87' lang='lat' dir='ltr'><em>addit</em></span> <span class='ocrx_word' id='word_1_143' title='bbox 1776 1831 2041 1874; x_wconf 85' lang='lat' dir='ltr'><em>errorem</em></span> <span class='ocrx_word' id='word_1_144' title='bbox 2091 1830 2205 1873; x_wconf 91' lang='lat' dir='ltr'><em>non</em></span> <span class='ocrx_word' id='word_1_145' title='bbox 2254 1814 2690 1886; x_wconf 82' lang='lat' dir='ltr'><em>ignoscendum,</em></span> 
     </span>
     <span class='ocr_line' id='line_1_19' title="bbox 437 1890 2594 1967; baseline 0.003 -21"><span class='ocrx_word' id='word_1_146' title='bbox 437 1891 585 1961; x_wconf 82' lang='lat' dir='ltr'><em>quod</em></span> <span class='ocrx_word' id='word_1_147' title='bbox 617 1892 954 1949; x_wconf 74' lang='lat' dir='ltr'><em>hebdomade</em></span> <span class='ocrx_word' id='word_1_148' title='bbox 992 1898 1082 1961; x_wconf 83' lang='grc' dir='ltr'><em>τῆς</em></span> <span class='ocrx_word' id='word_1_149' title='bbox 1119 1894 1444 1965; x_wconf 75' lang='grc' dir='ltr'><em>τυροφάγου</em></span> <span class='ocrx_word' id='word_1_150' title='bbox 1471 1896 1786 1966; x_wconf 81' lang='lat' dir='ltr'><em>prohibitus</em></span> <span class='ocrx_word' id='word_1_151' title='bbox 1822 1896 1899 1951; x_wconf 87' lang='lat' dir='ltr'><em>sit</em></span> <span class='ocrx_word' id='word_1_152' title='bbox 1931 1896 2328 1951; x_wconf 81' lang='lat' dir='ltr'><em>lacticiniorum</em></span> <span class='ocrx_word' id='word_1_153' title='bbox 2366 1890 2501 1950; x_wconf 74' lang='lat' dir='ltr'><em>usus</em></span> <span class='ocrx_word' id='word_1_154' title='bbox 2517 1895 2594 1967; x_wconf 85' lang='lat'><em>⁶)!</em></span> 
     </span>
    </p>
   </div>
   <div class='ocr_carea' id='block_1_6' title="bbox 433 2086 2691 2278">
    <p class='ocr_par' dir='ltr' id='par_1_6' title="bbox 433 2086 2691 2278">
     <span class='ocr_line' id='line_1_20' title="bbox 433 2086 2691 2178; baseline 0.003 -26"><span class='ocrx_word' id='word_1_155' title='bbox 433 2086 810 2172; x_wconf 78' lang='grc' dir='ltr'><strong><em>Ἑβδομάς</em></strong></span> <span class='ocrx_word' id='word_1_156' title='bbox 836 2089 1092 2156; x_wconf 76' lang='grc' dir='ltr'><em>δ’.τῶ’ν</em></span> <span class='ocrx_word' id='word_1_157' title='bbox 1115 2097 1509 2178; x_wconf 79' lang='grc' dir='ltr'><strong><em>νηστειῶν,</em></strong></span> <span class='ocrx_word' id='word_1_158' title='bbox 1627 2093 2151 2158; x_wconf 79' lang='lat' dir='ltr'><em>Hebdomada</em></span> <span class='ocrx_word' id='word_1_159' title='bbox 2198 2094 2318 2160; x_wconf 92' lang='grc' dir='ltr'><strong><em>ΙΙΙ.</em></strong></span> <span class='ocrx_word' id='word_1_160' title='bbox 2353 2091 2691 2166; x_wconf 76' lang='lat' dir='ltr'><em>Quadra·</em></span> 
     </span>
     <span class='ocr_line' id='line_1_21' title="bbox 575 2185 2339 2278; baseline 0.003 -26"><span class='ocrx_word' id='word_1_161' title='bbox 575 2185 610 2272; x_wconf 81' lang='grc' dir='ltr'>ἡ</span> <span class='ocrx_word' id='word_1_162' title='bbox 658 2188 1191 2277; x_wconf 78' lang='grc' dir='ltr'><strong><em>σταυροφόρος</em></strong></span> <span class='ocrx_word' id='word_1_163' title='bbox 1237 2186 1373 2271; x_wconf 76' lang='grc' dir='ltr'><em>ὲβδ</em></span> <span class='ocrx_word' id='word_1_164' title='bbox 1973 2195 2339 2278; x_wconf 73' lang='lat' dir='ltr'><em>yesimae.</em></span> 
     </span>
    </p>
   </div>
   <div class='ocr_carea' id='block_1_7' title="bbox 433 2332 2687 2522">
    <p class='ocr_par' dir='ltr' id='par_1_7' title="bbox 433 2332 2687 2522">
     <span class='ocr_line' id='line_1_22' title="bbox 617 2332 2685 2420; baseline 0 -22"><span class='ocrx_word' id='word_1_165' title='bbox 617 2332 852 2413; x_wconf 79' lang='lat' dir='ltr'><em>Quarta</em></span> <span class='ocrx_word' id='word_1_166' title='bbox 890 2333 1026 2417; x_wconf 88' lang='lat' dir='ltr'><em>jam</em></span> <span class='ocrx_word' id='word_1_167' title='bbox 1074 2335 1548 2420; x_wconf 81' lang='lat' dir='ltr'><em>quadragenarii</em></span> <span class='ocrx_word' id='word_1_168' title='bbox 1587 2335 1809 2420; x_wconf 87' lang='lat' dir='ltr'><em>jejunii</em></span> <span class='ocrx_word' id='word_1_169' title='bbox 1858 2336 2268 2413; x_wconf 82' lang='lat' dir='ltr'><em>hebdomada,</em></span> <span class='ocrx_word' id='word_1_170' title='bbox 2332 2356 2490 2420; x_wconf 85' lang='lat' dir='ltr'><em>quae</em></span> <span class='ocrx_word' id='word_1_171' title='bbox 2539 2336 2685 2400; x_wconf 85' lang='lat' dir='ltr'><em>sub-</em></span> 
     </span>
     <span class='ocr_line' id='line_1_23' title="bbox 433 2430 2687 2522; baseline 0 -27"><span class='ocrx_word' id='word_1_172' title='bbox 433 2433 739 2516; x_wconf 78' lang='lat' dir='ltr'><em>sequitur,</em></span> <span class='ocrx_word' id='word_1_173' title='bbox 791 2452 869 2498; x_wconf 83' lang='lat' dir='ltr'><em>ea</em></span> <span class='ocrx_word' id='word_1_174' title='bbox 914 2437 1029 2511; x_wconf 83' lang='lat' dir='ltr'><em>est,</em></span> <span class='ocrx_word' id='word_1_175' title='bbox 1080 2453 1237 2517; x_wconf 77' lang='lat' dir='ltr'><em>quae</em></span> <span class='ocrx_word' id='word_1_176' title='bbox 1282 2430 1445 2518; x_wconf 82' lang='grc' dir='ltr'><em>μέση</em></span> <span class='ocrx_word' id='word_1_177' title='bbox 1489 2437 1616 2497; x_wconf 79' lang='grc' dir='ltr'><em>τῶν</em></span> <span class='ocrx_word' id='word_1_178' title='bbox 1662 2438 1986 2520; x_wconf 75' lang='grc' dir='ltr'><em>νηστειῶν,</em></span> <span class='ocrx_word' id='word_1_179' title='bbox 2035 2434 2244 2498; x_wconf 80' lang='lat' dir='ltr'><em>media</em></span> <span class='ocrx_word' id='word_1_180' title='bbox 2275 2435 2687 2522; x_wconf 78' lang='lat' dir='ltr'><em>jejuniorum,</em></span> 
     </span>
    </p>
   </div>
   <div class='ocr_carea' id='block_1_8' title="bbox 389 2681 2688 4524">
    <p class='ocr_par' dir='ltr' id='par_1_8' title="bbox 427 2681 2688 3076">
     <span class='ocr_line' id='line_1_24' title="bbox 615 2681 2686 2755; baseline 0 -18"><span class='ocrx_word' id='word_1_181' title='bbox 615 2681 660 2752; x_wconf 87' lang='lat'><em>¹)</em></span> <span class='ocrx_word' id='word_1_182' title='bbox 710 2683 790 2737; x_wconf 88' lang='lat' dir='ltr'><em>On</em></span> <span class='ocrx_word' id='word_1_183' title='bbox 828 2699 898 2737; x_wconf 87' lang='lat' dir='ltr'><em>ne</em></span> <span class='ocrx_word' id='word_1_184' title='bbox 935 2682 1156 2738; x_wconf 84' lang='lat' dir='ltr'><em>saurait</em></span> <span class='ocrx_word' id='word_1_185' title='bbox 1189 2683 1384 2738; x_wconf 79' lang='lat' dir='ltr'><em>deuter</em></span> <span class='ocrx_word' id='word_1_186' title='bbox 1420 2702 1522 2754; x_wconf 86' lang='lat' dir='ltr'><em>que</em></span> <span class='ocrx_word' id='word_1_187' title='bbox 1558 2684 1859 2740; x_wconf 86' lang='lat' dir='ltr'><em>l&#39;intention</em></span> <span class='ocrx_word' id='word_1_188' title='bbox 1886 2685 2167 2755; x_wconf 77' lang='lat' dir='ltr'><em>premiere</em></span> <span class='ocrx_word' id='word_1_189' title='bbox 2216 2684 2284 2738; x_wconf 88' lang='lat' dir='ltr'><em>de</em></span> <span class='ocrx_word' id='word_1_190' title='bbox 2330 2686 2463 2738; x_wconf 86' lang='lat' dir='ltr'><em>cette</em></span> <span class='ocrx_word' id='word_1_191' title='bbox 2500 2683 2670 2739; x_wconf 84' lang='lat' dir='ltr'><em>antici</em></span> <span class='ocrx_word' id='word_1_192' title='bbox 2678 2715 2686 2722; x_wconf 90' lang='lat'><em>·</em></span> 
     </span>
     <span class='ocr_line' id='line_1_25' title="bbox 427 2760 2688 2835; baseline -0 -18"><span class='ocrx_word' id='word_1_193' title='bbox 427 2762 606 2830; x_wconf 67' lang='lat' dir='ltr'><em>patiore</em></span> <span class='ocrx_word' id='word_1_194' title='bbox 644 2803 660 2816; x_wconf 89' lang='lat'><em>.</em></span> <span class='ocrx_word' id='word_1_195' title='bbox 697 2803 708 2815; x_wconf 95' lang='lat'><em>.</em></span> <span class='ocrx_word' id='word_1_196' title='bbox 738 2803 751 2815; x_wconf 96' lang='lat'><em>.</em></span> <span class='ocrx_word' id='word_1_197' title='bbox 790 2760 932 2816; x_wconf 82' lang='lat' dir='ltr'><em>n&#39;ait</em></span> <span class='ocrx_word' id='word_1_198' title='bbox 979 2765 1064 2818; x_wconf 75' lang='lat' dir='ltr'><em>ete</em></span> <span class='ocrx_word' id='word_1_199' title='bbox 1084 2764 1346 2835; x_wconf 80' lang='lat' dir='ltr'><em>produite</em></span> <span class='ocrx_word' id='word_1_200' title='bbox 1384 2782 1500 2835; x_wconf 86' lang='lat' dir='ltr'><em>par</em></span> <span class='ocrx_word' id='word_1_201' title='bbox 1535 2766 1588 2820; x_wconf 91' lang='lat' dir='ltr'><em>le</em></span> <span class='ocrx_word' id='word_1_202' title='bbox 1624 2765 1778 2820; x_wconf 75' lang='lat' dir='ltr'><em>desit·</em></span> <span class='ocrx_word' id='word_1_203' title='bbox 1815 2764 2153 2835; x_wconf 67' lang='lat' dir='ltr'><em>d&#39;empecker</em></span> <span class='ocrx_word' id='word_1_204' title='bbox 2200 2764 2252 2818; x_wconf 89' lang='lat' dir='ltr'><em>le</em></span> <span class='ocrx_word' id='word_1_205' title='bbox 2287 2764 2546 2818; x_wconf 77' lang='lat' dir='ltr'><em>scandale</em></span> <span class='ocrx_word' id='word_1_206' title='bbox 2587 2781 2688 2832; x_wconf 74' lang='lat' dir='ltr'><em>qne</em></span> 
     </span>
     <span class='ocr_line' id='line_1_26' title="bbox 433 2841 2688 2915; baseline 0 -20"><span class='ocrx_word' id='word_1_207' title='bbox 433 2841 503 2896; x_wconf 82' lang='lat' dir='ltr'><em>les</em></span> <span class='ocrx_word' id='word_1_208' title='bbox 539 2847 731 2897; x_wconf 74' lang='lat' dir='ltr'><em>Grec-s</em></span> <span class='ocrx_word' id='word_1_209' title='bbox 767 2843 1087 2912; x_wconf 82' lang='lat' dir='ltr'><em>affectaient</em></span> <span class='ocrx_word' id='word_1_210' title='bbox 1120 2844 1188 2899; x_wconf 91' lang='lat' dir='ltr'><em>de</em></span> <span class='ocrx_word' id='word_1_211' title='bbox 1258 2845 1464 2899; x_wconf 81' lang='lat' dir='ltr'><em>rendre</em></span> <span class='ocrx_word' id='word_1_212' title='bbox 1499 2862 1565 2899; x_wconf 90' lang='lat' dir='ltr'><em>en</em></span> <span class='ocrx_word' id='word_1_213' title='bbox 1603 2849 1797 2915; x_wconf 73' lang='lat' dir='ltr'><em>voyant</em></span> <span class='ocrx_word' id='word_1_214' title='bbox 1833 2846 1915 2899; x_wconf 87' lang='lat' dir='ltr'><em>les</em></span> <span class='ocrx_word' id='word_1_215' title='bbox 1952 2845 2152 2898; x_wconf 85' lang='lat' dir='ltr'><em>Lalins</em></span> <span class='ocrx_word' id='word_1_216' title='bbox 2172 2846 2383 2912; x_wconf 69' lang='lat' dir='ltr'><em>jedner</em></span> <span class='ocrx_word' id='word_1_217' title='bbox 2418 2843 2595 2897; x_wconf 86' lang='lat' dir='ltr'><em>moins</em></span> <span class='ocrx_word' id='word_1_218' title='bbox 2622 2844 2688 2896; x_wconf 80' lang='lat' dir='ltr'><em>dc</em></span> 
     </span>
     <span class='ocr_line' id='line_1_27' title="bbox 429 2924 2685 2995; baseline 0 -19"><span class='ocrx_word' id='word_1_219' title='bbox 429 2926 710 2990; x_wconf 69' lang='lat' dir='ltr'><em>quat-ante</em></span> <span class='ocrx_word' id='word_1_220' title='bbox 732 2924 924 2992; x_wconf 88' lang='lat' dir='ltr'><em>jours.</em></span> <span class='ocrx_word' id='word_1_221' title='bbox 953 2964 965 2977; x_wconf 96' lang='lat'><em>.</em></span> <span class='ocrx_word' id='word_1_222' title='bbox 994 2965 1006 2977; x_wconf 98' lang='lat'><em>.</em></span> <span class='ocrx_word' id='word_1_223' title='bbox 1036 2965 1047 2977; x_wconf 94' lang='lat'><em>.</em></span> <span class='ocrx_word' id='word_1_224' title='bbox 1087 2925 1154 2978; x_wconf 83' lang='lat' dir='ltr'><em>L&#39;</em></span> <span class='ocrx_word' id='word_1_225' title='bbox 1207 2926 1350 2995; x_wconf 71' lang='lat' dir='ltr'><em>qlise</em></span> <span class='ocrx_word' id='word_1_226' title='bbox 1385 2926 1574 2990; x_wconf 78' lang='lat' dir='ltr'><em>latine,</em></span> <span class='ocrx_word' id='word_1_227' title='bbox 1611 2929 1727 2980; x_wconf 87' lang='lat' dir='ltr'><em>tout</em></span> <span class='ocrx_word' id='word_1_228' title='bbox 1762 2942 1828 2980; x_wconf 89' lang='lat' dir='ltr'><em>en</em></span> <span class='ocrx_word' id='word_1_229' title='bbox 1867 2925 2162 2981; x_wconf 86' lang='lat' dir='ltr'><em>accordant</em></span> <span class='ocrx_word' id='word_1_230' title='bbox 2195 2925 2420 2994; x_wconf 82' lang='lat' dir='ltr'><em>quelque</em></span> <span class='ocrx_word' id='word_1_231' title='bbox 2458 2924 2615 2978; x_wconf 80' lang='lat' dir='ltr'><em>chose</em></span> <span class='ocrx_word' id='word_1_232' title='bbox 2652 2925 2685 2976; x_wconf 80' lang='grc' dir='ltr'><em>ὰ</em></span> 
     </span>
     <span class='ocr_line' id='line_1_28' title="bbox 427 3003 2372 3076; baseline 0.002 -22"><span class='ocrx_word' id='word_1_233' title='bbox 427 3003 544 3058; x_wconf 83' lang='lat' dir='ltr'><em>lem·</em></span> <span class='ocrx_word' id='word_1_234' title='bbox 578 3003 991 3074; x_wconf 75' lang='lat' dir='ltr'><em>susceptibilite</em></span> <span class='ocrx_word' id='word_1_235' title='bbox 1026 3009 1120 3060; x_wconf 84' lang='lat' dir='ltr'><em>etc.</em></span> <span class='ocrx_word' id='word_1_236' title='bbox 1196 3005 1307 3076; x_wconf 88' lang='lat' dir='ltr'><em>(Le</em></span> <span class='ocrx_word' id='word_1_237' title='bbox 1344 3009 1514 3076; x_wconf 87' lang='lat' dir='ltr'><em>temps</em></span> <span class='ocrx_word' id='word_1_238' title='bbox 1550 3006 1618 3061; x_wconf 86' lang='lat' dir='ltr'><em>de</em></span> <span class='ocrx_word' id='word_1_239' title='bbox 1653 3007 1710 3060; x_wconf 83' lang='lat' dir='ltr'><em>la</em></span> <span class='ocrx_word' id='word_1_240' title='bbox 1747 3006 2173 3076; x_wconf 74' lang='lat' dir='ltr'><em>Septuayesime,</em></span> <span class='ocrx_word' id='word_1_241' title='bbox 2210 3023 2258 3074; x_wconf 90' lang='lat' dir='ltr'><em>p.</em></span> <span class='ocrx_word' id='word_1_242' title='bbox 2297 3006 2372 3072; x_wconf 83' lang='lat'><em>5.)</em></span> 
     </span>
    </p>

    <p class='ocr_par' dir='ltr' id='par_1_9' title="bbox 389 3084 2688 3879">
     <span class='ocr_line' id='line_1_29' title="bbox 605 3084 2688 3157; baseline 0 -20"><span class='ocrx_word' id='word_1_243' title='bbox 605 3084 661 3152; x_wconf 77' lang='lat'><em>²)</em></span> <span class='ocrx_word' id='word_1_244' title='bbox 706 3084 1084 3140; x_wconf 81' lang='lat' dir='ltr'><em>L‘institution</em></span> <span class='ocrx_word' id='word_1_245' title='bbox 1129 3086 1196 3141; x_wconf 89' lang='lat' dir='ltr'><em>de</em></span> <span class='ocrx_word' id='word_1_246' title='bbox 1233 3103 1292 3141; x_wconf 85' lang='lat' dir='ltr'><em>ce</em></span> <span class='ocrx_word' id='word_1_247' title='bbox 1318 3087 1551 3157; x_wconf 73' lang='lat' dir='ltr'><em>prelude</em></span> <span class='ocrx_word' id='word_1_248' title='bbox 1606 3104 1722 3141; x_wconf 77' lang='lat' dir='ltr'><em>aux</em></span> <span class='ocrx_word' id='word_1_249' title='bbox 1772 3088 1983 3141; x_wconf 81' lang='lat' dir='ltr'><em>saintes</em></span> <span class='ocrx_word' id='word_1_250' title='bbox 2029 3086 2311 3140; x_wconf 70' lang='lat' dir='ltr'><em>tristes-ses</em></span> <span class='ocrx_word' id='word_1_251' title='bbox 2351 3085 2422 3139; x_wconf 81' lang='lat' dir='ltr'><em>dn</em></span> <span class='ocrx_word' id='word_1_252' title='bbox 2473 3086 2688 3140; x_wconf 61' lang='lat' dir='ltr'><em>carente</em></span> 
     </span>
     <span class='ocr_line' id='line_1_30' title="bbox 415 3165 2687 3238; baseline 0.001 -20"><span class='ocrx_word' id='word_1_253' title='bbox 415 3167 611 3233; x_wconf 82' lang='lat' dir='ltr'><em>paruit</em></span> <span class='ocrx_word' id='word_1_254' title='bbox 656 3166 817 3219; x_wconf 81' lang='lat' dir='ltr'><em>acoir</em></span> <span class='ocrx_word' id='word_1_255' title='bbox 854 3167 1151 3221; x_wconf 78' lang='lat' dir='ltr'><em>commence</em></span> <span class='ocrx_word' id='word_1_256' title='bbox 1184 3167 1327 3222; x_wconf 86' lang='lat' dir='ltr'><em>dans</em></span> <span class='ocrx_word' id='word_1_257' title='bbox 1349 3167 1556 3238; x_wconf 69' lang='lat' dir='ltr'><em>l’c‘qlise</em></span> <span class='ocrx_word' id='word_1_258' title='bbox 1576 3184 1831 3238; x_wconf 73' lang='lat' dir='ltr'><em>yrecque.</em></span> <span class='ocrx_word' id='word_1_259' title='bbox 1886 3167 1974 3221; x_wconf 85' lang='lat' dir='ltr'><em>La</em></span> <span class='ocrx_word' id='word_1_260' title='bbox 2000 3170 2241 3221; x_wconf 85' lang='lat' dir='ltr'><em>coutume</em></span> <span class='ocrx_word' id='word_1_261' title='bbox 2268 3166 2336 3219; x_wconf 81' lang='lat' dir='ltr'><em>de</em></span> <span class='ocrx_word' id='word_1_262' title='bbox 2360 3170 2494 3220; x_wconf 83' lang='lat' dir='ltr'><em>cette</em></span> <span class='ocrx_word' id='word_1_263' title='bbox 2519 3165 2687 3236; x_wconf 72' lang='lat' dir='ltr'><em>eqlise</em></span> 
     </span>
     <span class='ocr_line' id='line_1_31' title="bbox 424 3243 2687 3316; baseline 0 -18"><span class='ocrx_word' id='word_1_264' title='bbox 424 3247 573 3300; x_wconf 62' lang='lat' dir='ltr'><em>etant</em></span> <span class='ocrx_word' id='word_1_265' title='bbox 611 3243 692 3301; x_wconf 85' lang='lat' dir='ltr'><em>de</em></span> <span class='ocrx_word' id='word_1_266' title='bbox 728 3262 800 3300; x_wconf 88' lang='lat' dir='ltr'><em>ne</em></span> <span class='ocrx_word' id='word_1_267' title='bbox 826 3263 940 3316; x_wconf 89' lang='lat' dir='ltr'><em>pas</em></span> <span class='ocrx_word' id='word_1_268' title='bbox 961 3246 1171 3316; x_wconf 67' lang='lat' dir='ltr'><em>jedner</em></span> <span class='ocrx_word' id='word_1_269' title='bbox 1205 3249 1259 3302; x_wconf 89' lang='lat' dir='ltr'><em>le</em></span> <span class='ocrx_word' id='word_1_270' title='bbox 1294 3247 1523 3314; x_wconf 74' lang='lat' dir='ltr'><em>samedi,</em></span> <span class='ocrx_word' id='word_1_271' title='bbox 1563 3290 1574 3302; x_wconf 96' lang='lat'><em>.</em></span> <span class='ocrx_word' id='word_1_272' title='bbox 1617 3291 1627 3302; x_wconf 95' lang='lat'><em>.</em></span> <span class='ocrx_word' id='word_1_273' title='bbox 1670 3290 1682 3303; x_wconf 90' lang='lat'><em>.</em></span> <span class='ocrx_word' id='word_1_274' title='bbox 1721 3249 1789 3303; x_wconf 92' lang='lat' dir='ltr'><em>de</em></span> <span class='ocrx_word' id='word_1_275' title='bbox 1824 3249 1881 3302; x_wconf 77' lang='lat' dir='ltr'><em>la</em></span> <span class='ocrx_word' id='word_1_276' title='bbox 1920 3251 2003 3302; x_wconf 86' lang='lat' dir='ltr'><em>est</em></span> <span class='ocrx_word' id='word_1_277' title='bbox 2038 3263 2204 3301; x_wconf 72' lang='lat' dir='ltr'><em>venue</em></span> <span class='ocrx_word' id='word_1_278' title='bbox 2229 3262 2378 3316; x_wconf 90' lang='lat' dir='ltr'><em>pour</em></span> <span class='ocrx_word' id='word_1_279' title='bbox 2412 3246 2494 3301; x_wconf 86' lang='lat' dir='ltr'><em>les</em></span> <span class='ocrx_word' id='word_1_280' title='bbox 2516 3248 2687 3301; x_wconf 82' lang='lat' dir='ltr'><em>Grecs</em></span> 
     </span>
     <span class='ocr_line' id='line_1_32' title="bbox 423 3326 2685 3398; baseline 0 -19"><span class='ocrx_word' id='word_1_281' title='bbox 423 3327 476 3380; x_wconf 85' lang='lat' dir='ltr'><em>la</em></span> <span class='ocrx_word' id='word_1_282' title='bbox 510 3328 798 3382; x_wconf 72' lang='lat' dir='ltr'><em>neces-site</em></span> <span class='ocrx_word' id='word_1_283' title='bbox 832 3326 1157 3398; x_wconf 75' lang='lat' dir='ltr'><em>d&#39;anticz‘per</em></span> <span class='ocrx_word' id='word_1_284' title='bbox 1191 3329 1243 3383; x_wconf 85' lang='lat' dir='ltr'><em>le</em></span> <span class='ocrx_word' id='word_1_285' title='bbox 1266 3330 1442 3398; x_wconf 89' lang='lat' dir='ltr'><em>jeune</em></span> <span class='ocrx_word' id='word_1_286' title='bbox 1478 3329 1549 3383; x_wconf 84' lang='lat' dir='ltr'><em>du</em></span> <span class='ocrx_word' id='word_1_287' title='bbox 1588 3331 1803 3384; x_wconf 61' lang='lat' dir='ltr'><em>careme</em></span> <span class='ocrx_word' id='word_1_288' title='bbox 1827 3370 1838 3382; x_wconf 95' lang='lat'><em>.</em></span> <span class='ocrx_word' id='word_1_289' title='bbox 1862 3370 1909 3382; x_wconf 95' lang='lat'><em>..</em></span> <span class='ocrx_word' id='word_1_290' title='bbox 1943 3328 2083 3395; x_wconf 89' lang='lat' dir='ltr'><em>(ibid.</em></span> <span class='ocrx_word' id='word_1_291' title='bbox 2123 3343 2171 3396; x_wconf 88' lang='lat' dir='ltr'><em>p.</em></span> <span class='ocrx_word' id='word_1_292' title='bbox 2202 3328 2288 3394; x_wconf 76' lang='lat'><em>2);</em></span> <span class='ocrx_word' id='word_1_293' title='bbox 2331 3343 2481 3397; x_wconf 90' lang='lat' dir='ltr'><em>quem</em></span> <span class='ocrx_word' id='word_1_294' title='bbox 2518 3327 2685 3381; x_wconf 86' lang='lat' dir='ltr'><em>locum</em></span> 
     </span>
     <span class='ocr_line' id='line_1_33' title="bbox 425 3408 2684 3479; baseline 0.002 -20"><span class='ocrx_word' id='word_1_295' title='bbox 425 3425 450 3459; x_wconf 82' lang='lat' dir='ltr'><em>e</em></span> <span class='ocrx_word' id='word_1_296' title='bbox 487 3408 691 3478; x_wconf 81' lang='lat' dir='ltr'><em>gallico</em></span> <span class='ocrx_word' id='word_1_297' title='bbox 729 3408 970 3477; x_wconf 81' lang='lat' dir='ltr'><em>imperite</em></span> <span class='ocrx_word' id='word_1_298' title='bbox 1009 3410 1256 3464; x_wconf 82' lang='lat' dir='ltr'><em>vertendo</em></span> <span class='ocrx_word' id='word_1_299' title='bbox 1308 3410 1475 3465; x_wconf 80' lang='lat' dir='ltr'><em>editor</em></span> <span class='ocrx_word' id='word_1_300' title='bbox 1519 3426 1796 3479; x_wconf 83' lang='lat' dir='ltr'><em>germanus</em></span> <span class='ocrx_word' id='word_1_301' title='bbox 1846 3409 2065 3478; x_wconf 87' lang='lat' dir='ltr'><em>tempori</em></span> <span class='ocrx_word' id='word_1_302' title='bbox 2103 3410 2457 3477; x_wconf 80' lang='grc' dir='ltr'><strong><em>προνηστίμῳ</em></strong></span> <span class='ocrx_word' id='word_1_303' title='bbox 2507 3408 2684 3462; x_wconf 82' lang='lat' dir='ltr'><em>chara-</em></span> 
     </span>
     <span class='ocr_line' id='line_1_34' title="bbox 389 3487 2682 3556; baseline 0.001 -18"><span class='ocrx_word' id='word_1_304' title='bbox 389 3519 404 3538; x_wconf 85' lang='lat'><em>.</em></span> <span class='ocrx_word' id='word_1_305' title='bbox 425 3492 622 3542; x_wconf 75' lang='lat' dir='ltr'><em>ctorem</em></span> <span class='ocrx_word' id='word_1_306' title='bbox 667 3487 1161 3556; x_wconf 76' lang='grc' dir='ltr'><em>προγυμναστικόν</em></span> <span class='ocrx_word' id='word_1_307' title='bbox 1216 3491 1417 3544; x_wconf 89' lang='lat' dir='ltr'><em>omnino</em></span> <span class='ocrx_word' id='word_1_308' title='bbox 1467 3490 1723 3544; x_wconf 81' lang='lat' dir='ltr'><em>detraxit:</em></span> <span class='ocrx_word' id='word_1_309' title='bbox 1783 3489 1867 3543; x_wconf 79' lang='lat' dir='ltr'><em>Es</em></span> <span class='ocrx_word' id='word_1_310' title='bbox 1912 3488 2151 3553; x_wconf 80' lang='lat' dir='ltr'><em>scleeint,</em></span> <span class='ocrx_word' id='word_1_311' title='bbox 2205 3487 2339 3541; x_wconf 83' lang='lat' dir='ltr'><em>dass</em></span> <span class='ocrx_word' id='word_1_312' title='bbox 2387 3488 2470 3541; x_wconf 88' lang='lat' dir='ltr'><em>sie</em></span> <span class='ocrx_word' id='word_1_313' title='bbox 2521 3488 2682 3555; x_wconf 76' lang='lat' dir='ltr'><em>(diese</em></span> 
     </span>
     <span class='ocr_line' id='line_1_35' title="bbox 423 3567 2681 3638; baseline 0 -16"><span class='ocrx_word' id='word_1_314' title='bbox 423 3568 616 3638; x_wconf 87' lang='lat' dir='ltr'><em>heilige</em></span> <span class='ocrx_word' id='word_1_315' title='bbox 657 3567 1047 3638; x_wconf 84' lang='lat' dir='ltr'><em>Vorbereitung</em></span> <span class='ocrx_word' id='word_1_316' title='bbox 1083 3571 1175 3623; x_wconf 82' lang='lat' dir='ltr'><em>auf</em></span> <span class='ocrx_word' id='word_1_317' title='bbox 1207 3570 1288 3624; x_wconf 88' lang='lat' dir='ltr'><em>die</em></span> <span class='ocrx_word' id='word_1_318' title='bbox 1325 3571 1512 3638; x_wconf 87' lang='lat' dir='ltr'><em>heilige</em></span> <span class='ocrx_word' id='word_1_319' title='bbox 1550 3570 1790 3637; x_wconf 79' lang='lat' dir='ltr'><em>Triibsal)</em></span> <span class='ocrx_word' id='word_1_320' title='bbox 1842 3572 2036 3623; x_wconf 69' lang='lat' dir='ltr'><em>euerst</em></span> <span class='ocrx_word' id='word_1_321' title='bbox 2079 3569 2133 3622; x_wconf 89' lang='lat' dir='ltr'><em>in</em></span> <span class='ocrx_word' id='word_1_322' title='bbox 2173 3568 2275 3622; x_wconf 86' lang='lat' dir='ltr'><em>der</em></span> <span class='ocrx_word' id='word_1_323' title='bbox 2306 3569 2681 3638; x_wconf 74' lang='lat' dir='ltr'><em>qriecltischen</em></span> 
     </span>
     <span class='ocr_line' id='line_1_36' title="bbox 427 3648 2685 3721; baseline -0 -18"><span class='ocrx_word' id='word_1_324' title='bbox 427 3649 639 3704; x_wconf 72' lang='lat' dir='ltr'><em>Kirche</em></span> <span class='ocrx_word' id='word_1_325' title='bbox 679 3648 1004 3719; x_wconf 70' lang='lat' dir='ltr'><em>einyefuhrt</em></span> <span class='ocrx_word' id='word_1_326' title='bbox 1037 3650 1223 3704; x_wconf 81' lang='lat' dir='ltr'><em>warde</em></span> <span class='ocrx_word' id='word_1_327' title='bbox 1270 3650 1384 3705; x_wconf 86' lang='lat' dir='ltr'><em>und</em></span> <span class='ocrx_word' id='word_1_328' title='bbox 1419 3651 1556 3706; x_wconf 80' lang='lat' dir='ltr'><em>auch</em></span> <span class='ocrx_word' id='word_1_329' title='bbox 1594 3650 1666 3704; x_wconf 87' lang='lat' dir='ltr'><em>da</em></span> <span class='ocrx_word' id='word_1_330' title='bbox 1703 3650 1851 3704; x_wconf 79' lang='lat' dir='ltr'><em>nicht</em></span> <span class='ocrx_word' id='word_1_331' title='bbox 1887 3651 1974 3703; x_wconf 84' lang='lat' dir='ltr'><em>als</em></span> <span class='ocrx_word' id='word_1_332' title='bbox 2027 3649 2412 3720; x_wconf 73' lang='lat' dir='ltr'><em>Vorbereitunq</em></span> <span class='ocrx_word' id='word_1_333' title='bbox 2458 3652 2568 3721; x_wconf 82' lang='lat' dir='ltr'><em>auf</em></span> <span class='ocrx_word' id='word_1_334' title='bbox 2594 3650 2685 3703; x_wconf 85' lang='lat' dir='ltr'><em>die</em></span> 
     </span>
     <span class='ocr_line' id='line_1_37' title="bbox 423 3728 2680 3800; baseline 0 -17"><span class='ocrx_word' id='word_1_335' title='bbox 423 3729 656 3796; x_wconf 82' lang='lat' dir='ltr'><em>Fasten,</em></span> <span class='ocrx_word' id='word_1_336' title='bbox 695 3728 941 3784; x_wconf 83' lang='lat' dir='ltr'><em>sondern</em></span> <span class='ocrx_word' id='word_1_337' title='bbox 977 3729 1064 3783; x_wconf 88' lang='lat' dir='ltr'><em>als</em></span> <span class='ocrx_word' id='word_1_338' title='bbox 1095 3729 1182 3785; x_wconf 87' lang='lat' dir='ltr'><em>ein</em></span> <span class='ocrx_word' id='word_1_339' title='bbox 1213 3731 1369 3786; x_wconf 72' lang='lat' dir='ltr'><em>Thea</em></span> <span class='ocrx_word' id='word_1_340' title='bbox 1391 3732 1492 3786; x_wconf 85' lang='lat' dir='ltr'><em>der</em></span> <span class='ocrx_word' id='word_1_341' title='bbox 1521 3731 1948 3800; x_wconf 66' lang='lat' dir='ltr'><em>oiereiqta‘qiyen</em></span> <span class='ocrx_word' id='word_1_342' title='bbox 1970 3730 2290 3785; x_wconf 67' lang='lat' dir='ltr'><em>Fasteneeit</em></span> <span class='ocrx_word' id='word_1_343' title='bbox 2314 3730 2484 3785; x_wconf 85' lang='lat' dir='ltr'><em>selbst</em></span> <span class='ocrx_word' id='word_1_344' title='bbox 2519 3732 2590 3799; x_wconf 89' lang='lat' dir='ltr'><em>(p.</em></span> <span class='ocrx_word' id='word_1_345' title='bbox 2606 3732 2680 3798; x_wconf 81' lang='lat'><em>4),</em></span> 
     </span>
     <span class='ocr_line' id='line_1_38' title="bbox 425 3810 2394 3879; baseline 0 -15"><span class='ocrx_word' id='word_1_346' title='bbox 425 3810 836 3879; x_wconf 80' lang='lat' dir='ltr'><em>praeparatione</em></span> <span class='ocrx_word' id='word_1_347' title='bbox 866 3810 1176 3879; x_wconf 84' lang='lat' dir='ltr'><em>jejuniorum</em></span> <span class='ocrx_word' id='word_1_348' title='bbox 1215 3812 1412 3867; x_wconf 83' lang='lat' dir='ltr'><em>seilicet</em></span> <span class='ocrx_word' id='word_1_349' title='bbox 1451 3828 1565 3866; x_wconf 86' lang='lat' dir='ltr'><em>cum</em></span> <span class='ocrx_word' id='word_1_350' title='bbox 1603 3812 1879 3866; x_wconf 88' lang='lat' dir='ltr'><em>eorundem</em></span> <span class='ocrx_word' id='word_1_351' title='bbox 1917 3811 2129 3865; x_wconf 85' lang='lat' dir='ltr'><em>introitu</em></span> <span class='ocrx_word' id='word_1_352' title='bbox 2169 3812 2394 3865; x_wconf 81' lang='lat' dir='ltr'><em>confusa.</em></span> 
     </span>
    </p>

    <p class='ocr_par' dir='ltr' id='par_1_10' title="bbox 609 3888 1447 3961">
     <span class='ocr_line' id='line_1_39' title="bbox 609 3888 1447 3961; baseline 0.005 -19"><span class='ocrx_word' id='word_1_353' title='bbox 609 3888 657 3956; x_wconf 78' lang='lat'><em>⁸)</em></span> <span class='ocrx_word' id='word_1_354' title='bbox 701 3889 788 3946; x_wconf 83' lang='lat' dir='ltr'><em>Le</em></span> <span class='ocrx_word' id='word_1_355' title='bbox 824 3891 1059 3956; x_wconf 48' lang='lat' dir='ltr'><em>eorem&amp;</em></span> <span class='ocrx_word' id='word_1_356' title='bbox 1096 3908 1178 3961; x_wconf 88' lang='lat' dir='ltr'><em>pp.</em></span> <span class='ocrx_word' id='word_1_357' title='bbox 1218 3895 1447 3946; x_wconf 81' lang='lat'><em>10—11.</em></span> 
     </span>
    </p>

    <p class='ocr_par' dir='ltr' id='par_1_11' title="bbox 425 3969 2684 4202">
     <span class='ocr_line' id='line_1_40' title="bbox 607 3969 2684 4043; baseline 0 -19"><span class='ocrx_word' id='word_1_358' title='bbox 607 3969 656 4036; x_wconf 85' lang='lat'><em>⁴)</em></span> <span class='ocrx_word' id='word_1_359' title='bbox 701 3970 1046 4039; x_wconf 81' lang='lat' dir='ltr'><em>Parcequ&#39;on</em></span> <span class='ocrx_word' id='word_1_360' title='bbox 1079 3989 1119 4040; x_wconf 75' lang='lat' dir='ltr'><strong><em>y</em></strong></span> <span class='ocrx_word' id='word_1_361' title='bbox 1156 3988 1394 4027; x_wconf 85' lang='lat' dir='ltr'><em>annonce</em></span> <span class='ocrx_word' id='word_1_362' title='bbox 1432 3989 1503 4026; x_wconf 87' lang='lat' dir='ltr'><em>au</em></span> <span class='ocrx_word' id='word_1_363' title='bbox 1527 3973 1729 4043; x_wconf 85' lang='lat' dir='ltr'><em>peuple</em></span> <span class='ocrx_word' id='word_1_364' title='bbox 1765 3973 1817 4026; x_wconf 84' lang='lat' dir='ltr'><em>le</em></span> <span class='ocrx_word' id='word_1_365' title='bbox 1838 3973 2015 4040; x_wconf 72' lang='lat' dir='ltr'><em>senne</em></span> <span class='ocrx_word' id='word_1_366' title='bbox 2051 3970 2123 4026; x_wconf 87' lang='lat' dir='ltr'><em>du</em></span> <span class='ocrx_word' id='word_1_367' title='bbox 2161 3975 2395 4038; x_wconf 71' lang='lat' dir='ltr'><em>cat-eme,</em></span> <span class='ocrx_word' id='word_1_368' title='bbox 2442 3972 2537 4041; x_wconf 87' lang='lat' dir='ltr'><em>qui</em></span> <span class='ocrx_word' id='word_1_369' title='bbox 2570 3972 2684 4025; x_wconf 89' lang='lat' dir='ltr'><em>doit</em></span> 
     </span>
     <span class='ocr_line' id='line_1_41' title="bbox 427 4051 2680 4123; baseline 0 -19"><span class='ocrx_word' id='word_1_370' title='bbox 427 4051 628 4105; x_wconf 77' lang='lat' dir='ltr'><em>bientot</em></span> <span class='ocrx_word' id='word_1_371' title='bbox 668 4065 1026 4118; x_wconf 83' lang='lat' dir='ltr'><em>commeneer,</em></span> <span class='ocrx_word' id='word_1_372' title='bbox 1062 4051 1210 4107; x_wconf 82' lang='lat' dir='ltr'><em>ainsi</em></span> <span class='ocrx_word' id='word_1_373' title='bbox 1244 4070 1346 4121; x_wconf 85' lang='lat' dir='ltr'><em>que</em></span> <span class='ocrx_word' id='word_1_374' title='bbox 1381 4054 1436 4107; x_wconf 88' lang='lat' dir='ltr'><em>la</em></span> <span class='ocrx_word' id='word_1_375' title='bbox 1476 4052 1603 4107; x_wconf 87' lang='lat' dir='ltr'><em>date</em></span> <span class='ocrx_word' id='word_1_376' title='bbox 1627 4053 1849 4123; x_wconf 69' lang='lat' dir='ltr'><em>precise</em></span> <span class='ocrx_word' id='word_1_377' title='bbox 1886 4053 1953 4107; x_wconf 88' lang='lat' dir='ltr'><em>de</em></span> <span class='ocrx_word' id='word_1_378' title='bbox 1991 4054 2045 4106; x_wconf 83' lang='lat' dir='ltr'><em>la</em></span> <span class='ocrx_word' id='word_1_379' title='bbox 2076 4055 2198 4122; x_wconf 63' lang='lat' dir='ltr'><em>sele</em></span> <span class='ocrx_word' id='word_1_380' title='bbox 2232 4052 2301 4106; x_wconf 85' lang='lat' dir='ltr'><em>de</em></span> <span class='ocrx_word' id='word_1_381' title='bbox 2325 4053 2549 4122; x_wconf 74' lang='lat' dir='ltr'><em>quues</em></span> <span class='ocrx_word' id='word_1_382' title='bbox 2572 4052 2680 4121; x_wconf 84' lang='lat' dir='ltr'><em>(Le</em></span> 
     </span>
     <span class='ocr_line' id='line_1_42' title="bbox 425 4131 1541 4202; baseline 0.003 -18"><span class='ocrx_word' id='word_1_383' title='bbox 425 4134 598 4201; x_wconf 84' lang='lat' dir='ltr'><em>temps</em></span> <span class='ocrx_word' id='word_1_384' title='bbox 637 4131 712 4185; x_wconf 88' lang='lat' dir='ltr'><em>de</em></span> <span class='ocrx_word' id='word_1_385' title='bbox 746 4131 804 4184; x_wconf 88' lang='lat' dir='ltr'><em>la</em></span> <span class='ocrx_word' id='word_1_386' title='bbox 845 4131 1271 4201; x_wconf 71' lang='lat' dir='ltr'><em>Septuaqesime‚</em></span> <span class='ocrx_word' id='word_1_387' title='bbox 1309 4150 1356 4202; x_wconf 90' lang='lat' dir='ltr'><em>p.</em></span> <span class='ocrx_word' id='word_1_388' title='bbox 1399 4134 1541 4190; x_wconf 67' lang='lat'><em>135).</em></span> 
     </span>
    </p>

    <p class='ocr_par' dir='ltr' id='par_1_12' title="bbox 611 4210 1083 4280">
     <span class='ocr_line' id='line_1_43' title="bbox 611 4210 1083 4280; baseline 0.004 -17"><span class='ocrx_word' id='word_1_389' title='bbox 611 4211 660 4276; x_wconf 80' lang='lat'><em>⁶)</em></span> <span class='ocrx_word' id='word_1_390' title='bbox 705 4210 833 4264; x_wconf 87' lang='lat' dir='ltr'><em>Ibid.</em></span> <span class='ocrx_word' id='word_1_391' title='bbox 873 4227 924 4280; x_wconf 91' lang='lat' dir='ltr'><em>p.</em></span> <span class='ocrx_word' id='word_1_392' title='bbox 964 4213 1083 4266; x_wconf 79' lang='lat'><em>135.</em></span> 
     </span>
    </p>

    <p class='ocr_par' dir='ltr' id='par_1_13' title="bbox 424 4291 2681 4524">
     <span class='ocr_line' id='line_1_44' title="bbox 607 4291 2681 4363; baseline 0 -19"><span class='ocrx_word' id='word_1_393' title='bbox 607 4291 656 4359; x_wconf 79' lang='lat'><em>⁸)</em></span> <span class='ocrx_word' id='word_1_394' title='bbox 721 4291 997 4345; x_wconf 74' lang='lat' dir='ltr'><em>Wdhrend</em></span> <span class='ocrx_word' id='word_1_395' title='bbox 1016 4292 1198 4347; x_wconf 83' lang='lat' dir='ltr'><em>dieser</em></span> <span class='ocrx_word' id='word_1_396' title='bbox 1217 4311 1432 4363; x_wconf 62' lang='lat' dir='ltr'><em>qaneen</em></span> <span class='ocrx_word' id='word_1_397' title='bbox 1473 4295 1653 4348; x_wconf 79' lang='lat' dir='ltr'><em>Woclee</em></span> <span class='ocrx_word' id='word_1_398' title='bbox 1676 4294 1805 4348; x_wconf 86' lang='lat' dir='ltr'><em>sind</em></span> <span class='ocrx_word' id='word_1_399' title='bbox 1828 4294 2207 4363; x_wconf 63' lang='lat' dir='ltr'><em>Affi&#39;lclespeisen</em></span> <span class='ocrx_word' id='word_1_400' title='bbox 2246 4294 2397 4347; x_wconf 76' lang='lat' dir='ltr'><em>nicht</em></span> <span class='ocrx_word' id='word_1_401' title='bbox 2424 4296 2681 4362; x_wconf 60' lang='lat' dir='ltr'><em>,qestattet</em></span> 
     </span>
     <span class='ocr_line' id='line_1_45' title="bbox 425 4370 2679 4444; baseline 0 -18"><span class='ocrx_word' id='word_1_402' title='bbox 425 4373 563 4440; x_wconf 85' lang='lat' dir='ltr'><em>(Die</em></span> <span class='ocrx_word' id='word_1_403' title='bbox 600 4370 812 4440; x_wconf 66' lang='lat' dir='ltr'><em>heiliqe</em></span> <span class='ocrx_word' id='word_1_404' title='bbox 829 4371 1168 4432; x_wconf 69' lang='lat' dir='ltr'><em>Fastene&#39;eit‚</em></span> <span class='ocrx_word' id='word_1_405' title='bbox 1205 4391 1253 4444; x_wconf 90' lang='lat' dir='ltr'><em>p.</em></span> <span class='ocrx_word' id='word_1_406' title='bbox 1274 4375 1384 4442; x_wconf 80' lang='lat'><em>27).</em></span> <span class='ocrx_word' id='word_1_407' title='bbox 1443 4377 1637 4429; x_wconf 78' lang='lat' dir='ltr'><em>Auctor</em></span> <span class='ocrx_word' id='word_1_408' title='bbox 1664 4381 1845 4430; x_wconf 81' lang='lat' dir='ltr'><em>eontra</em></span> <span class='ocrx_word' id='word_1_409' title='bbox 1869 4380 2011 4428; x_wconf 82' lang='lat' dir='ltr'><em>recte</em></span> <span class='ocrx_word' id='word_1_410' title='bbox 2038 4374 2274 4442; x_wconf 79' lang='lat' dir='ltr'><em>scripsit:</em></span> <span class='ocrx_word' id='word_1_411' title='bbox 2315 4374 2427 4427; x_wconf 86' lang='lat' dir='ltr'><em>Les</em></span> <span class='ocrx_word' id='word_1_412' title='bbox 2444 4374 2679 4442; x_wconf 72' lang='lat' dir='ltr'><em>laitaqes</em></span> 
     </span>
     <span class='ocr_line' id='line_1_46' title="bbox 424 4452 2565 4524; baseline -0.001 -16"><span class='ocrx_word' id='word_1_413' title='bbox 424 4458 550 4509; x_wconf 80' lang='lat' dir='ltr'><em>sont</em></span> <span class='ocrx_word' id='word_1_414' title='bbox 583 4467 789 4507; x_wconf 84' lang='lat' dir='ltr'><em>encore</em></span> <span class='ocrx_word' id='word_1_415' title='bbox 811 4452 1034 4524; x_wconf 82' lang='lat' dir='ltr'><em>permis</em></span> <span class='ocrx_word' id='word_1_416' title='bbox 1053 4454 1300 4522; x_wconf 87' lang='lat' dir='ltr'><em>pendant</em></span> <span class='ocrx_word' id='word_1_417' title='bbox 1332 4459 1478 4510; x_wconf 85' lang='lat' dir='ltr'><em>toute</em></span> <span class='ocrx_word' id='word_1_418' title='bbox 1512 4459 1646 4512; x_wconf 80' lang='lat' dir='ltr'><em>cette</em></span> <span class='ocrx_word' id='word_1_419' title='bbox 1679 4455 1922 4510; x_wconf 79' lang='lat' dir='ltr'><em>semaine</em></span> <span class='ocrx_word' id='word_1_420' title='bbox 1961 4455 2065 4520; x_wconf 90' lang='lat' dir='ltr'><em>(Le</em></span> <span class='ocrx_word' id='word_1_421' title='bbox 2102 4456 2331 4520; x_wconf 71' lang='lat' dir='ltr'><em>careme‚</em></span> <span class='ocrx_word' id='word_1_422' title='bbox 2371 4471 2419 4523; x_wconf 88' lang='lat' dir='ltr'><em>p.</em></span> <span class='ocrx_word' id='word_1_423' title='bbox 2457 4455 2565 4520; x_wconf 84' lang='lat'><em>31).</em></span> 
     </span>
    </p>
   </div>
  </div>
 </body>
</html>
