3514 5391
1093 515 1269 568 Annus
1306 515 1469 569 civilis
1508 515 1898 585 Aegyptiorum.
2514 519 2599 572 692

376 710 672 790 medaniS,
722 712 828 797 qui
875 731 976 777 res
1025 711 1517 778 Christianorum
1563 714 1627 777 in
1674 714 1966 800 Aegypto
1999 714 2454 792 describebant,
2506 735 2599 779 su<

374 809 554 874 modo
603 809 1022 877 exhiberetur.
1117 810 1239 888 Sic,
1297 814 1367 876 ut
1413 831 1608 876 unum
1655 812 2007 897 exemplum
2057 818 2337 896 ponatur,
2387 813 2599 879 Muha-

374 908 675 974 medanus
724 907 1346 987 CalcasendiuS,
1409 909 1734 993 utriusque
1784 908 1998 975 classis
2049 910 2208 975 festa
2257 910 2599 997 singillatin

371 1012 735 1090 persecut-us
781 1008 973 1093 (apud
1023 1007 1358 1085 Selden‚
1409 1009 1506 1072 De
1554 1008 1897 1096 synodi-iic,
1953 1008 1993 1075 l.
2043 1009 2103 1086 3,
2156 1029 2207 1075 c.
2263 1010 2363 1087 15,
2412 1031 2473 1074 n.
2524 1012 2594 1094 9)

371 1105 648 1170 omnium
675 1107 946 1191 primum
969 1108 1053 1172 ait
1074 1126 1212 1172 esse
1231 1106 1851 1185 „Annuntiationem
1877 1104 2329 1188 Consolatoris,
2360 1110 2468 1194 qui
2484 1111 2599 1195 ips«

369 1213 457 1266 est
486 1208 695 1294 juxta
741 1227 951 1270 eorum
981 1205 1533 1291 (Christianorum)
1568 1205 1957 1289 disciplinam
2000 1205 2286 1286 Gabriel,
2336 1208 2599 1285 Mariae*

365 1323 556 1387 super
600 1326 793 1389 quam
838 1305 925 1368 sit
965 1327 1124 1390 pax,
1176 1303 1253 1367 de
1298 1304 1635 1368 nativitate
1681 1304 1863 1386 Jesu,
1913 1326 2105 1391 super
2151 1327 2327 1389 quem
2371 1306 2458 1368 sit
2505 1308 2599 1369 mi·

365 1401 723 1466 ser-icordia
771 1403 899 1466 Dei
942 1403 1117 1487 (edit.
1171 1400 1362 1479 1696,
1413 1423 1472 1486 p.
1526 1403 1747 1487 1299).

543 1582 648 1645 Ad
708 1582 954 1646 tertiam
1000 1581 1304 1647 festorum
1351 1579 1619 1646 classem
1667 1581 1801 1646 dies
1849 1581 2219 1647 Sanctorum
2283 1583 2593 1666 pertinent

364 1700 634 1762 quorum
685 1680 986 1745 memoria
1032 1682 1218 1745 certis
1278 1701 1389 1764 per
1451 1701 1681 1745 annum
1729 1681 1949 1746 diebus
2011 1680 2275 1764 simplici
2339 1701 2599 1745 comme-

364 1779 714 1844 moratione
761 1783 1002 1844 tantum
1050 1779 1361 1844 recolitur.

544 1921 636 1975 De
661 1921 778 1991 ipso
805 1937 947 1976 anno
972 1921 1129 1976 civili.
1157 1951 1224 1961 —
1251 1921 1690 1993 Aegyptiorum
1719 1937 1905 1978 annus
1927 1922 2080 1984 olim,
2122 1920 2277 1979 sicut
2304 1927 2364 1978 et
2383 1920 2599 1993 primae

364 1999 768 2074 Reipublicae
809 2000 1170 2060 Gallicanae
1209 2001 1534 2059 recentiori
1579 2006 1784 2058 aetate
1803 2001 1865 2072 ¹),
1910 2001 2226 2059 constabat
2266 2001 2473 2058 diebus
2511 2017 2599 2058 na·

367 2082 673 2140 turalibus
705 2083 830 2154 360,
870 2088 1013 2155 quot
1050 2087 1187 2140 sunt
1223 2082 1446 2155 gradus
1485 2082 1545 2138 in
1586 2080 1824 2142 circulo,
1876 2087 1944 2139 ut
1982 2081 2197 2155 singuli
2239 2099 2469 2140 menses
2508 2082 2599 2140 tri·

368 2178 574 2220 cenum
616 2163 844 2220 dierum
883 2179 1188 2220 numerum
1225 2162 1538 2220 haberent.

545 2243 960 2315 Appendicem
1000 2243 1229 2301 dierum
1267 2244 1318 2314 5,
1359 2260 1500 2315 quos
1537 2259 1821 2315 graece
1860 2242 2199 2311 ἐπαγομένας
2237 2242 2599 2315 (adfer-titios)

366 2324 663 2395 gallice
687 2325 861 2394 jours
897 2325 1398 2395 complementaires
1435 2325 1611 2397 vulgo
1652 2323 1876 2385 dixere,
1918 2329 2090 2380 extra
2116 2323 2426 2380 rotundum
2456 2341 2599 2382 men·

367 2404 515 2462 sium
556 2405 841 2463 circulum
870 2405 1308 2477 computabant,
1350 2411 1666 2476 antequam
1696 2420 1905 2461 novum
1935 2404 2354 2461 exordirentur
2380 2420 2590 2461 annum

369 2500 439 2541 ac
475 2501 717 2540 mensem
743 2501 979 2555 parvum
1018 2483 1267 2555 (pilcadfii
1300 2484 1446 2555 anot)
1484 2484 1909 2557 nuncupabant
1925 2482 1988 2554 ²).

550 2565 710 2638 Quia
745 2581 890 2624 vero
930 2566 1070 2623 anni
1098 2565 1394 2623 naturalis
1425 2565 1593 2637 ,iusta
1619 2565 1962 2637 magnitudo
1990 2564 2117 2622 dies
2142 2566 2251 2622 365
2276 2566 2434 2623 senis
2461 2584 2599 2638 pene

367 2644 528 2704 horis
568 2651 844 2719 superat,
901 2646 1124 2705 idcirco
1162 2664 1236 2705 ex
1273 2646 1560 2706 Julianae
1611 2645 2091 2704 intercalationis
2140 2646 2274 2719 lege
2322 2652 2599 2707 statutum

369 2731 479 2796 est,
516 2732 585 2785 ut
622 2727 873 2800 singulis
911 2728 1316 2800 quadrienniis
1356 2745 1429 2785 ex
1466 2727 1590 2785 illis
1626 2727 1791 2785 horis
1829 2733 2043 2798 quater
2082 2728 2349 2786 collectis
2377 2728 2599 2798 integer

368 2807 496 2866 dies
533 2809 833 2866 naturalis
873 2807 1296 2875 conficeretur,
1349 2814 1411 2866 et
1461 2808 1548 2865 sie
1600 2808 1770 2865 annis
1807 2806 2092 2865 bissextis
2132 2808 2349 2865 mensis
2388 2825 2599 2881 parvus

370 2887 498 2946 dies
535 2891 574 2947 6
608 2888 879 2947 haberet.

547 2970 846 3028 Absolute
884 2969 1083 3042 itaque
1121 2968 1330 3027 ultimo
1370 2967 1508 3026 anni
1549 2985 1747 3026 mense
1800 2967 1983 3040 (apud
2029 2968 2460 3042 Aegyptios
2499 2971 2599 3023 Me-

367 3052 505 3118 sori,
532 3052 688 3126 apud
716 3049 773 3109 G
789 3051 945 3108 allo
961 3067 988 3107 s
1014 3049 1353 3119 Fructidor)‚
1378 3049 1601 3121 primus
1625 3050 1838 3104 dierum
1877 3049 2278 3118 adjectitiorum
2318 3067 2413 3104 scu
2445 3051 2599 3105 inter·

369 3132 637 3186 calarium
676 3131 990 3189 dicebatur
1027 3129 1208 3201 πρώτη
1245 3130 1614 3199 ἐπαγομένων,
1657 3130 1904 3199 premier
1939 3131 2082 3199 jour
2126 3132 2594 3201 complementm'tv

369 3212 639 3266 secundus
674 3211 900 3282 δευτέρα
936 3212 1306 3283 ἐπαγομένων,
1346 3211 1399 3265 2.
1424 3211 1568 3281 jour
1600 3211 2109 3280 complementaire:
2147 3217 2208 3268 et
2234 3211 2320 3269 sic
2346 3227 2538 3282 porro,

550 3292 912 3365 Computant
950 3310 1132 3351 annos
1171 3309 1304 3350 suos
1341 3291 1635 3363 Aegyptii
1675 3308 1781 3349 seu
1815 3290 1989 3365 Copti
2021 3291 2197 3363 juxta
2234 3309 2424 3346 aeram
2464 3309 2599 3346 mar-

370 3377 550 3443 tyrum
588 3375 938 3440 Diocletiani,
984 3390 1134 3446 quae
1174 3372 1407 3430 initium
1447 3371 1610 3429 ducit
1649 3389 1685 3429 a
1724 3372 1820 3429 die
1858 3374 1944 3430 29.
1986 3372 2200 3429 mensis
2239 3371 2455 3429 Mesori
2507 3390 2599 3430 seu

371 3453 632 3526 Augusti
671 3454 811 3512 anni
845 3455 954 3513 284
971 3452 1034 3524 ⁸).
1109 3452 1182 3510 In
1222 3453 1481 3511 caeteris
1536 3458 1733 3510 autem
1786 3453 2063 3510 vitiosam
2100 3453 2463 3510 Kalendarii
2504 3453 2599 3510 Ju-

373 3533 521 3592 liani
558 3534 808 3593 formam
850 3535 1043 3593 adhuc
1082 3540 1405 3607 sequuntur
1420 3533 1483 3600 ⁴).

556 3672 594 3735 ¹)
634 3672 691 3725 In
711 3689 806 3726 usu
826 3675 942 3725 erat
973 3672 1037 3724 ab
1057 3672 1379 3740 aequinoctio
1399 3671 1679 3724 autumnali
1707 3687 1789 3724 an.
1815 3671 1953 3725 1792
1981 3686 2140 3740 usque
2159 3670 2223 3724 ad
2245 3672 2293 3724 1.
2314 3670 2430 3724 Jan.
2454 3672 2599 3726 1806,

548 3751 594 3820 ⁹)
632 3751 689 3806 In
726 3751 1172 3806 Kalendariis
1209 3752 1510 3805 arabicis
1547 3752 1738 3805 mensis
1776 3767 1966 3820 parvus
2004 3752 2220 3806 alnassi
2254 3768 2345 3805 seu
2384 3767 2450 3804 en
2488 3769 2599 3823 nes]

371 3837 600 3899 vocatur,
638 3832 688 3886 h.
711 3848 774 3897 e.‚
811 3849 908 3886 res
943 3832 1138 3897 dilata,
1173 3847 1369 3899 mora;
1406 3837 1651 3903 tanquam
1688 3833 1730 3885 si
1770 3837 1888 3902 post
1924 3833 2211 3886 absolutum
2249 3847 2478 3885 mensem
2508 3834 2599 3887 Me·

373 3911 475 3963 sori
521 3928 614 3981 per
658 3913 875 3983 quinque
924 3914 1007 3967 vel
1047 3929 1137 3966 sex
1175 3913 1282 3966 dies
1319 3929 1474 3967 mora
1511 3916 1688 3982 fieret,
1740 3915 1887 3967 initio
1936 3914 2055 3967 novi
2106 3914 2224 3966 anni
2264 3913 2459 3966 scilicet
2497 3914 2599 3968 ide(

374 3993 624 4062 tantisper
658 3993 833 4060 dilato,
871 3996 930 4047 ut
966 4010 1129 4047 annus
1161 3993 1323 4048 civilis
1349 4010 1483 4048 anno
1509 3994 1666 4048 solari
1695 3999 1944 4065 aequetur
1982 4000 2035 4047 et
2062 3993 2398 4061 congruentia
2424 3994 2599 4048 utrius·

375 4086 471 4140 que
504 4078 759 4128 servetur.

550 4151 594 4221 ⁸)
632 4153 733 4220 Sic,
770 4159 828 4208 ut
864 4155 1113 4209 illustrius
1149 4154 1339 4225 aliquid
1365 4155 1582 4224 exempli
1613 4172 1772 4209 causa
1798 4158 2038 4225 ponatur,
2077 4152 2210 4224 quod
2235 4156 2414 4222 pateat
2439 4152 2596 4207 latius

378 4229 585 4288 Rmus,
623 4235 688 4288 D.
727 4234 1036 4306 Cyrillus
1074 4236 1395 4302 Macaire‚
1435 4236 1483 4288 in
1523 4237 1653 4290 binis
1693 4235 1860 4290 literis
1900 4235 2175 4305 encyclicis
2212 4251 2346 4288 anno
2385 4236 2599 4301 proxim(

380 4312 546 4383 elapso
582 4316 769 4384 (1895)
807 4316 872 4370 ad
910 4317 1102 4385 Coptos
1139 4317 1302 4382 datis,
1361 4333 1546 4370 annum
1597 4332 1752 4370 aerae
1803 4319 2094 4386 martyrum
2145 4314 2420 4383 adscripsit
2458 4316 2591 4368 1611

381 4393 454 4448 uti
484 4395 657 4450 videre
696 4399 778 4450 est
815 4397 868 4451 in
904 4397 1114 4467 „Revue
1152 4397 1214 4451 de
1252 4395 1471 4450 l'Orient
1507 4397 1793 4455 chretien“,
1836 4395 1996 4465 1885,
2036 4412 2120 4467 pp.
2160 4396 2267 4449 260
2305 4398 2359 4450 et
2394 4394 2519 4449 278.

551 4475 596 4545 ⁴)
632 4475 695 4531 V.
735 4477 1062 4549 Maoaire‚
1100 4477 1369 4545 Histoire,
1406 4493 1454 4548 p.
1492 4479 1614 4533 354.
