3514 5391
792 517 857 578 ι11
890 517 1027 596 ιῖγοά
1058 521 1146 579 καὶ
1184 515 1400 598 μεγιῖλη
1441 517 1501 582 ε’,-
1556 517 1675 580 Fer.
1714 519 1778 580 V.
1817 521 1872 580 in
1910 518 2085 580 Coena
2122 518 2342 580 Domini.
2477 596 2483 604 η
2588 521 2692 580 ‘2⁶21'

439 723 630 812 igitur
675 741 873 790 coena
936 719 1000 791 in
1061 725 1363 791 honorem
1430 727 1667 810 primae
1728 716 2168 801 institutionis»,
2236 744 2395 808 quae
2443 729 2694 790 notante

442 845 490 889 S.
541 824 647 910 Gy
663 826 947 909 priano
996 825 1176 911 epist.
1226 827 1331 903 63,
1398 848 1440 886 a
1494 823 1742 889 Christo
1787 823 1972 908 facta
2020 835 2113 887 eet
2159 825 2331 887 circa
2374 845 2697 910 vesperam

443 924 602 1001 diei,
669 932 742 987 ut
786 924 941 988 hora
986 923 1133 1009 ipsa
1180 923 1478 1000 sacrificii
1525 922 1879 986 ostenderet
1926 944 2207 984 occasum
2269 933 2327 984 et
2371 943 2696 1008 vesperam

448 1021 671 1085 mundi
694 1022 766 1106 1).

622 1127 829 1193 Aliam
879 1128 1187 1194 rationem
1235 1130 1342 1194 dat
1388 1149 1437 1197 s,
1472 1129 1798 1214 Gregor.
1833 1127 1921 1193 M.
1969 1128 2123 1191 hom.
2159 1129 2265 1192 36.
2297 1128 2367 1190 in
2391 1125 2691 1214 Evanqel.

448 1226 531 1290 ita
574 1226 894 1291 scribens:
963 1227 1105 1291 Hoc
1152 1227 1501 1292 convivium
1548 1228 1675 1291 Dei
1729 1249 1861 1290 uon
1894 1225 2288 1313 prandium,
2345 1226 2458 1290 sed
2502 1249 2697 1290 coena

449 1336 724 1406 vocatur,
774 1327 928 1412 quia
962 1336 1118 1413 post
1152 1325 1509 1413 prandium
1555 1348 1751 1389 coena
1795 1335 2015 1404 restat,
2057 1334 2206 1411 post
2251 1346 2506 1387 coenam
2549 1346 2693 1387 vero

450 1425 794 1489 convivium
839 1422 1086 1489 nullum
1129 1435 1368 1504 φῶκαι,-
1415 1425 1565 1510 quia
1605 1434 1927 1488 aeternum
1952 1421 2080 1486 Dei
2123 1422 2470 1486 convivium
2514 1421 2706 1487 ‘nobis'

448 1522 516 1584 in
562 1533 841 1587 eaetremo
877 1523 1413 1610 praeparabitur,
1458 1532 1693 1585 rectum
1721 1520 1886 1607 fait,
1934 1531 2005 1584 ut
2031 1521 2141 1584 Ιιοσ
2170 1543 2298 1583 non
2319 1520 2694 1605 prandium,

458 1619 567 1683 sed
610 1641 807 1684 coena
850 1621 1279 1706 vocaretm·²).

623 1779 680 1834 Ὁ
715 1779 942 1840 δεῖπνος
978 1778 1009 1834 ὁ
1046 1780 1326 1851 μυστικάς.
1370 1812 1434 1819 -
1474 1781 1564 1835 De
1600 1795 1794 1852 azymo
1832 1782 1887 1834 et
1912 1781 2268 1851 fermentato.

625 1886 809 1947 Circa
845 1890 1127 1959 mysticam
1165 1904 1416 1954 coenam,
1466 1905 1636 1961 quam
1677 1889 1872 1946 altero
1923 1886 2051 1944 loco
2090 1885 2391 1944 celebrari
2439 1886 2695 1944 vidimus

448 1986 522 2027 ex
562 1969 1015 2027 annuntiatione
1053 1968 1226 2041 festi,
1282 1968 1674 2028 Callistus
1712 1967 1869 2026 Xan
1891 1967 2118 2041 topul·
2170 1967 2313 2024 duos
2362 1983 2597 2024 errores
2637 1967 2695 2024 in

444 2050 729 2108 hodierno
783 2054 848 2107 et
884 2049 1187 2123 sequentis
1224 2049 1418 2107 feriae
1458 2048 1782 2122 synaxario
1820 2048 2037 2106 tradit:
2089 2047 2150 2107 1⁰
2188 2045 2494 2106 Christum
2533 2053 2696 2105 ante·

450 2139 624 2204 cepto
660 2137 930 2203 tempore
970 2129 1213 2189 Pascha
1250 2131 1589 2189 celebrasse
1610 2128 1676 2201 ⁸),
1716 2128 2078 2202 eundemque
2115 2127 2178 2186 2⁰
2215 2144 2330 2186 non
2369 2127 2431 2186 in
2468 2144 2696 2201 azyme,

940 2223 955 2248 0

628 2301 669 2368 ¹)
710 2301 861 2370 Apud
898 2300 1049 2355 eund.
1087 2299 1232 2374 Patr.
1270 2300 1323 2366 1.,
1362 2306 1402 2354 t.
1439 2302 1492 2367 4,
1530 2316 1580 2369 p.
1619 2301 1741 2355 398.

624 2379 834 2449 ²)1bid.
873 2387 914 2435 t.
952 2381 1038 2448 76,
1078 2397 1128 2451 p.
1170 2382 1324 2436 1267.
1377 2410 1442 2420 —
1496 2380 1557 2434 In
1606 2381 1822 2435 eundem
1875 2381 2036 2434 ferme
2087 2395 2292 2434 sensum
2338 2379 2697 2451 Theophy·

441 2462 632 2516 lactu
650 2477 677 2514 s
715 2458 874 2515 solvit
908 2464 1293 2532 quaestionem,
1347 2479 1439 2517 cur
1474 2462 1713 2517 Christus
1751 2462 2055 2532 mysterium
2092 2461 2239 2529 regni
2278 2461 2535 2516 coelorum
2586 2463 2697 2517 sive

440 2542 734 2596 vocationis
769 2541 1029 2597 hominum
1066 2543 1131 2597 ad
1168 2559 1385 2612 regnum
1422 2542 1648 2598 coeleste
1685 2557 1883 2597 coenae
1919 2541 2208 2596 convivalis
2243 2540 2576 2597 similitudine
2612 2543 2697 2597 de-

444 2622 633 2691 pingat
670 2620 797 2676 Luc.
839 2623 923 2688 14,
964 2624 1057 2677 16:

550 2705 805 2756 Δεῐπνον
853 2703 1104 2758 ἐκάλεσεν
1162 2703 1260 2770 τὴν
1309 2708 1516 2757 οἰκονο-
1739 2704 1970 2759 Coenam
2007 2703 2298 2774 appellavit
2339 2706 2698 2761 oeconomiam

439 2787 582 2850 μίαν
630 2781 855 2848 ταύτην,
911 2784 1095 2850 emuli?
1154 2784 1212 2838 ἐν
1263 2784 1519 2854 ἐσχάτοις
1625 2785 1809 2851 istam,
1846 2784 2099 2855 quoniam
2135 2786 2401 2840 extremis
2449 2787 2698 2857 tempori-

437 2867 655 2934 καιροῖς
702 2866 795 2915 καὶ
844 2859 968 2917 οἷον
1018 2865 1106 2917 ἐπὶ
1141 2865 1383 2935 δυσμαῖς
1418 2870 1519 2918 τοῦ
1626 2865 1727 2920 bus
1776 2869 1830 2919 et
1864 2864 2029 2935 quasi
2073 2865 2173 2919 sab
2211 2880 2457 2921 occasum
2492 2868 2702 2922 saeculi

443 2946 646 3002 αἰῶνος
684 2941 857 3009 ἢλθεν
894 2940 925 2996 ὁ
963 2945 1188 3014 Κύριος.
1627 2947 1771 3000 venit
1786 2945 2073 3000 Dominus.
2132 2945 2304 3016 (Apud
2323 2946 2513 3016 Migne,
2551 2947 2697 3002 Patr.

1628 3043 1709 3095 gr.
1751 3040 1791 3080 t.
1830 3027 1952 3091 123,
1991 3042 2075 3096 pp.
2112 3026 2439 3095 935—936.)

622 3103 672 3173 ⁸)
712 3103 777 3158 Ὁ
811 3104 871 3157 δὲ
915 3104 1156 3176 Χριστός
1203 3105 1312 3175 πρὸ
1362 3110 1497 3176 μιᾶς
1546 3105 1748 3177 ἡμέρας
1797 3110 1961 3158 τοῦτο
2010 3107 2245 3172 ἐποίησε.
2334 3107 2418 3161 Ita
2453 3124 2695 3178 synaxar.

438 3200 667 3255 magnae
704 3185 871 3240 feriae
890 3185 985 3241 VI.
1024 3217 1090 3225 —
1130 3187 1380 3253 Quoniam
1419 3188 1576 3242 etiam
1614 3204 1678 3242 ex
1715 3187 1984 3242 catholicis
2021 3192 2159 3254 sunt,
2197 3188 2283 3258 qui
2315 3192 2515 3258 putent,
2553 3189 2696 3243 Chri·

440 3270 579 3319 stum
616 3266 897 3321 Paschatis
948 3267 1348 3321 celebrationem
1397 3283 1497 3321 uno
1533 3267 1615 3322 die
1661 3267 1976 3336 anticipasse
2029 3268 2144 3332 (cfr.
2183 3267 2225 3321 P
2240 3273 2410 3322 etav.
2449 3269 2696 3324 Doctrin.

443 3347 694 3416 tempor„
732 3347 769 3400 1.
808 3346 896 3414 12,
934 3363 981 3401 c.
1020 3347 1106 3414 16,
1156 3351 1212 3400 et
1249 3347 1301 3400 in
1336 3347 1481 3402 notis
1517 3346 1593 3401 ad
1625 3364 1671 3401 ε.
1711 3347 1985 3417 Eptjvhan.
2024 3346 2238 3401 advers.
2276 3347 2516 3415 haeres„
2565 3350 2601 3402 l.
2641 3349 2699 3415 2,

438 3423 660 3480 haeres.
701 3425 798 3493 51,
834 3442 890 3480 n.
927 3425 1041 3480 22:
1078 3426 1213 3497 apud
1249 3426 1439 3496 Migne,
1476 3426 1620 3482 Patr.
1658 3443 1738 3497 gr.
1778 3437 1819 3481 t.
1855 3428 1942 3494 42,
1981 3442 2065 3496 pp.
2103 3428 2429 3496 981—982),
2481 3428 2697 3484 Romani

444 3504 749 3573 Pontifices,
794 3522 986 3576 magna
1021 3506 1344 3577 indulgentia
1379 3508 1432 3562 in
1470 3507 1699 3563 Graecos
1736 3512 1797 3562 ut
1833 3512 1969 3574 sunt,
2019 3507 2138 3562 huic
2174 3508 2466 3562 sententiae
2504 3526 2569 3564 ex
2594 3511 2696 3564 edi-

440 3584 670 3641 tionibus
711 3586 986 3642 catholicis
1025 3588 1394 3658 expungendae
1432 3603 1533 3642 non
1568 3588 1891 3654 institerunt,
1930 3588 2198 3642 dummodo
2235 3593 2411 3643 tamen
2434 3591 2620 3658 probra
2646 3592 2698 3644 in

441 3683 749 3737 azymorum
785 3683 934 3722 usum
971 3670 1204 3739 conjecta
1241 3668 1418 3723 sedulo
1455 3667 1787 3723 delevissent.
1845 3667 1930 3723 Sic
1967 3669 2218 3722 editiones
2257 3669 2493 3738 (graeca)
2531 3669 2697 3724 Bono-

439 3747 634 3801 niensis
683 3747 809 3802 anni
849 3748 991 3803 1724
1045 3754 1100 3803 et
1138 3750 1395 3815 (rumena)
1437 3748 1844 3803 Balasfalvensis
1893 3747 2012 3802 anni
2051 3748 2193 3803 1817
2241 3747 2512 3817 vulgatum
2549 3749 2695 3804 Cal-

442 3826 598 3882 listi
638 3831 852 3882 textum
886 3828 964 3882 ita
1001 3834 1395 3897 repraesentare
1432 3832 1740 3898 potuerunt:

534 3915 673 3986 Ὅρα
725 3915 818 3983 δὲ,
875 3914 963 3967 ὅτι
1012 3914 1078 3968 οὕ
1128 3921 1292 3969 τοῦτο
1342 3912 1410 3982 ἢν
1460 3916 1523 3970 τό
1741 3918 1799 3972 Si
1848 3917 1998 3971 vedl:
2056 3921 2120 3972 ca
2172 3917 2292 3971 n’au
2347 3918 2487 3972 festu
2540 3933 2698 3972 aceea

442 3997 681 4065 νομικόν
732 3994 967 4064 Πάσχα·
1017 3995 1242 4055 δεῖπνος
1274 3998 1385 4067 γάρ
1434 4000 1524 4048 καὶ
1632 3998 1800 4053 Pasca
1830 3997 2170 4067 jidoveasca:
2205 4003 2457 4068 pentruca
2482 3998 2613 4064 cina,
2651 4004 2697 4051 sl

441 4078 610 4135 κλίσις
649 4079 748 4128 καὶ
776 4076 944 4145 ἄρτος
977 4078 1067 4128 καὶ
1092 4074 1285 4148 ὑγρόν,
1321 4078 1433 4131 ἐκεῖ
1464 4076 1523 4130 δὲ
1631 4077 1849 4144 siedere,
1907 4084 1954 4131 sl
1991 4093 2151 4147 pane,
2205 4085 2253 4133 sl
2289 4094 2388 4147 apa
2424 4093 2489 4131 au
2528 4078 2695 4143 fostu;

441 4155 623 4209 πάντα
660 4154 815 4209 ὀπταὶ
853 4158 989 4225 πυρὶ
1024 4160 1113 4208 καὶ
1148 4158 1349 4228 ἄζυμα,
1631 4163 1723 4212 era
1759 4158 1905 4213 aeolo
1930 4161 2042 4212 tote
2069 4158 2226 4228 fripte
2254 4174 2318 4228 pe
2345 4158 2477 4224 focu,
2516 4164 2563 4211 si
2584 4158 2698 4212 fora

1631 4238 1694 4294 de
1730 4239 1925 4293 aluatu.

619 4326 757 4381 Eam
787 4324 857 4380 ob
878 4341 1086 4381 causam
1106 4326 1307 4381 clericis
1326 4328 1805 4383 Munkacsiensibus
1831 4328 1882 4382 in
1907 4344 2106 4382 summa
2125 4328 2273 4382 laude
2294 4327 2577 4397 ponendum
2598 4333 2695 4391 est,

440 4408 575 4478 quod
612 4410 667 4463 in
706 4407 1085 4462 commentario
1122 4422 1277 4476 supra
1302 4409 1463 4461 citato
1489 4424 1537 4478 p.
1558 4409 1645 4473 98,
1682 4408 1886 4477 vulgari
1922 4408 2021 4462 hoc
2058 4423 2233 4461 errore
2269 4409 2480 4475 rejecto,
2519 4423 2695 4460 veram
2787 4450 2794 4458 .

442 4490 763 4543 sententiam
804 4490 951 4540 recte
989 4486 1191 4540 omnino
1229 4489 1580 4556 expresserint
1615 4488 1694 4542 his
1731 4489 1810 4541 usi
1847 4489 2020 4541 verbis
2059 4504 2107 4556 p.
2133 4489 2230 4541 65:
2272 4488 2365 4540 Ma
2392 4487 2442 4539 is
2465 4486 2566 4553 (ae
2594 4488 2696 4556 Ur)
