3514 5391
843 503 1093 574 Κυριακῆ
1129 507 1222 570 τῆς
1258 508 1488 574 τυρινῆς.
1531 504 1819 559 Dominica
1855 502 2336 575 Quinquagesimae.
2643 504 2714 561 63

935 618 1254 625 —-.-————-.-.
2404 618 2647 624 Q*—

439 708 625 768 cutus
674 704 765 769 sit
795 704 869 789 ¹),
920 703 1257 788 scriptores
1304 701 1710 769 ecclesiastici
1755 708 1967 768 tamen
2015 706 2263 786 postea,
2327 703 2709 789 singularum

446 802 795 866 stationum
847 802 1217 867 secretiores
1262 801 1534 867 rationes
1580 801 1947 877 scrutand0‚
2012 802 2307 884 mysticas
2355 821 2572 867 causas
2617 803 2713 866 in-

455 905 780 977 venerunt,
835 920 952 965 cur
995 899 1102 965 tali
1147 904 1429 984 tempore
1474 900 1535 963 in
1585 898 2017 965 determinatis
2050 899 2330 965 ecclesiis
2358 904 2711 985 agerentur.

460 999 628 1086 Lege
677 999 1031 1067 Durand.
1079 998 1186 1065 lib.
1238 998 1299 1076 6,
1350 1017 1402 1064 c.
1454 997 1560 1076 25,
1610 1018 1671 1062 n.
1720 998 1791 1075 4„
1834 997 1941 1063 ubi
1970 997 2274 1063 rationem
2305 999 2587 1064 stationis
2636 999 2713 1063 ad

465 1118 511 1162 S.
559 1098 975 1163 Laurentium
1020 1102 1194 1162 extra
1238 1116 1451 1161 muros
1498 1094 1831 1160 Dominica
1860 1093 2373 1180 Septuagesimae
2419 1096 2711 1165 declarat.

641 1213 1034 1280 Stationibus
1083 1234 1119 1279 a
1164 1233 1213 1278 s.
1267 1213 1572 1298 Gregorio
1619 1212 1918 1278 institutis
1966 1211 2173 1295 plures
2223 1212 2372 1277 alias
2421 1213 2712 1294 adjunxe-

465 1320 623 1393 runt,
673 1334 738 1380 v.
781 1334 844 1399 g.
896 1313 1173 1379 Litanias
1219 1312 1539 1379 triduanas
1589 1316 1730 1377 ante
1776 1311 2234 1377 Ascensionem
2282 1310 2553 1387 Domini,
2613 1331 2712 1375 so-

467 1410 692 1476 lemnia
750 1411 1028 1498 Virginis
1088 1410 1393 1495 Deiparae
1440 1409 1932 1488 PurificationiS‚
2001 1410 2527 1486 AnnuntiationiS,
2590 1410 2713 1474 As-

467 1509 838 1593 sumptionis
871 1514 936 1574 et
959 1509 1021 1574 N
1025 1509 1317 1574 atlvitatis
1347 1514 1410 1574 et
1434 1509 1603 1586 alias,
1654 1529 1810 1594 quas
1834 1461 2044 1575 videre
2071 1515 2166 1575 est
2191 1508 2352 1593 apud
2381 1509 2715 1591 scriptores

467 1628 672 1673 rerum
720 1607 1172 1713 liturgicarum.

642 1723 959 1790 Stationes
1019 1742 1184 1788 nunc
1246 1723 1640 1789 celebrantur
1686 1724 1806 1801 87,
1874 1724 2096 1790 diebus
2143 1723 2229 1788 83
2295 1744 2330 1788 a
2388 1723 2717 1789 Dominiea

468 1825 666 1908 prima
710 1824 1043 1889 Adventus
1087 1842 1287 1907 usque
1336 1824 1415 1888 ad
1450 1822 1797 1888 Sabbatum
1844 1826 1986 1887 ante
2015 1822 2406 1888 Dominicam
2442 1822 2550 1888 SS.
2579 1823 2713 1888 Tri-

468 1924 673 1988 nitatis
721 1943 867 1988 cum
917 1921 1119 1987 tribus
1164 1921 1337 1987 feriis
1384 1926 1650 2007 quatuor
1696 1925 2069 2006 temporum.
2164 1940 2169 1943 ·

640 2038 824 2121 Quod
872 2058 1171 2104 numerus
1218 2041 1551 2104 stationum
1603 2039 1863 2104 excedat
1909 2056 2236 2103 numerum
2287 2037 2547 2113 dierum,
2597 2037 2714 2102 mi-

471 2158 597 2202 rum
648 2137 846 2202 videri
895 2156 1020 2201 non
1067 2136 1274 2212 debet,
1324 2136 1376 2201 si
1424 2137 1835 2213 attendamus,
1880 2131 2198 2200 'nonnullis
2245 2135 2465 2200 diebus
2508 2134 2715 2217 plures

470 2237 764 2301 stationes
810 2236 875 2300 in
924 2233 1240 2320 Missali¹)
1289 2254 1426 2300 esse
1473 2235 1755 2300 tributas

640 2351 1076 2431 Numerantur
1140 2337 1349 2416 autem
1415 2349 1711 2415 ecclesiae
1778 2348 2187 2428 acutiam-lea,
2256 2369 2407 2433 quas
2473 2356 2712 2427 vocant.

469 2450 718 2514 omnino
768 2449 877 2527 44,
929 2450 993 2513 in
1042 2450 1268 2533 quibus
1316 2454 1579 2534 quatuor
1603 2449 1906 2515 Basilicae
1934 2447 2389 2514 Patriarchales
2419 2448 2711 2525 eminent,

468 2567 656 2631 quum
710 2547 770 2611 in
825 2547 1095 2613 Basilica
1139 2568 1188 2613 s,
1243 2547 1411 2614 Petri
1457 2549 1517 2613 in
1570 2548 1870 2613 Vaticano
1919 2547 2231 2619 stationes
2270 2546 2367 2612 13.
2427 2547 2486 2610 iu
2537 2547 2713 2612 Basi-

468 2645 582 2712 lica
628 2667 679 2711 a.
711 2645 953 2712 Mariae
979 2645 1239 2730 Majoris
1268 2646 1333 2711 in
1356 2645 1659 2731 Exquiliis
1696 2647 1798 2723 12,
1850 2646 1910 2711 in
1946 2644 2213 2711 Basilica
2242 2643 2641 2710 Lateranensi
2674 2646 2712 2710 8

467 2750 528 2810 et
569 2746 636 2810 in
685 2744 956 2809 Basilica
1004 2765 1054 2811 s.
1105 2745 1282 2810 Pauli
1333 2750 1506 2810 extra
1552 2766 1762 2810 muros
1809 2745 2004 2809 Urbis
2052 2745 2149 2809 via
2197 2743 2463 2807 Ostiensi
2512 2745 2553 2808 5
2605 2743 2714 2807 lia-

467 2843 751 2909 beantur.

639 2958 718 3024 In
765 2958 942 3023 Urbe
990 2978 1395 3043 unaquaeque
1444 2960 1705 3024 ecclesia
1753 2959 2097 3023 stationalis
2147 2958 2409 3022 vicinam
2445 2955 2709 3040 aliquam

466 3059 648 3124 aliam
700 3059 922 3124 aedem
971 3076 1209 3122 sacram
1277 3056 1568 3136 habebat,
1635 3058 1698 3122 in
1761 3077 1884 3141 qua
1945 3055 2206 3140 populus
2267 3055 2366 3120 die
2432 3056 2713 3120 stationis

467 3156 911 3242 colligebatur;
972 3155 1184 3239 ibique
1241 3155 1564 3221 dicebatur
1601 3153 1871 3218 collecta
1934 3174 2121 3238 super
2181 3154 2475 3238 populum
2528 3153 2711 3219 colle-

468 3259 655 3333 ctum,
726 3259 791 3320 et
838 3253 1061 3318 exinde
1121 3272 1339 3318 omnes
1400 3252 1584 3318 simul
1646 3252 2184 3337 processionaliter
2239 3253 2312 3317 ad
2365 3251 2710 3316 ecclesiam.

467 3354 526 3417 in
575 3374 702 3438 qua
747 3352 1124 3419 celebranda
1171 3357 1302 3417 erat
1332 3353 1533 3431 statie,
1585 3352 1931 3436 pergebant
1960 3350 2343 3433 solemnique
2377 3349 2710 3416 Missarum

468 3452 774 3517 sacrificio
823 3458 886 3516 et
933 3450 1213 3516 concioni
1261 3451 1617 3518 intererant.
1690 3449 1822 3515 Has
1869 3447 2162 3513 collectas
2194 3471 2384 3536 super
2405 3446 2716 3534 populum

451 3557 774 3634 memorat
841 3551 904 3614 in
967 3549 1124 3615 libro
1186 3550 1264 3612 de
1325 3547 1767 3613 ecclesiasticis
1830 3547 2369 3613 observationibus
2416 3545 2714 3611 Micro-
2770 3603 2777 3610 .

469 3649 705 3735 logus
768 3673 819 3713 c.
868 3647 1015 3731 3³),
1079 3648 1228 3712 dum
1278 3648 1393 3712 ait:
1457 3646 1616 3712 illae
1666 3650 1984 3711 orationes
2033 3642 2373 3731 specialius
2421 3641 2715 3708 collectae

468 3748 683 3812 vocari
726 3745 1039 3824 videntur,
1088 3770 1246 3832 quae
1292 3747 1472 3833 upucl
1517 3749 1839 3811 Romanos
1887 3769 2076 3833 super
2124 3744 2444 3809 collectam
2480 3741 2718 3829 popvli

453 3845 650 3928 fiunt,
718 3844 871 3909 dum
918 3841 1264 3930 colliyitur,
1329 3855 1399 3908 ut
1433 3844 1745 3932 procedat
1794 3845 1870 3907 cle
1915 3867 2047 3908 uua
2095 3842 2357 3906 ecclesia
2400 3842 2471 3904 in
2519 3842 2717 3906 aliam

473 3945 557 4007 ad
603 3945 956 4009 stationem.
976 3941 1390 4029 faciendam:
1434 3945 1601 4008 utin
1624 3944 1832 4029 capite
1841 3943 2084 4033 jejunii
2111 3939 2468 4005 illam-atio
2503 3938 2716 4016 „Gon-

847 4105 898 4112 -.—

652 4216 691 4280 ¹)
734 4210 847 4266 Cfr.
887 4208 1076 4265 Card.
1115 4209 1489 4279 Thomasii‚
1527 4217 1651 4265 tom.
1691 4211 1741 4277 7,
1780 4225 1831 4278 p.
1871 4211 1991 4276 188,
2030 4209 2153 4262 edit.
2192 4207 2336 4261 Rom.
2376 4206 2643 4260 an.1754.

642 4291 687 4358 ²)
729 4292 835 4346 Die
874 4291 1078 4345 Natalis
1115 4308 1162 4345 v.
1202 4307 1283 4362 gr.
1321 4297 1460 4359 tica,
1519 4292 1648 4347 feria
1687 4290 1749 4344 V.
1800 4293 1918 4359 post
1969 4289 2287 4342 Dominicam
2326 4286 2411 4339 IV.
2488 4285 2715 4350 Quadra·

463 4376 693 4440 gesimae
732 4372 870 4426 duae
907 4372 1157 4425 stationes
1195 4372 1340 4425 fiunt.

641 4455 687 4514 ⁸)
731 4451 888 4523 Apud
926 4451 1113 4520 Migne,
1151 4451 1295 4505 Patr.
1333 4453 1425 4506 lat.
1465 4458 1502 4506 t.
1541 4454 1662 4518 151,
1703 4468 1751 4521 p.
1791 4452 1912 4506 979.
