3514 5391
999 561 1364 616 Kalendarium
1401 562 1793 616 christianorum
1830 580 1869 615 s.
1910 561 2149 615 Thomas.
2586 564 2685 619 651

584 756 905 831 Diamper.
947 764 1063 816 act.
1099 758 1151 828 8,
1190 758 1416 818 decret.
1455 758 1533 827 9).
1594 758 2138 818 Animadverterat
2173 758 2218 818 J
2235 776 2325 817 os,
2365 759 2597 817 Indus
2621 758 2688 829 ¹):

587 836 898 908 „Primam
940 840 1094 897 diem
1145 838 1300 898 Julii
1351 840 1560 898 mirum
1613 840 1672 898 in
1725 840 1954 898 modum
1995 840 2334 899 custodiunt
2383 841 2443 898 in
2482 858 2691 899 memo-

581 918 748 977 riam
788 919 910 980 divi
948 918 1212 978 Thomae
1252 920 1564 979 christiani
1602 921 1836 993 pariter
1873 937 1945 979 ac
1982 920 2272 994 gentiles“
2295 919 2358 990 ²).

435 1025 495 1084 D
517 1026 588 1085 ie
631 1027 721 1087 18.
753 1027 813 1086 D
833 1028 1101 1086 ecemb.
1161 1027 1439 1099 „Festum
1469 1028 1698 1086 sudoris
1729 1029 1922 1087 crucis
1948 1029 2192 1102 gloriosi
2211 1028 2489 1103 Apostoli
2513 1028 2689 1087 Tho·

583 1124 730 1167 mae
780 1125 853 1167 ex
905 1109 1329 1167 consuetudine
1382 1109 1793 1182 episcopatus“
1859 1107 2103 1182 (synod.
2159 1108 2469 1182 Diamper.
2520 1110 2557 1166 l.
2600 1113 2687 1178 c.).

583 1188 694 1247 Al.
741 1188 1020 1253 „Festum
1059 1188 1333 1247 miraculi
1371 1188 1590 1262 lapidis
1630 1207 1674 1247 S.
1712 1188 1995 1263 Apostoli
2030 1188 2345 1248 Thomae“.

432 1292 726 1433 DieD·2·l.
765 1294 1111 1445 Deossm}
1192 1296 1468 1368 „Festum
1524 1297 1708 1369 ipsius
1763 1295 2041 1370 Apostoli
2091 1294 2389 1375 Thomaef‘
2448 1294 2690 1370 (synod.

654 1393 905 1449 iamper.
973 1422 983 1433 .
1026 1394 1112 1434 c..

442 1480 532 1551 ..O
556 1488 872 1543 ctavum
913 1483 1097 1543 diem
1137 1483 1489 1543 Paschae
1541 1501 1722 1558 supra
1761 1501 1985 1542 omnem
2025 1483 2422 1543 festivitatem
2461 1485 2690 1543 colunt:

585 1564 810 1637 quippe
850 1564 947 1635 qui
987 1563 1310 1635 affirmant,
1362 1582 1436 1623 ea
1473 1564 1570 1622 die
1608 1564 1807 1623 divum
1846 1563 2149 1635 nomam,
2198 1565 2365 1637 cujus
2403 1572 2542 1623 sunt
2578 1566 2689 1638 ipsi

583 1661 881 1717 perquam
918 1644 1167 1703 studiosi
1184 1644 1250 1717 ⁸),
1287 1645 1349 1704 in
1387 1646 1545 1704 latus
1572 1646 1763 1703 nostri
1799 1643 2142 1705 Servatoris
2167 1662 2400 1703 manum
2427 1646 2690 1719 posuisse

588 1726 1056 1799 cognovisseque
1096 1743 1208 1785 non
1249 1742 1379 1785 esse
1416 1724 1804 1800 phantasma“
1847 1725 1918 1797 (J
1932 1743 2021 1784 os.
2058 1726 2335 1796 Indus).

478 1905 593 1972 De
645 1907 1055 1974 rationibus
1102 1888 1278 1975 festi
1326 1907 1616 1975 sudoris
1665 1907 1902 1975 crucis
1948 1898 2260 1974 'rhomae
2292 1906 2644 1992 Apostoli.

633 2048 879 2103 Iuventio
916 2051 1095 2105 crucis
1130 2066 1273 2105 anno
1311 2050 1477 2108 1547.
1537 2049 1999 2122 „Aperieutibus
2028 2048 2476 2108 fundamentum
2504 2067 2691 2110 novae

439 2128 751 2187 ecclesiae
792 2129 1201 2189 aedificandae
1239 2131 1301 2188 in
1326 2137 1524 2189 monte
1564 2149 1606 2188 s.
1636 2129 1901 2189 'rhomae
1940 2146 2120 2204 prope
2147 2130 2554 2205 Meliaporam‚
2593 2132 2692 2190 ubi

444 2208 789 2282 Apostolus
828 2211 1184 2285 martyrium
1223 2212 1651 2272 consummavit
1666 2212 1739 2284 ⁴),
1796 2211 2094 2285 insculpta
2144 2212 2438 2284 quadrato
2488 2212 2695 2284 lapidi,

448 2290 809 2364 sanguineis
866 2297 930 2349 et
978 2292 1039 2350 in
1089 2292 1344 2365 speciem
1393 2292 1734 2351 recentibus
1789 2308 2106 2365 conspersa
2155 2293 2361 2365 guttiS‚
2419 2293 2698 2366 apparuit

637 2505 678 2571 ¹)
720 2507 825 2561 Cfr.
865 2507 1050 2562 Novus
1091 2507 1271 2572 Orbis,
1307 2507 1562 2575 Basileae,
1602 2508 1760 2578 1555,
1798 2523 1847 2576 p.
1886 2508 2007 2561 205.

638 2586 682 2654 ⁸)
721 2587 882 2642 Festa
919 2604 960 2641 s.
999 2584 1225 2642 'rhomae
1261 2588 1510 2659 hodieque
1562 2588 1852 2657 generatim
1904 2591 2049 2641 tanto
2101 2586 2322 2639 omnium
2361 2586 2589 2639 oniinum
2642 2592 2691 2638 et

444 2674 687 2724 aetatum
738 2684 987 2725 concursu
1038 2669 1390 2739 celebrantur,
1448 2674 1506 2723 ut
1544 2669 1624 2723 vel
1663 2669 1762 2739 ipsi
1800 2670 2153 2738 protestantes
2191 2666 2519 2737 Malabarici,
2577 2682 2692 2720 con-

446 2750 785 2819 querentibus
823 2767 998 2805 eorum
1035 2751 1388 2816 missionariis‚
1442 2756 1642 2820 partem
1680 2751 1732 2804 in
1771 2749 2021 2805 communi
2077 2747 2401 2802 solemnitate
2452 2746 2691 2800 habeant.

447 2831 560 2884 Cir.
606 2831 938 2900 „zeitschrift
976 2832 1059 2885 fiir
1095 2831 1238 2885 kat-h.
1277 2830 1609 2900 Theologie“‚
1649 2831 1805 2897 1896,
1844 2846 1893 2899 p.
1932 2830 2053 2885 609.

636 2908 681 2978 ⁸)
721 2911 962 2982 Ejusdem
1001 2911 1156 2965 studii
1188 2913 1297 2980 jam
1335 2912 1529 2966 duobus
1568 2912 1787 2966 saeculis
1825 2915 1946 2965 ante
1982 2911 2289 2966 meminerat
2334 2907 2695 2963 celeberrimus

449 2993 817 3061 peregrinator
853 2992 1117 3048 Marcus
1154 2991 1406 3046 Paulus
1447 2992 1688 3056 (Marco
1727 2992 1913 3056 Polo)
1954 2991 2005 3044 in
2042 2990 2309 3044 itinerario
2348 3006 2438 3043 suo
2477 2990 2605 3044 haec
2630 2990 2691 3043 de

448 3072 728 3128 Thomaeis
765 3077 981 3128 notans:
1039 3073 1128 3141 „In
1166 3073 1429 3142 provincia
1466 3073 1706 3140 Maabar,
1757 3088 1889 3143 quae
1928 3075 2010 3125 est
2045 3070 2189 3125 India
2226 3071 2407 3139 major,
2457 3075 2696 3123 servatur

451 3170 639 3224 corpus
676 3154 816 3208 beati
852 3153 1077 3208 Thomae
1115 3152 1366 3222 Apostoli,
1405 3154 1490 3223 qui
1530 3154 1580 3207 in
1618 3154 1707 3208 illa
1745 3153 2009 3223 provincia
2035 3169 2127 3222 pro
2157 3152 2363 3206 Christo
2392 3167 2576 3219 passus
2596 3155 2692 3204 est.

451 3233 684 3301 Quiescit
722 3241 894 3289 autem
931 3250 1117 3303 corpus
1155 3236 1265 3304 ejus
1303 3234 1355 3288 in
1392 3235 1604 3289 civitate
1641 3235 1859 3305 quadam
1896 3250 2076 3303 parva,
2116 3234 2199 3287 ubi
2236 3232 2383 3287 multi
2408 3235 2528 3285 sunt
2553 3231 2694 3285 Chri-

451 3315 610 3370 stiani
649 3321 703 3369 et
739 3315 1014 3382 Saraceni,
1066 3314 1237 3368 debito
1273 3315 1465 3370 honore
1505 3317 1671 3370 sancti
1708 3321 2021 3369 venerantes
2059 3329 2258 3383 corpus,
2299 3353 2312 3366 .
2353 3353 2366 3366 .
2406 3353 2419 3367 .
2494 3312 2694 3367 Incolae

452 3396 680 3464 regionis
717 3395 851 3450 illius
889 3395 1064 3450 dicunt
1107 3395 1408 3488 Apostolum
1445 3397 1748 3465 prophetam
1787 3411 2030 3462 maguum
2056 3395 2213 3448 fuisse
2252 3397 2541 3462 vocantque
2580 3409 2693 3446 eum

453 3476 764 3545 Acarijam,
817 3476 866 3530 h.
906 3492 968 3543 e.,
1026 3481 1259 3530 sanctum
1295 3477 1478 3530 virum.
1565 3476 1633 3529 Et
1684 3476 1965 3530 Christiani
2016 3491 2045 3528 a
2098 3475 2249 3568 longe
2298 3474 2591 3539 venienteS,
2643 3481 2695 3527 ct

455 3560 622 3611 sancti
659 3572 844 3626 corpus
880 3557 1173 3622 visitanteS,
1211 3561 1483 3625 asportant
1521 3573 1694 3612 secum
1732 3556 1796 3610 de
1834 3562 1975 3610 terra
2015 3556 2119 3616 illa.
2158 3556 2209 3609 in
2235 3572 2335 3626 qua
2371 3555 2453 3608 vir
2487 3558 2729 3608 sanctus·

456 3637 654 3691 occisus
692 3636 896 3706 dicitur,
950 3641 1005 3690 et
1041 3638 1102 3690 de
1142 3653 1204 3690 ea
1243 3637 1292 3690 in
1330 3642 1505 3706 potum
1543 3638 1702 3692 missa
1739 3638 1937 3692 faciunt
1973 3637 2199 3690 infirmos
2238 3637 2442 3704 bibere,
2496 3640 2548 3688 et
2587 3651 2693 3689 cre-

457 3717 582 3770 dunt
631 3717 748 3771 illos
800 3717 916 3773 hinc
965 3717 1149 3772 melius
1196 3717 1388 3771 habere
1444 3721 1598 3789 atque
1651 3735 1682 3772 a
1733 3718 1951 3771 diversis
2003 3717 2210 3772 liberari
2261 3715 2690 3770 infirmitatibus.⁴‘

461 3797 668 3860 (Novus
709 3798 889 3860 Orbis,
926 3798 960 3851 l.
998 3798 1050 3863 3.
1089 3813 1138 3866 p.
1177 3797 1322 3863 394.)

634 3878 680 3944 ⁴)
721 3877 799 3931 De
837 3878 1037 3931 ratione
1087 3877 1305 3932 nominis
1355 3878 1495 3933 urbis
1538 3877 1886 3942 Calaminae,
1938 3876 2034 3931 loci
2086 3876 2321 3946 martyrii
2371 3893 2412 3928 s·
2452 3874 2692 3938 Thomae,

457 3958 822 4014 animadvertit
857 3958 1119 4013 Raulin.
1197 3957 1425 4026 „Eadem
1464 3959 1648 4014 civitas
1687 3958 1905 4011 diversis
1932 3959 2246 4027 temporibus
2273 3975 2304 4011 a
2330 3956 2546 4010 diversis
2571 3973 2694 4025 gen-

457 4038 594 4091 tibus
629 4038 847 4091 diversis
891 4038 1052 4108 iisque
1090 4055 1302 4108 prorsus
1341 4038 1669 4093 dissimilibus
1707 4038 1992 4092 nominibus
2029 4038 2335 4106 insignitur:
2393 4036 2695 4090 Calamina.

461 4117 709 4172 Calliana
727 4158 743 4182 ,
793 4119 970 4184 Male,
1017 4119 1308 4190 Meliapor‚
1355 4120 1652 4190 ΜαΙὶαμον,
1703 4120 1976 4188 Mappura
2019 4118 2319 4186 Calempor,
2376 4117 2695 4186 Malempor.

457 4196 601 4267 Syris
641 4198 970 4252 Galamatha
1017 4207 1136 4254 sunt
1185 4199 1375 4266 colles,
1425 4200 1555 4253 unde
1598 4199 1881 4253 Calamina
1921 4199 2052 4252 idem
2091 4201 2232 4251 esset
2279 4214 2341 4252 ac
2378 4196 2518 4251 locus
2556 4197 2696 4251 urbis

458 4293 615 4347 supra
651 4282 872 4332 montem
911 4280 1171 4346 fundatae,
1210 4280 1331 4334 urbs
1367 4281 1420 4334 iu
1456 4281 1582 4336 colle
1622 4281 1738 4334 sita.
1815 4278 2003 4333 Omnes
2040 4278 2235 4348 antiqui
2261 4277 2440 4332 collem
2479 4282 2533 4330 et
2558 4294 2694 4331 mon-

457 4361 564 4410 tem
619 4362 862 4429 tanquam
916 4361 1170 4429 passionis
1219 4360 1444 4415 'rhomae
1510 4361 1676 4416 locum
1734 4360 2169 4429 designaverunt“
2237 4358 2480 4423 (Dissert.
2521 4358 2581 4424 2,
2634 4358 2694 4411 de

457 4436 683 4492 'rhomae
719 4438 899 4508 Apost.
937 4442 1206 4512 martyrio,
1245 4441 1533 4511 sepulchre,
1572 4447 1626 4494 et
1663 4440 2087 4494 translationibus
2125 4439 2370 4508 corporiS,
2419 4455 2469 4491 n.
2508 4439 2594 4503 33,
2648 4439 2697 4491 in

459 4517 674 4572 Hister.
712 4518 798 4573 cit.
836 4536 884 4589 p.
923 4522 1072 4589 362).
