3514 5391
820 519 891 576 ‘H
920 520 1058 592 α’γία
1092 513 1181 575 ’καὶ
1217 522 1432 593 μεγάλη
1470 521 1529 581 ε’.
1586 523 1704 580 Fer.
1743 524 1805 578 V.
1844 526 1898 579 in
1935 525 2108 581 Coena
2145 526 2365 581 Domini.

647 720 865 786 Multis
913 721 1050 786 aliis
1097 722 1450 788 nominibus
1498 728 1820 807 praeterea
1867 728 2122 789 vocatur
2185 729 2317 789 tum
2365 745 2505 809 spu(

476 820 644 895 dem,
710 840 866 904 quas
928 820 1228 897 diximuS,
1293 821 1576 886 nationes
1640 826 1771 886 tum
1838 823 2001 907 apud
2050 822 2201 887 alios
2251 823 2505 907 populos

478 918 663 983 latini.
767 918 867 984 Ita
927 917 1194 1002 exempli
1262 938 1451 984 causa
1510 939 1545 984 a
1602 920 2037 1007 maqnitudine
2102 926 2287 1005 atque
2355 942 2503 989 exce

478 1018 910 1102 mysteriorum
958 1021 1351 1101 nuncupatur
1398 1019 1562 1102 apud
1593 1018 2241 1085 Serbo-Groatas
2287 1020 2479 1085 veliki

477 1117 614 1196 tak;
680 1117 843 1200 apud
892 1115 1285 1212 Slovvenos
1348 1114 1467 1182 vel.
1517 1117 1819 1196 ceter-tem
1884 1119 2048 1201 apud
2104 1118 2452 1185 Polonos

475 1216 791 1293 czwartelc,
842 1214 1001 1298 apud
1053 1212 1601 1280 Gechoslavos
1647 1212 1828 1303 velky
1877 1217 2147 1296 &tm-tela
2194 1219 2354 1301 apud
2405 1219 2505 1284 Ht

475 1334 597 1378 ros
643 1336 814 1401 naqy
861 1312 1211 1391 centonem,-
1273 1333 1308 1377 a
1356 1316 1695 1377 sanctitate
1759 1312 1905 1378 huic
1952 1315 2155 1379 triduo
2205 1318 2483 1401 propria,

473 1410 731 1478 Italos
791 1410 1042 1499 yiovedi
1102 1421 1322 1491 samm·
1402 1412 1566 1495 apud
1628 1411 2041 1496 Hispanos
2107 1412 2166 1477 el
2208 1416 2431 1503 judoce
2495 1442 2505 1479 s

476 1511 633 1594 apud
681 1510 996 1597 Anglos
1043 1508 1188 1597 holy
1237 1508 1578 1597 thursday5
1626 1510 1788 1594 apud
1838 1510 2115 1576 Gallos
2147 1512 2339 1601 jeudi
2384 1514 2505 1576 saiw

476 1609 654 1673 etiam
705 1630 743 1674 a
788 1631 970 1673 sacro
1020 1607 1342 1695 lavipedio
1390 1608 1526 1672 dies
1572 1608 1868 1672 mandati
1913 1614 1975 1673 et
2005 1610 2392 1694 mandatum,
2446 1632 2505 1675 vt

474 1708 698 1772 mande
748 1713 810 1773 et
858 1706 916 1772 lc
961 1709 1197 1773 mande*
1217 1710 1296 1790 ¹),
1362 1709 1529 1774 unde
1576 1708 1816 1795 Angli
1861 1710 2141 1797 maundy
2190 1711 2494 1798 thursday

476 1813 749 1885 marunt3
800 1828 838 1872 a
883 1830 1072 1876 sacra
1117 1830 1312 1872 coena
1359 1809 1521 1892 apud
1551 1808 1955 1891 Hispanos
2002 1807 2295 1896 eljudves
2327 1809 2404 1873 de
2437 1809 2503 1874 la

477 1926 510 1969 a
542 1907 840 1992 puritate
902 1906 1364 1990 poenitentibus
1431 1906 1796 1974 solemniter
1854 1907 2169 1990 impertita
2229 1907 2392 1992 apud
2457 1908 2505 1972 D

474 2003 944 2089 skacrtorsdaq,
992 2004 1057 2069 h.
1108 2025 1183 2083 e.‚
1225 2028 1401 2091 pura
1429 2004 1620 2091 feria
1677 2004 1745 2070 V.

646 2144 843 2205 Plura
899 2146 1025 2205 alia
1080 2146 1206 2206 sive
1247 2146 1559 2205 doctrinae
1615 2146 1743 2205 sive
1784 2141 2140 2219 disciplinae
2194 2146 2397 2221 capita
2448 2162 2505 2204 at

475 2224 692 2284 feriam
730 2226 807 2286 V.
844 2227 906 2285 in
946 2226 1150 2285 Coena
1185 2226 1429 2285 Domini
1469 2227 1810 2300 spectantia
1850 2228 1926 2284 ab
1964 2227 2102 2284 aliis
2141 2242 2354 2285 sacrae
2382 2227 2505 2284 the<

474 2305 913 2379 professoribus
945 2308 1073 2380 jam
1114 2314 1253 2366 sunt
1288 2313 1759 2381 praeoccupata;
1800 2307 1887 2365 sic
1926 2308 2023 2380 qui
2061 2307 2373 2366 tradendis
2400 2309 2505 2365 inst

475 2387 644 2445 nibus
670 2385 1027 2459 dogmaticis
1050 2395 1188 2446 sunt
1209 2388 1534 2459 constituti,
1554 2388 1682 2446 late
1705 2388 2011 2461 explicant
2030 2388 2419 2443 institutionem
2439 2406 2505 2444 ss,

476 2466 672 2522 ristiae
710 2471 767 2522 et
799 2469 1068 2540 sacrificii
1101 2470 1314 2525 Missae
1335 2469 1411 2541 ¹);
1451 2468 1801 2527 moralistae
1841 2475 2020 2541 atque
2050 2469 2412 2542 interpretes
2451 2486 2505 2527 ss

477 2564 611 2606 num
663 2546 759 2616 (O.
798 2548 866 2603 In
905 2565 1070 2604 coena
1107 2550 1334 2604 Domini
1382 2551 1466 2608 17.
1505 2548 1666 2607 Dist.
1704 2550 1756 2607 2.
1813 2548 1884 2607 de
1936 2566 2089 2607 cons
2142 2550 2281 2620 etc.)
2338 2555 2505 2607 tract

464 2632 761 2700 praecepto
815 2630 1202 2685 communionis
1243 2630 1532 2702 paschalis
1546 2647 1570 2699 ,·
1623 2629 1910 2703 liturgiae
1962 2628 2238 2703 magistri
2286 2645 2505 2702 exponu

478 2710 671 2768 tiones
711 2711 1220 2770 caeremoniarum
1258 2712 1643 2767 denudationis
1679 2711 1961 2777 altarium,
1998 2711 2347 2781 repositionis
2383 2727 2505 2765 cons

478 2791 692 2847 hostiae
744 2799 853 2864 pro
905 2793 1175 2850 crastina
1212 2792 1463 2865 liturgia
1509 2796 1630 2846 τῶν·
1654 2794 2128 2861 προηγιασμένων,
2173 2791 2505 2861 processiom

484 2871 866 2945 archaeologi
923 2889 1029 2930 seu
1079 2873 1499 2946 antiquitatum
1559 2872 1831 2931 doctores
1882 2877 2070 2944 agunt
2124 2871 2191 2926 de
2239 2872 2505 2942 disctplim

481 2952 816 3018 chrismati-3,
854 2953 922 3006 de
957 2953 1194 3007 historia
1220 2953 1492 3024 pedilavii
1503 2970 1527 3021 ,·
1567 2953 1673 3011 alii
1712 2952 1863 3011 alios
1895 2953 2047 3010 ritus
2088 2951 2408 3024 attingunt.
2446 2982 2505 2990 —

486 3033 681 3093 omnia
715 3032 950 3105 plenius
990 3033 1305 3092 addiscere
1345 3033 1550 3092 aventi
1588 3034 1791 3104 libroS,
1841 3034 1939 3106 qui
1980 3032 2054 3090 ab
2094 3031 2306 3090 iisdem
2344 3031 2437 3088 his
2476 3048 2505 3089 e

485 3130 695 3186 magno
735 3130 976 3172 numero
1017 3113 1079 3171 in
1115 3115 1307 3172 lucem
1347 3121 1486 3172 sunt
1523 3113 1690 3178 editi,
1732 3113 2040 3172 consulere
2081 3129 2193 3186 per
2232 3128 2335 3170 nos
2374 3112 2505 3170 licei

482 3193 598 3266 ipsi
638 3193 717 3251 ad
756 3194 1050 3252 ulteriora
1084 3211 1485 3268 properamus·

672 3465 713 3533 ¹)
754 3466 1102 3532 Mandatum,
1149 3465 1365 3531 mande,
1416 3464 1631 3530 mande,
1685 3464 1975 3533 generatim
2013 3462 2323 3516 ablutionem
2359 3459 2505 3530 pedm

486 3564 601 3601 cum
638 3546 883 3617 adjuncta
931 3546 983 3599 in
1021 3561 1272 3615 pauperes
1310 3545 1644 3615 erogatione,
1695 3543 1869 3598 allatis
1908 3542 2154 3612 exemplis
2192 3540 2481 3595 ostenditur

485 3628 710 3683 editione
749 3625 1004 3681 Glossarii
1041 3625 1132 3680 lat.
1171 3625 1266 3680 Du
1304 3625 1530 3694 Gange
1569 3625 1662 3679 sub
1699 3624 1825 3694 ipsis
1861 3623 1941 3677 his
1979 3639 2093 3689 vv.,
2150 3626 2190 3675 t.
2229 3622 2279 3674 4.
2321 3638 2367 3691 p.
2409 3622 2505 3675 223

485 3724 613 3761 vero
647 3707 798 3762 hodie
837 3706 1017 3760 multis
1068 3708 1120 3760 in
1157 3706 1282 3760 locis
1320 3705 1467 3775 panis
1506 3705 1665 3759 albus
1701 3703 2130 3768 distribuebatur,
2187 3702 2300 3771 ipsa
2336 3701 2466 3755 haec
2502 3718 2505 3752 1

486 3789 647 3842 etiam
684 3787 833 3853 alba,
856 3786 1027 3856 jeudi
1062 3786 1235 3852 blanc,
1270 3786 1678 3855 nuncupabatur.
1751 3783 1878 3853 Ejus
1928 3782 2149 3836 nominis
2202 3782 2456 3835 rationem
2494 3797 2505 3834 ε

486 3868 615 3923 dine
650 3868 895 3933 vestium,
949 3868 1130 3937 quibus
1169 3866 1464 3921 sacerdotes
1503 3865 1651 3919 hodie
1689 3864 1765 3918 uti
1804 3862 2000 3928 scribit,
2053 3863 2292 3931 imperite
2329 3861 2505 3916 deduci

485 3951 601 4005 lun
616 3967 653 4020 g
668 3992 681 4016 ‚
737 3948 1085 4004 worterbuch
1124 3965 1172 4002 v.
1215 3946 1721 4017 Grundonnerstaq.

670 4029 715 4098 ¹)
769 4030 850 4084 De
900 4028 1078 4083 eodem
1126 4028 1224 4083 boc
1275 4031 1581 4097 argumento
1631 4026 1796 4096 legito
1848 4040 1950 4079 non
1999 4024 2110 4078 sine
2162 4022 2310 4077 laude
2360 4037 2505 4075 mem«

489 4112 798 4178 articulum,
851 4124 1003 4179 quem
1042 4108 1103 4166 cl.
1143 4108 1207 4162 D.
1245 4107 1521 4162 Bickell
1575 4108 1627 4160 in
1664 4107 1812 4160 Actis
1850 4103 2156 4173 theologicis
2195 4102 2505 4171 Oenipontat

487 4191 695 4262 schrift
719 4193 834 4261 sur
873 4188 1075 4243 kathoi.
1119 4187 1402 4257 Theoloqie
1442 4188 1610 4253 1880,
1662 4203 1744 4256 pp.
1783 4187 1855 4240 90
1890 4200 2033 4254 seqq.
2083 4182 2243 4237 edidit
2292 4182 2505 4251 praefixe

488 4272 597 4329 Dte
622 4269 980 4340 Eut-stellano
1015 4267 1117 4322 der
1153 4267 1410 4342 Lituryie
1447 4283 1550 4320 aus
1586 4267 1688 4323 der
1725 4261 2262 4338 Einseteunqsfeier.
2333 4330 2337 4335 q
