3514 5391
1078 528 1389 583 Solemnitas
1427 528 1671 597 Corporis
1710 528 1924 582 Christi.
2057 596 2063 599 -
2516 530 2618 585 471

382 725 649 797 largitas,
687 742 862 798 quum
899 724 1115 783 tribuit
1152 725 1280 798 quis
1319 724 1576 797 seipsum
1596 722 1659 795 ¹).
1715 723 1909 783 Dedit
1934 725 2120 798 igitur
2147 727 2316 784 nobis
2342 726 2622 798 seipsum

384 806 443 863 in
478 806 776 879 pabulum.
813 812 898 873 ut,
937 806 1077 879 quia
1112 823 1222 878 per
1260 811 1507 865 mortem
1545 806 1713 863 homo
1753 812 2064 865 corruerat
2079 805 2143 878 ²),
2185 813 2247 865 et
2283 823 2391 879 per
2430 807 2622 864 cibum

381 886 504 959 ipse
542 888 929 946 relevaretur
981 887 1059 945 ad
1095 886 1313 946 vitam:
1372 886 1591 944 cecidit
1625 885 1798 944 homo
1847 902 1957 959 per
1994 887 2186 945 cibum
2226 887 2376 959 ligni
2422 887 2622 945 morti·

377 965 587 1039 ferum,
639 969 950 1027 relevatus
999 973 1093 1026 est
1141 968 1310 1026 homo
1356 983 1466 1040 per
1516 967 1709 1025 cibum
1757 967 1909 1040 ligni
1959 966 2181 1026 vitalis.
2267 967 2341 1025 In
2381 968 2485 1026 illo
2523 985 2622 1040 pe-

374 1048 584 1121 pendit
622 1065 764 1107 esca
801 1049 1026 1112 mortis,
1066 1049 1126 1107 in
1163 1048 1279 1107 isto
1316 1047 1602 1122 pependit
1638 1047 1804 1105 vitae
1843 1048 2207 1106 alimentum.
2280 1048 2457 1106 Illius
2485 1065 2620 1107 esus

376 1130 598 1187 meruit
635 1130 981 1202 laesionem,
1021 1130 1193 1188 istius
1218 1133 1428 1201 gustus
1454 1127 1661 1186 intulit
1686 1127 2039 1198 sanitatem:
2078 1134 2284 1201 gustus
2321 1129 2623 1187 sauciavit

374 1216 437 1266 et
471 1216 689 1282 gustus
727 1211 985 1269 sanavit.
1061 1209 1234 1280 Vide,
1291 1209 1428 1282 quia
1463 1209 1619 1266 unde
1658 1209 1872 1279 vulnus
1910 1214 2004 1266 est
2040 1216 2249 1278 ortum,
2300 1210 2524 1282 prodiit
2560 1218 2624 1268 et

373 1289 647 1348 medela:
689 1297 753 1349 et
788 1290 942 1350 unde
980 1307 1138 1348 mors
1164 1290 1363 1362 subiit,
1403 1289 1615 1347 exinde
1643 1288 1775 1347 vita
1800 1289 2017 1348 evenit.
2075 1289 2171 1347 De
2200 1291 2307 1348 illo
2333 1289 2620 1363 siquidem

368 1376 546 1442 gustu
593 1371 840 1430 dicitur:
880 1371 1245 1446 quacunque
1284 1369 1380 1428 die
1425 1369 1773 1435 comederis,
1814 1376 2001 1428 morte
2039 1372 2327 1429 morieriS.
2383 1370 2480 1429 De
2505 1370 2621 1429 isto

370 1463 511 1509 vero
552 1451 814 1524 legitur:
866 1450 932 1510 Si
970 1451 1098 1525 quis
1138 1451 1466 1510 comederit
1503 1467 1576 1509 ex
1611 1450 1722 1508 hoc
1759 1466 1934 1524 pane,
1983 1451 2153 1511 vivet
2191 1452 2251 1509 in
2291 1457 2619 1510 aeternum.

368 1532 490 1592 Hic
531 1528 639 1591 est
677 1534 861 1605 cibuS,
898 1534 996 1607 qui
1034 1534 1209 1607 plene
1247 1531 1461 1602 reficit,
1499 1549 1641 1591 vere
1670 1533 1863 1590 nutrit
1894 1549 2230 1605 summeque
2258 1530 2618 1604 impinguat:

368 1628 481 1670 non
522 1630 744 1687 corpus
783 1614 890 1673 sed
927 1631 1043 1677 cor,
1095 1631 1210 1672 non
1249 1630 1487 1672 carnem
1540 1612 1647 1671 sed
1686 1613 1971 1683 animam,
2031 1629 2145 1671 non
2193 1618 2462 1671 ventrem
2514 1612 2620 1671 sed

366 1699 656 1753 mentem.
718 1695 964 1754 Homini
990 1711 1148 1766 ergo,
1187 1694 1287 1767 qui
1313 1694 1615 1768 spirituali
1642 1693 1927 1752 alimonia
1954 1692 2278 1766 indigebat,
2336 1690 2621 1750 Salvator

365 1774 492 1848 ipse
535 1774 885 1834 misericors
937 1775 1010 1833 de
1047 1775 1329 1835 nobiliori
1387 1782 1449 1833 et
1494 1774 1816 1847 potentiori
1867 1773 2045 1846 hujus
2083 1772 2285 1830 mundi
2336 1772 2619 1831 alimento

364 1872 472 1929 pro
513 1856 765 1916 animae
802 1854 1133 1916 refectione
1171 1855 1273 1929 pia
1311 1853 1698 1928 dispositione
1734 1853 2015 1927 providit.
2099 1852 2343 1912 Decens
2393 1868 2617 1925 quoque

364 1936 724 1997 liberalitas
764 1936 968 1996 extitit
1004 1943 1066 1997 et
1104 1936 1462 1997 conveniens
1499 1935 1769 2009 operatio
1807 1935 2070 2008 pietatiS,
2108 1939 2176 1992 ut
2213 1933 2475 1993 Verbum
2498 1932 2626 1992 Dei

367 2022 711 2088 aeternum,
748 2017 901 2090 quod
936 2018 1313 2087 rationabilis
1341 2021 1660 2077 creaturae
1689 2015 1855 2074 cibus
1882 2021 1976 2073 est
1999 2022 2063 2073 et
2087 2012 2357 2081 refectio,
2381 2012 2620 2072 ,factum

365 2114 524 2168 caro,
566 2114 641 2159 se
670 2098 1018 2158 rationabili
1047 2104 1367 2158 creaturae
1400 2098 1567 2156 carni
1606 2102 1669 2155 et
1695 2095 1945 2169 corpori,
1982 2095 2201 2154 homini
2238 2093 2526 2153 videlicet
2561 2095 2618 2152 in

366 2177 639 2245 edulium
660 2180 1037 2251 largiretur:
1078 2195 1289 2252 panem
1319 2178 1475 2237 enim
1503 2177 1873 2249 Angelorum
1913 2175 2298 2234 manducavit
2333 2174 2625 2237 homa-et

368 2258 511 2317 ideo
543 2257 844 2318 Salvator
884 2259 1002 2317 ait:
1061 2275 1217 2318 caro·
1239 2275 1374 2317 mea
1411 2275 1555 2317 vere
1594 2263 1687 2317 est
1725 2257 1909 2316 cibus.
1983 2256 2106 2315 Hic
2142 2257 2313 2330 panis
2352 2256 2620 2329 sumitur,

365 2340 470 2398 sed
497 2356 655 2399 vere
681 2357 798 2399 non
823 2341 1214 2400 consumitur:
1254 2339 1665 2409 manducatur,
1703 2338 1810 2396 sed
1838 2355 1951 2395 non
1976 2342 2445 2395 transmutatur:
2484 2337 2622 2409 quia

365 2420 427 2478 in
465 2420 757 2479 edentem
796 2420 1035 2479 minime
1072 2418 1539 2478 transformatur
1558 2418 1635 2491 ⁸),
1687 2419 1793 2477 sed
1832 2419 1882 2476 si
1922 2419 2097 2491 digne
2136 2418 2453 2491 recipitur,
2506 2418 2618 2476 sibi

363 2501 676 2575 recipiens
716 2499 1136 2560 coniormatur.
1212 2500 1264 2560 Ο
1304 2500 1868 2560 excellentissimum
1907 2500 2371 2557 sacramentum!
2427 2497 2479 2557 Ο
2519 2500 2620 2558 ad-

364 2581 681 2653 orandum,
718 2579 1142 2652 venerandum,
1181 2580 1505 2652 colendum,
1530 2578 2000 2652 glorificandum,
2026 2579 2367 2651 praecipuis
2394 2580 2619 2651 magni·

364 2661 670 2722 ficandum
713 2662 1009 2734 laudibuS‚
1048 2661 1244 2735 dignis
1268 2660 1607 2736 praeconiis
1635 2660 2038 2731 exaltandum,
2078 2658 2304 2718 cunctis
2333 2659 2622 2718 honoran-

367 2742 503 2802 dum
545 2743 789 2814 studiiS,
828 2743 1059 2802 devotis
1096 2742 1565 2818 prosequendum
1603 2742 1903 2814 obsequiis
1943 2746 2007 2798 et
2042 2739 2295 2798 sinceris
2324 2740 2620 2799 mentibus

367 2824 785 2883 retinendum!
870 2823 923 2883 O
962 2825 1304 2882 memoriale
1342 2824 1772 2882 nobilissimum
1824 2822 2047 2880 intimis
2098 2821 2618 2880 commendandum

367 2904 766 2978 praecordiis,
803 2905 1059 2963 firmiter
1097 2903 1292 2962 animo
1331 2904 1717 2975 alligandum,
1757 2903 2084 2974 diligenter
2107 2902 2530 2962 reservandum
2560 2902 2620 2960 in

369 2984 568 3042 cordis
607 2991 784 3042 utero
823 2991 887 3043 et
924 2985 1330 3056 meditatione,
1371 3000 1443 3042 ac
1482 2983 1888 3043 celebratione
1927 2982 2138 3041 sedula
2173 2983 2620 3041 recensendum.

366 3064 573 3138 Hujus
626 3065 994 3124 memorialis
1045 3065 1383 3123 continuam
1433 3065 1713 3123 debemus
1768 3063 2079 3122 celebrare
2133 3064 2499 3135 memoriam,
2553 3070 2621 3122 ut

369 3145 553 3212 illius„
598 3146 773 3218 quus
811 3147 1003 3220 ipsum
1038 3139 1169 3204 fore
1211 3146 1556 3204 memoriale
1596 3145 2014 3218 cognoscimus,
2057 3159 2298 3216 semper
2334 3160 2620 3202 memores

369 3226 737 3284 existamus:
793 3227 934 3298 quia
986 3225 1153 3298 quus
1205 3225 1415 3283 donum
1475 3226 1572 3284 vel
1626 3241 1834 3283 munus
1888 3222 2260 3297 frequentius
2313 3225 2619 3298 aspicitur,

368 3306 545 3379 huJus
596 3306 885 3364 memoria
936 3306 1203 3365 strictius
1252 3306 1564 3365 retinetur.
1647 3305 1828 3363 Licet
1881 3304 2068 3376 igitur
2117 3305 2228 3362 hoc
2277 3306 2619 3363 memoriale

368 3390 817 3444 sacramentum
871 3388 933 3444 in
991 3386 1350 3458 quotidianis
1403 3387 1711 3445 missarum
1770 3385 2070 3442 solemniis
2119 3383 2539 3457 frequentetur
2554 3385 2619 3457 ⁴),

371 3467 738 3527 conveniens
776 3471 980 3525 tamen
1020 3467 1402 3538 arbitramur,
1442 3475 1505 3524 et
1542 3466 1799 3538 dignum,
1836 3472 1905 3522 ut
1942 3465 2015 3522 de
2040 3466 2168 3538 ipso
2194 3467 2380 3524 semel
2406 3467 2617 3524 saltem

372 3548 431 3604 in
471 3564 662 3619 anno,
714 3547 791 3605 ad
828 3546 1304 3607 confundendam
1321 3547 1369 3618 ⁶)
1420 3547 1771 3621 specialiter
1820 3547 2254 3604 haereticorum
2305 3545 2620 3619 perfidiam

370 3633 436 3686 et
475 3628 794 3699 insaniam,
848 3628 1133 3686 memoria
1185 3627 1500 3686 solemnior
1557 3634 1620 3685 et
1671 3626 1968 3684 celebrior
2015 3626 2326 3685 habeatur.
2411 3628 2484 3685 In
2524 3628 2619 3685 die

568 3775 610 3840 ¹)
650 3770 806 3838 Nota,
847 3772 1012 3843 inquit
1047 3773 1157 3842 gl.,
1195 3788 1288 3842 pro
1326 3772 1598 3841 theologiS,
1637 3772 1723 3841 qui
1760 3775 1955 3837 tenent,
1994 3771 2126 3840 quod
2152 3771 2287 3825 idem
2323 3787 2449 3840 opus
2474 3773 2623 3826 meri-

371 3854 564 3907 torium
603 3852 910 3908 laudabilius
948 3859 1031 3907 est
1066 3854 1118 3907 in
1155 3857 1375 3907 vovente
1411 3853 1494 3906 vel
1532 3852 1783 3922 professo,
1822 3866 1973 3921 quam
2012 3851 2064 3904 in
2100 3852 2231 3918 alio;
2271 3853 2391 3921 quia
2427 3868 2620 3906 vovens

372 3934 488 4003 plus
530 3933 641 4000 dat,
681 3949 835 4002 quum
860 3931 957 3987 ‘det
995 3933 1217 3987 fructum
1255 3937 1311 3987 et
1351 3933 1603 4000 arborem,
1641 3932 1773 3986 alius
1812 3947 1934 3984 vero
1974 3930 2064 3984 det
2101 3931 2264 3986 solum
2303 3933 2540 3986 fructum.

560 4012 607 4080 ²)
649 4012 781 4079 Quia
818 4029 912 4082 per
948 4013 1115 4068 cibum
1153 4013 1204 4066 in
1239 4017 1460 4067 mortem
1496 4014 1646 4067 homo
1683 4015 1967 4066 corruerat.
2043 4010 2124 4065 Ita
2161 4011 2246 4079 gl.

559 4092 607 4158 ²)
649 4094 775 4148 Can.
813 4094 938 4148 Non
975 4093 1080 4147 iste
1115 4094 1201 4148 56.
1239 4093 1411 4148 Dist.
1450 4094 1500 4147 2.
1540 4094 1602 4146 de
1640 4093 1830 4147 Cous,

559 4174 607 4240 ⁴)
650 4174 778 4229 Gan.
817 4172 1067 4228 Iteratur
1102 4176 1189 4230 71.
1227 4174 1399 4232 Dist.
1439 4174 1554 4228 cit.

557 4254 605 4320 ⁶)
646 4254 1078 4308 Animadvertunt
1126 4255 1439 4324 interpretes
1490 4253 1554 4307 ad
1605 4253 1656 4306 h.
1708 4253 1773 4318 l.,
1829 4267 1930 4306 non
1978 4251 2138 4305 multo
2189 4255 2308 4304 ante
2361 4250 2621 4305 Urbanum

374 4333 476 4387 ΡΡ.
516 4333 609 4388 IV.
667 4335 1185 4388 sacramentariorum
1234 4333 1490 4388 haeresim
1527 4337 1763 4386 exortam
1817 4332 1974 4385 fuisse
2025 4335 2235 4387 auctore
2286 4330 2620 4398 Berengario,

374 4429 595 4484 eamque
635 4413 745 4467 fere
784 4417 896 4467 toto
932 4413 1018 4467 illo
1054 4418 1284 4483 tempore
1321 4412 1766 4478 PetrobrusianoS,
1819 4411 2171 4476 HenricianoS,
2223 4410 2530 4465 Waldenses
2567 4415 2623 4466 et

379 4494 693 4568 Albigenses
732 4491 1007 4550 defendere
1046 4497 1099 4550 et
1136 4493 1471 4550 disseminare
1509 4493 1787 4549 studuisse.
