3514 5391
875 525 979 580 126
1514 522 1674 577 Festa
1710 523 1919 578 mobilia
1957 524 2007 576 in
2045 520 2467 592 Quadragesima.

872 722 1324 807 subsequentes
1386 722 1677 799 sabbata,
1747 721 2134 787 solemnibus
2197 718 2560 787 clericorum
2629 719 3105 785 ordinationibus

872 823 1187 907 deputata,
1259 832 1558 885 vacantes
1607 819 1949 905 appellatos
1998 840 2157 898 esse,
2226 819 2323 885 vel
2385 810 2554 904 quod
2616 838 2759 884 cum
2820 817 3104 883 traductis

873 920 1363 986 ordinationibus
1410 920 1474 986 in
1520 915 1687 985 diem
1735 918 1979 996 sabbati
2042 939 2151 1004 pro
2199 920 2300 985 die
2346 918 2657 984 dominico
2705 922 2902 983 totum
2961 935 3102 1001 quo-

872 1039 994 1102 que
1042 1019 1318 1085 officium
1384 1039 1526 1085 cum
1572 1018 1773 1084 Missa
1831 1017 2201 1083 translatum
2249 1017 2435 1083 suerit
2479 1017 2541 1081 in
2592 1015 2953 1092 sabbatum,
3016 1012 3101 1079 vel

871 1119 1034 1202 quod
1084 1125 1337 1203 propter
1383 1117 1656 1182 officium
1706 1120 2084 1181 nocturnum
2131 1115 2535 1182 ordinationis
2583 1135 2780 1209 usque
2827 1115 2887 1179 in
2936 1132 3104 1178 mane

869 1221 1231 1301 protensum
1279 1217 1528 1301 proprio
1575 1215 1805 1281 missae
1853 1215 2059 1280 officio
2107 1215 2340 1280 fuerint
2384 1215 2426 1278 ii
2460 1214 2593 1279 dies
2622 1218 2908 1298 expertes
2932 1213 3002 1296 ¹),
3046 1212 3103 1277 id

869 1335 1084 1404 verum
1133 1335 1271 1381 esse
1319 1335 1442 1379 non
1491 1314 1848 1379 existimant
1895 1311 2341 1379 Ballerinii
2387 1312 2450 1377 in
2499 1311 2806 1380 Annotat.
2858 1310 2944 1375 ad
2987 1310 3103 1396 epi-

867 1411 1095 1478 stolam
1141 1437 1192 1480 s.
1241 1412 1470 1477 Leonis
1516 1413 1607 1478 M.
1658 1412 1746 1478 ad
1798 1413 2170 1492 Dioscorum
2201 1408 2717 1476 Alexandrinum
2736 1411 2812 1495 ²).
2876 1408 3103 1475 Ide-irco

870 1513 1073 1597 potius
1120 1512 1320 1577 dictos
1368 1531 1506 1577 esse
1551 1533 1781 1575 vacare
1828 1514 2124 1589 statuunt,
2176 1511 2339 1594 quod
2388 1509 2591 1576 solum
2635 1510 2915 1576 officium
2944 1507 3102 1573 labo-

779 1672 782 1677 .
867 1610 1091 1676 riosius
1140 1616 1359 1676 cantus
1407 1609 1908 1696 antiphonarum,
1959 1613 2515 1695 responsoriorum,
2566 1630 2691 1676 non
2739 1614 2947 1675 autem
2975 1608 3103 1673 offi-

868 1709 1029 1773 cium
1080 1708 1331 1787 Missae,
1380 1709 1569 1775 fuerit
1614 1711 1937 1788 omissum,
1987 1730 2061 1775 ea
2104 1709 2266 1776 forte
2311 1711 2390 1775 de
2438 1730 2644 1788 causa.
2702 1715 2777 1775 ut
2822 1708 3106 1774 ministris

868 1818 1096 1892 magno
1145 1805 1356 1873 labore
1413 1814 1480 1875 et
1525 1809 1841 1893 prolixiori
1891 1814 2073 1874 cantu
2122 1809 2585 1875 ordinationum
2630 1808 2854 1874 laxatis
2902 1826 3102 1892 parce-

864 1911 1054 1971 retur.
1122 1906 1203 1971 Et
1249 1927 1467 1973 revera
1501 1904 1563 1972 in
1598 1929 1714 1975 ms,
1752 1908 2139 1994 Gregoriano
2173 1906 2668 1974 Sacramentario
2699 1906 3105 1973 Ottoboniano

866 2005 1027 2088 apud
1087 2004 1518 2084 Muratorium,
1589 2006 1765 2091 quod'
1821 2006 2102 2071 omnium
2168 2006 2669 2090 antiquissimum
2738 2010 2855 2084 est,
2924 2024 3104 2089 quum

866 2102 1155 2168 omnibus
1211 2103 1431 2169 diebus
1490 2103 1818 2170 dominicis
1881 2124 1992 2189 per
2039 2125 2269 2189 annum
2320 2104 2671 2170 indicentur
2718 2102 3105 2189 antiphonae.

866 2202 1275 2286 responsoria,
1325 2201 1707 2268 offertorium
1755 2209 1819 2268 et
1866 2205 2241 2280 communiO,
2292 2223 2451 2287 quae
2486 2225 2539 2268 *a
2582 2202 2775 2268 choro
2805 2202 3104 2268 caneban-

866 2306 985 2377 tur,
1036 2299 1236 2365 solum
1285 2302 1345 2365 in
1396 2307 1660 2385 quatuor
1707 2302 2054 2367 Dominicis
2101 2301 2627 2386 subsequentibus
2674 2301 2942 2366 sabbata
2969 2319 3107 2384 qua-

873 2406 1012 2462 tuor
1058 2403 1408 2483 temporum
1460 2400 1614 2465 haec
1663 2401 1871 2465 omnia
1917 2400 2345 2465 desiderantur
2369 2399 2438 2484 3)

1045 2505 1133 2570 Ut
1179 2506 1241 2571 in
1281 2504 1529 2572 Oroatia
1574 2512 1635 2571 et
1664 2506 1885 2572 Serbia
1930 2507 2322 2591 praecedenti
2360 2507 2690 2573 Dominica
2720 2506 2909 2593 vulgo
2946 2505 3103 2572 Necl.

857 2605 1114 2690 pat-ista
1158 2605 1403 2684 dicitur,
1452 2606 1538 2670 ita
1584 2607 1645 2671 in
1696 2607 1966 2689 antiquis
1997 2605 2391 2675 Kalendariis
2418 2591 2658 2692 gallicis
2704 2608 2897 2672 modo
2926 2608 3100 2671 Dom

853 2713 1004 2788 post
1031 2702 1225 2790 focos
1270 2703 1364 2770 vel
1412 2706 1607 2790 iquos,
1658 2707 1843 2771 modo
1892 2704 2293 2770 bohordicum
2340 2704 2680 2770 secumdum
2724 2711 2998 2772 vocatur.

1036 2811 1352 2877 Hodierna
1399 2815 1590 2878 statio
1640 2812 1729 2877 ad
1773 2834 1824 2879 s.
1877 2813 2160 2876 Mariam
2219 2814 2291 2877 in
2338 2813 2652 2877 Domnica
2712 2832 2825 2879 seu
2872 2815 2944 2878 in
2994 2809 3097 2899 Cy·

859 2909 1038 2974 riaca
1059 2910 1115 2993 ⁴)
1162 2912 1496 2976 maximam
1546 2912 1968 2977 celebritatem
2010 2917 2105 2977 est
2137 2915 2469 2976 consecuta
2503 2932 2538 2975 a
2567 2932 2616 2979 s,
2644 2912 3097 2978 Archidiacono

861 3008 1214 3085 Laurenti0‚
1266 3011 1370 3093 qui
1417 3011 1480 3074 in
1529 3012 1745 3075 eadem
1796 3011 1949 3075 aede
1996 3011 2292 3088 serviens,
2340 3012 2413 3075 in
2456 3012 3100 3076 numerosissimos-am

847 3129 1209 3194 pauperum
1266 3109 1434 3172 victu
1498 3118 1681 3195 atque
1740 3110 1970 3172 vestitu
2027 3107 2512 3192 inamissibiles,
2578 3131 2739 3195 quas
2794 3121 3099 3197 tyrannus

855 3205 1215 3291 requisivit,
1282 3206 1576 3271 ecclesiae
1622 3198 1983 3291 facultates
2043 3206 2435 3273 condiderat.
2545 3206 2635 3292 (S.
2682 3207 2841 3274 Leo
2892 3205 2980 3274 M.
3040 3207 3097 3271 in

855 3304 1178 3389 Breviar.)
1271 3304 1398 3372 Osr.
1449 3306 1800 3385 Moroni‚
1869 3307 2249 3373 Dizionario
2310 3306 2384 3370 di
2437 3304 2799 3371 eradizione
2851 3306 3097 3371 stov-ico

857 3403 1302 3534 ecclesiastica,
1351 3409 1499 3469 tom.
1555 3405 1657 3487 12,
1707 3426 1810 3490 pp.
1864 3405 2236 3470 107—109.

1035 3583 1232 3647 Feria
1272 3584 1376 3649 VI.
1434 3583 1687 3648 Festum
1713 3585 2184 3649 sacratissimae
2232 3583 2543 3650 Sindonis
2591 3586 2671 3650 D.
2725 3585 2813 3649 N.
2866 3584 2936 3652 J.
2992 3580 3092 3649 Ch.

1038 3708 1133 3773 De
1181 3709 1522 3774 rationibus
1569 3708 1886 3795 religionis
1919 3729 2001 3776 ss,
2036 3709 2327 3775 Sindonis
2375 3730 2564 3794 quam
2594 3709 2867 3794 plurima
2888 3708 3095 3794 magni

858 3807 1155 3872 momenti
1217 3807 1498 3891 scituque
1546 3805 1914 3893 dignissima
1961 3827 2036 3874 ex
2083 3810 2266 3873 variis
2315 3809 2721 3900 scriptoribus
2781 3812 2959 3873 eruta
3004 3808 3091 3872 iu-

855 3905 1064 3969 venies
1109 3905 1272 3988 apud
1325 3904 1672 3982 Moroni‚
1724 3905 2125 3987 DizionariO,
2174 3914 2215 3975 t.
2267 3906 2373 3984 66,
2422 3927 2526 3992 pp.
2558 3905 2931 3974 188-195.
3002 3904 3089 3970 Ex

1039 4083 1077 4151 ¹)
1118 4083 1200 4137 Ita
1237 4083 1285 4137 M
1302 4084 1317 4138 i
1333 4099 1361 4137 c
1380 4084 1478 4138 rol
1497 4100 1622 4154 ogu
1638 4100 1692 4150 S,
1733 4084 1822 4138 De
1845 4084 2227 4140 ecclesiasticis
2251 4085 2732 4152 observationibus,
2771 4100 2815 4140 c.
2836 4086 2923 4151 29,
2961 4084 3090 4154 apud

853 4163 1040 4230 Mur-ne,
1081 4163 1224 4218 Patr.
1263 4163 1355 4216 lat.
1396 4169 1519 4217 tom.
1558 4165 1678 4231 151,
1719 4180 1768 4234 p.
1809 4167 1966 4220 1002.

1032 4241 1076 4311 ²)
1117 4242 1241 4297 lbid.
1282 4247 1402 4297 tom.
1441 4246 1527 4310 54,
1565 4261 1649 4314 pp.
1687 4246 1988 4301 624—627.

1031 4321 1078 4388 ³)
1118 4323 1226 4377 Ibid
1264 4339 1348 4392 pp.
1389 4325 1759 4379 1283—1284.

1030 4402 1075 4468 ⁴)
1115 4403 1345 4456 Vocatur
1381 4405 1537 4458 etiam
1575 4405 1628 4458 ἰη
1671 4406 1952 4461 Navicella
1972 4448 1985 4470 ,
2041 4407 2101 4460 de
2152 4424 2249 4477 qua
2290 4408 2633 4478 appellatione
2684 4407 2928 4463 videndus
2967 4407 3087 4462 Mo·

851 4485 1026 4550 roni,
1067 4485 1178 4538 loco
1211 4485 1318 4552 jam
1357 4484 1639 4540 indicando.
