3514 5391
756 497 863 552 204
1400 498 1558 552 Festa
1595 498 1804 553 mobilia
1840 498 1890 552 in
1930 498 2355 568 Quadragesima.

757 609 2816 619 -—.«.-————-———-——————-——————-————
2841 611 2998 617 --——

757 698 985 764 festum
1036 719 1111 764 ea
1158 698 1219 763 in
1267 698 1639 782 quibusdam
1688 698 2022 783 provinciis
2070 700 2319 776 donari3
2383 703 2445 764 et
2505 702 2674 764 certe
2737 700 2997 774 constat,

756 796 1085 880 plerasque
1131 816 1347 862 omnes
1395 797 1663 881 majores
1711 796 2136 863 solemnitates
2199 798 2510 882 hodieque
2571 797 2736 881 apud
2792 796 2999 879 plures

758 895 1039 958 nationes
1088 895 1402 960 Paschata
1463 897 1603 960 dici.
1700 895 1804 962 Sic
1849 895 1985 960 Itali
2043 895 2277 961 habent
2324 897 2581 981 Pasqua
2638 893 2743 960 del
2797 894 2999 980 Corpo

758 992 831 1056 di
895 990 1137 1069 CristO,
1203 994 1454 1080 Pasqua
1517 994 2040 1081 dell'quifania,
2102 995 2359 1080 Pasqua
2405 994 2477 1058 di
2529 994 2737 1082 Ceppo
2761 994 2810 1075 ¹)
2871 993 3001 1058 sive

760 1090 1026 1175 Nata‘le,
1078 1092 1334 1178 Pasqua
1375 1092 1655 1176 ruyiada
1715 1094 1845 1158 sive
1893 1093 1990 1157 La
2035 1095 2428 1172 Pentecoste,
2491 1098 2554 1159 et
2597 1091 2861 1177 Hispani
2884 1109 2894 1116 '
2917 1090 2995 1155 si-

708 1234 713 1238 ·
760 1189 988 1254 militer
1035 1190 1285 1255 Pascua
1331 1191 1408 1254 de
1440 1191 1826 1272 Natividad,
1876 1193 2129 1256 Pascua
2155 1191 2233 1256 de
2261 1214 2438 1279 reyes
2450 1215 2475 1273 ‚·
2521 1192 2668 1276 quin
2701 1195 2765 1256 et
2794 1191 2997 1274 ipsum

757 1285 1158 1371 Horologium
1207 1309 1508 1372 graecum
1553 1290 1862 1355 solemnia
1910 1290 2295 1355 Natiuitatis
2342 1291 2605 1355 Domini
2635 1290 2855 1356 eodem
2881 1287 3000 1353 hoe

757 1384 1079 1468 splendido
1126 1387 1457 1460 Paschatis
1505 1388 1681 1453 titulo
1730 1393 2003 1454 exornat.
2056 1388 2181 1456 Csr.
2233 1392 2402 1454 tomo
2449 1392 2510 1465 1,
2561 1410 2619 1473 p.
2670 1388 2821 1454 364.

935 1483 1112 1566 Quod
1161 1486 1525 1552 Dominioae
1570 1486 1931 1552 Palmamm
1982 1492 2191 1553 autem
2239 1511 2282 1552 α
2309 1486 2586 1574 floribus
2632 1505 2860 1551 nomen
2907 1490 3003 1550 est

758 1582 1012 1660 factum,-
1078 1585 1141 1649 id
1182 1605 1312 1651 non
1360 1605 1484 1649 una
1529 1605 1603 1650 ex
1650 1606 1839 1651 eausa
1882 1586 2089 1664 venit;
2157 1587 2358 1671 primo
2406 1585 2572 1651 enim
2619 1585 2784 1650 diem
2832 1583 3002 1650 hune

761 1701 1021 1766 magnae
1053 1702 1314 1767 pompae
1347 1688 1667 1768 apparatu,
1715 1684 1907 1749 ramis
1936 1683 2234 1750 olivarum
2284 1704 2355 1749 ao
2385 1684 2641 1750 floribus
2672 1682 2733 1747 in
2765 1682 3001 1747 formas

763 1778 961 1843 varias
1011 1781 1293 1846 confictis
1354 1786 1417 1847 et
1461 1782 1523 1847 in
1572 1783 1917 1858 frondibus,
1975 1782 2212 1849 baculis
2262 1782 2639 1868 perticisque
2686 1780 2999 1866 appensiS‚

759 1876 972 1960 multis
1017 1879 1081 1942 in
1113 1878 1267 1945 loeis
1297 1880 1560 1946 solemni
1592 1882 1712 1947 ritu
1739 1880 2058 1947 celebrant
2086 1882 2407 1947 christiani
2426 1880 2507 1964 ⁹);
2555 1880 2782 1946 deinde
2814 1881 3000 1946 etiam

758 1973 941 2040 fiores
988 1976 1108 2060 ipsi
1169 1997 1311 2042 eum
1361 1979 1550 2050 ramis
1597 1979 1899 2044 olivarum
1963 1979 2223 2064 aliisque
2270 1979 2596 2045 frondibus
2642 1978 3004 2044 solemniter

758 2072 1066 2139 benedieti
1111 2074 1422 2162 leguntur.
1518 2078 1619 2144 Sic
1667 2077 1937 2145 habetur
1981 2079 2044 2144 in
2102 2078 2631 2144 ordinationibus
2678 2078 2752 2143 B.
2800 2077 3002 2142 Lan-

758 2171 1019 2237 franoi
1072 2173 1582 2242 Cantuarien.
1634 2178 1890 2261 aeppi.
1943 2182 2092 2244 sect.
2141 2178 2220 2241 4:
2272 2177 2615 2242 Dominiea
2657 2177 2728 2240 in
2760 2175 3004 2240 Palmis

895 2323 907 2335 .
960 2271 1155 2336 abbas
1203 2284 1316 2338 aut
1346 2276 1643 2340 sacerdos
1678 2274 2008 2340 benedicat
2025 2273 2288 2363 palmas
2333 2275 2606 2362 etflores
2650 2284 2711 2339 et
2722 2274 3003 2361 frondes

760 2378 907 2433 ante
968 2375 1174 2459 majus
1238 2371 1445 2438 altare
1510 2391 1711 2461 supra
1777 2385 2057 2461 tapetum
2107 2376 2361 2461 posita,
2445 2398 2614 2460 aqua
2677 2372 3005 2437 benedicta

760 2479 1059 2554 asperyat
1129 2481 1188 2533 et
1231 2471 1526 2539 ineenset.
1616 2472 2003 2538 ‘Accedentes
2065 2474 2394 2537 secretarii
2457 2471 2847 2536 distribuant
2907 2493 3003 2551 ea,

754 2564 1010 2652 palmas
1057 2567 1280 2634 abbati
1337 2581 1397 2634 et
1431 2571 1762 2658 prioribus
1823 2582 1884 2636 et
1919 2573 2218 2658 personis
2262 2569 2754 2651 honestioribus,
2804 2569 3003 2656 flores

761 2675 820 2729 et
863 2665 1126 2742 frondes
1173 2669 1439 2735 caeteris
1461 2669 1545 2755 8);
1613 2691 1773 2755 quae
1833 2671 2055 2737 iisdem
2118 2672 2316 2737 ferme
2377 2670 2580 2737 verbis
2638 2673 3004 2755 repetuntur

760 2763 818 2828 in
868 2765 1084 2830 usibus
1130 2768 1562 2851 Beccensibus‚
1624 2771 1790 2854 apud
1839 2770 2186 2847 Moroni‚
2254 2770 2670 2849 Dizio'nario,
2735 2790 2790 2834 v.
2820 2767 3001 2852 fiori,

759 2869 802 2927 t.
853 2862 958 2941 24,
1009 2884 1068 2947 p.
1119 2865 1268 2932 217.
1322 2906 1406 2915 -—
1455 2866 1723 2933 Tertiam
1776 2888 2039 2953 eamque
2087 2870 2414 2953 mysticam
2451 2867 2882 2953 appellationis
2910 2887 3004 2932 ra-

760 2961 989 3026 tionem
1042 2963 1220 3029 affert
1266 2966 1342 3031 D.
1395 2966 1876 3053 Guerauger
1923 2968 1999 3032 ad
2049 2966 2111 3035 h.
2146 2969 2205 3035 d.
2222 3016 2241 3050 ,
2304 2968 2468 3051 quod
2520 2986 2746 3051 nempe
2793 2965 3002 3033 Domi-

763 3061 899 3125 niea
944 3060 1305 3129 Palmarutn
1370 3065 1555 3131 veluti
1615 3066 1728 3131 flos
1791 3066 2044 3150 quidam
2107 3069 2404 3150 appareat
2451 3063 3001 3149 appropinquantis

764 3158 1108 3239 l'asehati8‚
1152 3161 1410 3248 jamjam
1458 3165 1522 3230 in
1569 3164 1841 3230 fruet-um
1891 3169 2316 3230 maturescens
2364 3167 2550 3247 atque
2589 3164 2723 3247 ipso
2755 3163 2856 3228 die
2887 3161 3004 3227 Re-

764 3258 1165 3323 surrectionis
1214 3264 1288 3327 ad
1341 3261 1585 3347 plenam
1634 3264 2056 3329 maturitatem
2104 3267 2530 3348 perventurus

945 3419 987 3485 ¹)
1028 3419 1228 3475 Nomen
1264 3439 1423 3493 ceppo
1460 3424 1639 3478 eodem
1677 3440 1831 3479 sensu
1869 3423 1951 3477 hic
1988 3424 2223 3489 sumitur,
2261 3439 2359 3494 quo
2397 3423 2646 3476 vocabula
2672 3421 2915 3491 badnjalc
2950 3427 3003 3474 et

763 3498 931 3553 badm'
963 3500 1072 3555 dan
1111 3501 1438 3557 Kalendariis
1476 3505 1690 3559 serbicis
1728 3508 1784 3559 et
1820 3505 2061 3559 croaticis
2097 3504 2348 3573 inscripta
2371 3504 2616 3573 leguntur
2637 3502 2702 3556 ad
2727 3501 2776 3555 d.
2797 3503 2883 3557 24.
2903 3502 3001 3556 De·

763 3581 998 3647 cambris,
1055 3599 1127 3636 sc..
1165 3599 1258 3652 pro
1295 3586 1505 3651 trunco,
1562 3586 1648 3656 qui
1698 3585 1751 3638 in
1801 3588 1953 3639 nocte
2003 3585 2296 3638 nativitatis
2334 3582 2528 3639 Christi
2577 3582 2804 3640 comburi
2841 3583 3000 3637 solet:

762 3662 907 3730 cujus
945 3662 1101 3715 moris
1136 3664 1366 3718 rationes
1403 3665 1625 3719 afferunt
1661 3665 2010 3719 Vocabalario
2045 3664 2189 3719 della
2213 3665 2439 3730 Graeca,
2475 3668 2514 3717 t.
2541 3663 2592 3730 2,
2617 3678 2702 3732 pp.
2721 3663 2998 3719 760—761

764 3741 909 3807 (edit.
949 3743 1000 3796 5.
1039 3758 1121 3797 an.
1166 3745 1343 3814 1866),
1394 3743 1712 3813 Daniele,
1766 3745 2018 3815 Rjetnilc,
2056 3750 2096 3800 t.
2137 3747 2185 3810 1,
2231 3760 2314 3814 pp.
2356 3743 2655 3799 147—148.
2695 3746 2751 3796 et
2791 3743 3002 3796 Oester-

761 3819 1252 3892 reichtsch-unqar.
1289 3825 1611 3880 Menan-hie
1646 3825 1703 3880 in
1739 3825 1884 3880 Wort
1917 3825 2032 3879 und
2065 3825 2216 3879 Bild.
2263 3824 2574 3891 Dalmatien‚
2600 3839 2684 3893 pp.
2706 3823 3002 3877 140—141.

762 3901 871 3955 Nec
908 3902 1009 3956 alio
1048 3907 1289 3972 spectant
1326 3907 1435 3960 sive
1472 3904 1660 3977 stedry'
1697 3906 1852 3959 ceter
1887 3906 2109 3975 (larque
2133 3902 2417 3974 vesperae)
2454 3903 2881 3958 Kalendariorum
2918 3904 3002 3956 bo·

762 3982 1026 4036 hemor-um
1074 3985 1139 4037 ad
1177 3985 1390 4039 eundem
1430 3987 1591 4053 diem,
1648 3986 1759 4040 sive
1796 3985 2074 4044 tutin-dan
2112 3983 2357 4055 (pinquis
2392 3983 2539 4053 dies)
2590 3984 2641 4037 in
2678 3982 3002 4038 Kalendariis

764 4063 977 4117 serbicis
1015 4064 1079 4117 ad
1118 4064 1251 4119 diem
1289 4066 1699 4137 praecedentem.

943 4143 987 4211 ²)
1031 4145 1202 4215 Cujus
1249 4147 1516 4219 triumphi
1556 4147 1793 4216 aleriam
1843 4146 2004 4201 hodie
2052 4149 2244 4201 sancta
2293 4144 2543 4200 recolens
2593 4143 2842 4199 Ecclesia
2882 4183 2895 4197 .
2936 4184 2949 4197 .
2990 4183 3002 4196 .

764 4225 1004 4280 celebrat
1036 4225 1325 4281 solemnem
1351 4227 1779 4298 processionem,
1816 4228 2054 4282 virentes
2090 4227 2349 4280 arborum
2374 4241 2562 4280 ramos
2593 4242 2661 4279 ac
2678 4226 2854 4294 flores
2888 4240 3002 4278 cnm

754 4305 961 4376 palmis
995 4310 1126 4376 post
1176 4307 1428 4362 vexillam
1466 4325 1512 4361 3.
1550 4308 1731 4363 crucis
1789 4307 1844 4363 in
1890 4306 2142 4361 manibus
2185 4309 2428 4377 qestans.
2502 4304 2585 4359 Ita
2621 4304 2729 4359 Hil
2745 4304 3001 4359 debert.

764 4386 929 4455 Tun,
966 4403 1132 4441 serm.
1172 4387 1226 4441 4.
1265 4389 1319 4441 in
1359 4388 1515 4441 Dom.
1543 4388 1794 4442 Palmar.
1853 4387 2023 4458 (Apud
2063 4387 2252 4458 Migne,
2290 4385 2435 4440 Patr.
2456 4386 2547 4440 lat.
2587 4390 2626 4439 t.
2649 4386 2820 4455 171,p.
2859 4384 3001 4450 502.)

947 4466 992 4535 ⁸)
1031 4469 1181 4538 Apud
1218 4468 1407 4538 Migne,
1445 4468 1590 4523 Patr.
1629 4468 1663 4524 l.
1703 4474 1742 4523 t.
1785 4470 1904 4537 150,
1942 4485 1991 4539 p.
2029 4468 2152 4522 455.
