3514 5391
879 458 987 518 494
1466 433 1478 444 ἱ
1521 455 1680 518 Festa
1717 455 1926 518 mobilia
1962 463 2081 533 post
2118 453 2480 517 Pentecosten.

3013 569 3106 580 0—-

1067 658 1435 743 „Redempti
1492 678 1708 724 sumus
1773 659 1837 725 in
1899 658 2149 726 Domini
2211 658 2428 726 Nostri
2486 659 2639 727 Jesu
2688 659 2921 727 Christi
2966 659 3108 726 San-

878 757 1086 842 guine,
1137 757 1241 839 qui
1290 755 1584 820 emundat
1629 775 1744 821 nos
1795 756 1871 821 ab
1919 757 2087 822 omni
2128 756 2471 841 iniquitate,
2522 759 2585 821 et
2610 757 2752 822 ideo
2784 756 2969 836 beati,
3014 754 3106 838 qni

880 856 941 919 in
991 853 1110 917 hoe
1154 853 1360 918 lavant
1405 853 1594 918 stolas
1642 874 1806 920 suas
1901 852 2135 934 Quodsi
2182 855 2460 938 Aegypti
2505 854 2732 919 domus
2783 853 2925 938 agni
2974 872 3104 917 san-

879 953 1067 1038 guine
1115 971 1485 1034 conspersae
1534 953 1610 1016 ab
1641 953 1733 1017 ira
1766 951 1883 1017 Dei
1931 952 2181 1017 fuerunt
2228 951 2453 1028 salvae,
2505 950 2699 1016 multo
2733 952 2934 1036 magis
2961 949 3109 1015 hane

881 1052 1036 1115 iram
1089 1049 1404 1136 effugient,
1455 1050 1577 1114 imo
1627 1054 1689 1115 et
1737 1050 2239 1115 miserationibus
2286 1054 2349 1114 et
2393 1050 2611 1133 gratiis
2659 1055 2841 1114 erunt
2886 1048 3110 1132 repleti,

882 1150 987 1232 qui
1036 1147 1328 1232 peculiari
1377 1148 1702 1212 devotione
1765 1153 1826 1212 et
1875 1147 2172 1232 obsequio
2222 1146 2568 1212 Servatoris
2616 1148 2813 1211 nostri
2861 1146 3111 1231 Sangui-

882 1266 1022 1311 nem
1074 1250 1445 1310 venerantur
1493 1250 1554 1309 et
1602 1245 1831 1312 colunt.
1872 1284 1957 1291 —
2005 1245 2178 1311 Haec
2226 1245 2466 1329 aliaque
2514 1244 2874 1329 hujusmodi
2922 1244 3112 1309 animo

882 1350 1176 1428 reputans
1223 1343 1332 1408 SS.
1384 1345 1460 1409 D.
1511 1343 1593 1409 N.
1646 1343 1797 1409 Pius
1844 1343 2018 1428 Papa
2062 1343 2189 1420 IX.·‚
2255 1348 2324 1408 ut
2369 1342 2642 1408 fidelium
2694 1346 2903 1420 corda,
2952 1341 3113 1408 hisce

883 1443 1244 1527 praesertim
1306 1442 1669 1506 miserrimis
1730 1442 2151 1525 temporibu8‚
2206 1442 2446 1532 ,quibus
2494 1442 2781 1506 inimicus
2827 1440 3013 1506 homo
3057 1439 3111 1503 in

882 1541 1208 1605 Dominico
1272 1561 1420 1625 agro
1481 1541 1983 1624 superseminare
2046 1541 2373 1618 zizaniam,
2450 1545 2510 1605 et
2570 1539 2801 1605 multos
2866 1539 3112 1613 insidiis,

883 1639 1224 1717 fraudibuS,
1289 1639 1636 1713 erroribus,
1701 1640 1991 1723 decipere
2048 1645 2232 1723 atque
2281 1640 2523 1704 irretire
2571 1643 2847 1715 conatur,
2915 1655 3113 1702 amore

884 1758 1032 1822 erga
1091 1735 1210 1802 hoc
1257 1738 1701 1821 redemptionis
1748 1741 1999 1802 nostrae
2050 1739 2313 1820 pretium
2384 1741 2581 1823 magis
2649 1737 2971 1821 magisque
3016 1754 3112 1798 ex-

884 1837 1150 1900 citentur
1198 1840 1259 1899 et
1304 1826 1787 1914 inflammentur,
1855 1836 2190 1913 mandavit,
2257 1841 2327 1900 ut
2387 1856 2509 1901 non
2557 1835 2754 1900 solum
2819 1835 2882 1899 in
2930 1833 3111 1909 Urbe,

883 1933 989 1997 sed
1041 1936 1103 1997 et
1148 1932 1208 1996 in
1260 1932 1424 1998 Orbe
1470 1934 1760 1999 universo
1825 1954 2041 1998 omnes
2091 1934 2169 1999 de
2220 1933 2398 2000 Olero
2459 1939 2593 1999 tum
2641 1933 2942 1999 saeculari
2990 1937 3110 1996 tuni

881 2030 1182 2116 regulari,
1252 2032 1357 2114 qui
1408 2032 1593 2097 horas
1642 2033 1972 2097 canonicas
2036 2034 2297 2098 recitare
2358 2037 2682 2108 tenentur,
2752 2031 3014 2096 Missam
3058 2035 3115 2092 et

885 2129 1173 2207 Officium
1223 2130 1299 2194 de
1347 2130 1808 2196 pretiosissimo
1857 2131 2174 2215 Sanguine
2224 2130 2473 2195 Domini
2507 2129 2725 2218 Nostri
2758 2129 2912 2194 Jesu
2948 2126 3113 2192 Chri-

885 2228 984 2306 sti,
1032 2227 1165 2311 jam
1214 2249 1249 2293 a
1296 2227 1626 2293 Sacrorum
1690 2228 1945 2293 Rituum
2012 2228 2510 2315 congregatione
2557 2226 3000 2312 approbatum,
3059 2231 3114 2288 et

887 2325 1164 2409 pluribus
1212 2326 1602 2391 dioecesibus
1651 2347 2040 2402 concessum,
2106 2327 2432 2393 Dominica
2478 2327 2680 2417 prima
2725 2324 2873 2390 Julii
2901 2326 2950 2407 ¹)
3005 2323 3110 2387 sin-

882 2423 1046 2508 gulis
1094 2424 1269 2488 annis
1315 2424 1379 2488 in
1426 2430 1745 2509 poste-rum
1795 2426 1910 2491 sub
1949 2426 2072 2490 ritu
2120 2424 2350 2508 duplici
2399 2426 2709 2490 secundae
2742 2423 2959 2488 classis
2988 2442 3111 2506 por-

886 2542 1070 2607 agere
1118 2522 1378 2588 valeant.
1429 2561 1516 2570 —
1563 2523 1791 2603 Quodsi
1842 2525 1902 2588 in
1953 2523 2158 2606 aliqua
2205 2523 2475 2588 dioecesi
2539 2522 2627 2586 vel
2679 2522 2892 2587 ordine
2941 2540 3112 2607 regu-

885 2621 993 2686 lari
1043 2621 1137 2686 vel
1185 2621 1446 2687 ecclesia
1493 2641 1886 2707 quacumque
1923 2622 2211 2687 Officium
2262 2622 2535 2707 aequalis
2583 2621 2678 2686 vel
2708 2620 2941 2685 altioris
2966 2620 3112 2684 ritus

888 2722 1196 2805 praedicta
1253 2721 1575 2786 Dominica
1620 2730 1925 2799 occurrat,
1977 2723 2212 2797 statuit,
2261 2726 2331 2786 ut
2377 2721 2668 2786 Officium
2716 2726 2779 2786 et
2810 2720 3004 2785 Missa
3041 2719 3110 2782 dc

885 2820 1345 2885 pretiosissimo
1394 2821 1710 2905 Sanguine
1759 2820 1869 2885 fiat
1914 2825 2237 2904 tamquam
2284 2820 2344 2884 in
2395 2821 2542 2885 sede
2592 2818 2842 2906 propria
2888 2819 2947 2883 in
2981 2836 3110 2901 pro-

885 2919 1051 2983 xima
1097 2918 1195 2983 die
1246 2939 1280 2982 a
1327 2918 1516 2983 Festo
1565 2920 1802 3002 primae
1867 2918 1960 2984 vel
2012 2919 2323 2984 secundae
2372 2916 2587 2983 classis
2633 2938 2757 2982 non
2802 2916 3109 2997 impedita,

884 3016 1314 3081 transferendo
1357 3016 1536 3099 juxta
1581 3017 1862 3082 rubricas
1910 3016 2229 3094 Officium,
2294 3018 2458 3101 quod
2505 3016 2722 3100 nequit
2767 3013 3009 3080 recitari
3057 3013 3110 3076 in

889 3114 1130 3199 propria
1178 3116 1297 3181 die.
1356 3153 1439 3162 —
1505 3115 1858 3181 Declaravit
1904 3116 2190 3200 insuper,
2257 3122 2323 3180 ut
2386 3113 2673 3180 Officium
2737 3111 3108 3178 recitandum

887 3214 1085 3297 prima
1137 3213 1463 3278 Dominica
1508 3214 1656 3278 Julii
1707 3234 2026 3298 nunquam
2074 3216 2425 3289 omittatur,
2492 3213 2765 3294 itemque
2830 3215 2898 3274 ut
2942 3209 3113 3275 firma

885 3315 946 3377 et
991 3312 1052 3375 in
1099 3311 1320 3376 robore
1367 3320 1775 3395 permaneant
1824 3312 2156 3397 peculiaria
2203 3311 2443 3377 indulta
2505 3316 2568 3376 et
2617 3308 2933 3394 privilegia
2981 3307 3109 3389 jam

887 3430 1201 3488 concessa,
1252 3411 1551 3475 recitandi
1601 3431 1826 3494 nempe
1877 3410 2166 3475 Officium
2217 3408 2336 3474 hoc
2384 3410 2478 3475 vel
2526 3410 2590 3474 in
2638 3407 3113 3492 Quadragesima

885 3508 977 3572 vel
1028 3507 1146 3572 alio
1194 3508 1337 3572 anni
1386 3514 1686 3592 tempore.
1757 3547 1829 3556 —
1899 3508 2207 3573 Sanctitas
2256 3506 2382 3572 Sua
2428 3527 2502 3572 ea
2546 3506 2824 3592 profecto
2870 3523 2974 3588 spe
3029 3503 3111 3568 ni·

885 3607 1049 3683 titur,
1099 3610 1167 3670 ut
1215 3626 1325 3690 per
1358 3608 1578 3672 merita
1607 3607 1793 3690 hujus
1824 3607 2267 3672 Pretiosissimi
2299 3605 2632 3691 Sanguinis
2674 3604 2888 3669 fideles
2919 3601 3111 3687 magis

883 3707 944 3770 in
993 3705 1125 3769 dies
1173 3704 1296 3768 fide
1332 3706 1637 3782 vivificati,
1687 3725 1798 3789 spo
1830 3705 2227 3780 corroborati,
2279 3711 2339 3769 et
2368 3704 2623 3769 caritate
2653 3703 2887 3768 incensi
2932 3701 3106 3765 vitam

882 3803 1112 3867 ducant
1176 3803 1250 3866 ab
1313 3805 1477 3867 omni
1543 3804 1865 3888 iniquitate
1926 3803 2219 3879 alienam,
2283 3806 2345 3867 et
2391 3802 2668 3886 praemia
2716 3805 3109 3884 assequantur

885 3907 1153 3966 aeterna.
1252 3900 1497 3984 Cajetae
1547 3902 1665 3966 hac
1713 3903 1812 3966 die
1870 3901 1964 3967 10.
2020 3901 2288 3986 Augusti
2341 3899 2571 3965 1849.“

1063 4008 1338 4088 Caetera,
1406 4029 1564 4093 quae
1626 4015 1911 4092 spectant
1973 4009 2050 4072 ad
2111 4008 2316 4091 ipsum
2382 4007 2525 4072 festi
2589 4007 2974 4091 mysterium,
3038 4002 3105 4068 ad

888 4107 1207 4171 historiam
1257 4107 1477 4184 cultus,
1529 4109 1607 4173 ad
1654 4109 1933 4173 instituta
1981 4108 2263 4192 religioni
2315 4107 2743 4190 pretiosissimi
2793 4104 3108 4192 Sanguinis

1069 4341 1108 4407 ¹)
1148 4340 1213 4394 H.
1252 4357 1297 4395 e.
1336 4340 1585 4395 dominico
1623 4341 1710 4395 illo
1748 4340 1846 4408 die,
1894 4341 1977 4410 qui
2016 4342 2097 4396 vel
2138 4340 2264 4411 ipsis
2301 4336 2548 4394 Kalendis
2585 4339 2710 4395 Julii
2749 4341 2989 4407 occurrit,
3036 4334 3105 4390 vel

884 4420 946 4473 ab
986 4419 1164 4473 iisdem
1203 4422 1463 4489 proximus
1501 4422 1745 4476 succedit.
