3514 5391
852 490 960 548 464
1494 493 1653 551 Festa
1690 494 1898 552 mobilia
1934 502 2053 567 post
2090 494 2450 555 Pentecosten.

1033 695 1225 759 Feria
1267 693 1338 760 V.
1380 704 1531 780 post
1575 693 1979 759 Dominicam
2027 692 2143 761 SS.
2200 696 2563 763 Trinitatis.
2651 696 2908 763 Festum
2948 694 3099 765 Gor-

847 796 1028 880 poris
1084 790 1338 858 Christi.

1043 916 1646 983 Italo-Graecis
1695 921 1792 981 est
1839 913 1876 1003 ἡ
1922 911 2108 1003 ἑορτὴ
2149 920 2267 979 τοῦ
2297 915 2752 1001 παναχράντου
2783 914 3100 1001 Σώματος

851 1020 967 1079 τοῦ
1014 1008 1259 1099 Κυρίου
1304 1008 1413 1075 καὶ
1465 1013 1632 1076 Θεοῦ
1676 1010 1787 1076 καὶ
1838 1016 2132 1101 Σωτῆρος
2176 1011 2350 1101 ἡμῶν
2396 1011 2595 1101 Ἰησοῦ
2642 1019 2956 1099 Χριστοῦ,
3007 1016 3101 1081 vel

856 1114 1202 1198 simplicius
1259 1109 1295 1197 ἡ
1351 1114 1467 1174 τοῦ
1527 1108 1839 1193 Σώματος
1906 1116 2023 1176 τοῦ
2086 1106 2328 1195 Κυρίου
2390 1106 2609 1196 ἑορτῆς
2674 1115 2900 1200 Syris
2962 1110 3104 1179 “idei

853 1212 1117 1299 d’fayrd
1146 1212 1490 1298 7ὴᾶνᾶπᾶᾸᾶ
1542 1210 1670 1274 Sive
1711 1210 1916 1296 Ραφιὲ
1948 1210 2279 1283 &mciv-dm·
2324 1211 2598 1277 Arabis
2645 1209 2740 1276 ‘id
2784 1210 3103 1277 el-dsesed

852 1310 1129 1387 ‹al-ilat&
1177 1307 1578 1373 Ruthenis
1603 1308 1929 1373 Prazdnik
1962 1312 2293 1399 svjatejsoj
2308 1309 2760 1401 Ειιοήάήθεῇὺ
2798 1312 2977 1375 Arm
2992 1330 3099 1376 en.

850 1408 1000 1472 Don
1059 1429 1342 1472 murmno
1385 1409 1497 1495 jev‘
1544 1411 1737 1497 arjan
1785 1408 2032 1495 chtrn3
2100 1406 2314 1491 Gopt.
2377 1407 2534 1471 Ρῖιαί
2579 1407 2927 1495 Pidipnon.
3027 1408 3100 1473 In

852 1508 1242 1573 Kalendariis
1304 1505 1586 1571 civilibus
1651 1507 1932 1592 signatur
1994 1507 2159 1571 Βοὲε
2217 1504 2388 1588 Telo,
2455 1506 2762 1571 Divinum
2815 1504 3103 1592 Corpus,-

851 1594 1092 1672 croat.
1160 1603 1415 1669 Tielovo
1461 1603 1596 1668 ilia·
1638 1604 2085 1684 Brasancevoe
2148 1604 2447 1671 sloven.
2497 1603 2602 1671 Su.
2653 1606 2889 1693 Reffnje
2940 1604 3102 1679 telo,-

849 1705 1154 1777 bohern.
1204 1703 1438 1766 Boiam
1488 1700 1651 1781 ιᾰῖας
1698 1702 2027 1789 hungar.
2088 1702 2179 1768 Ur
2205 1707 2445 1793 napja;
2489 1702 2674 1788 gall.
2712 1703 3104 1782 Pete-Diem

850 1805 1011 1868 dan.
1068 1800 1309 1867 Christi
1355 1800 1753 1886 Leyemsfest.
1817 1839 1900 1848 -—-
1964 1800 2403 1867 Rumenice
2447 1802 2759 1867 diceretur
2812 1799 3104 1889 Coqmdu

848 1892 1241 1973 Domnului,·
1287 1919 1501 1964 verum
1532 1898 1799 1964 Rumeni
1832 1900 2119 1966 catholici
2169 1920 2308 1965 cum
2343 1899 2654 1965 nonnullis
2683 1899 2817 1965 aliis
2849 1898 3106 1983 populis

849 1999 1005 2063 ritus
1050 1998 1258 2084 graeci
1306 1997 1430 2062 hoc
1476 1997 1635 2062 festo
1684 2004 1916 2064 carent.

1026 2115 1281 2179 Festum
1317 2112 1377 2176 T
1372 2113 1744 2199 heophoriae
1793 2134 1902 2179 seu
1937 2112 2051 2180 SS.
2091 2112 2393 2201 Corporis
2429 2112 2688 2192 Christi,
2737 2114 2906 2197 quod
2937 2113 3103 2179 Ger-

851 2214 1018 2279 mani
1075 2214 1150 2278 ad
1199 2213 1670 2277 contestandum
1730 2211 1864 2296 ejus
1913 2212 2344 2278 excellentiam
2391 2210 2898 2289 Fronleichnam,
2966 2211 3105 2274 Do·

851 2312 1148 2375 minicum
1201 2307 1445 2395 Corpus
1473 2307 1518 2394 ι)
1567 2309 1799 2387 dicunt,
1850 2310 2154 2398 originem
2202 2311 2374 2375 ducit
2421 2331 2456 2376 a
2503 2308 2749 2376 saeculo
2803 2309 2906 2385 13,
2974 2329 3106 2393 quo

850 2410 1117 2494 primum
1158 2397 1509 2473 in'ecclesia
1540 2406 1870 2473 Leodiensi
1901 2428 2147 2473 summa
2170 2408 2560 2473 solemnitate
2586 2407 2971 2473 celebratum
3006 2414 3106 2471 est

848 2527 1037 2592 opera
1061 2506 1390 2591 praecipue
1418 2505 1637 2570 beatae
1665 2504 1970 2585 Julianae,
2022 2507 2255 2575 Montis
2287 2505 2555 2572 Cornelii
2583 2504 3102 2589 sanctimonialis

848 2612 909 2671 et
933 2605 1217 2691 Hugonis
1247 2601 1608 2679 GardinaliS,
1660 2603 1878 2689 Legati
1912 2626 1947 2669 a
1979 2604 2172 2670 latere
2220 2605 2297 2669 ad
2332 2605 2676 2689 provincias
2702 2603 3097 2669 Alemaniae.

849 2706 949 2770 Ab
1013 2705 1300 2770 universa
1346 2703 1628 2769 Ecclesia
1690 2704 2132 2770 celebrandum
2193 2705 2422 2770 festum
2486 2704 2749 2769 instituit
2795 2703 3103 2768 Urbanus

852 2805 974 2870 ΡΡ.
1001 2802 1110 2869 IV.
1139 2823 1298 2868 anno
1336 2803 1524 2880 1264,
1562 2803 1726 2867 edita
1756 2804 2210 2880 constitutione,
2239 2823 2423 2886 quam
2452 2800 2884 2868 exhibebimus
2909 2803 3098 2869 infra.

1026 2901 1228 2983 Quum
1276 2908 1485 2967 autem
1530 2900 1634 2965 hic
1680 2902 1815 2985 ipse
1844 2902 2133 2967 Pontifex
2179 2901 2362 2986 paulo
2413 2905 2552 2985 post
2598 2901 2807 2965 datam
2843 2899 3094 2966 Bullam

849 3001 1219 3067 excessisset
1266 3021 1298 3065 e
1346 3000 1489 3077 vita,
1540 3020 1652 3065 nec
1702 3001 2032 3085 quisquam
2081 3005 2353 3085 urgeret,
2401 3005 2472 3065 ut
2517 2999 2862 3066 executioni
2913 3020 3096 3064 man·

848 3099 1115 3176 daretur,
1166 3099 1330 3183 quod
1378 3099 1577 3164 innuit
1621 3098 1834 3185 qlossa
1881 3101 1952 3163 in
2006 3097 2302 3165 Clamant.
2351 3100 2540 3163 unica
2588 3098 2665 3161 de
2695 3096 2989 3183 reliquiis
3039 3110 3101 3162 et

847 3198 1247 3261 veneratione
1295 3195 1671 3261 Sanctorum
1717 3196 1859 3283 (111,
1913 3198 2059 3277 16),
2129 3197 2272 3264 inde
2319 3197 2556 3262 sactum
2604 3199 2729 3274 est,
2794 3200 2865 3260 ut
2913 3197 3100 3261 annis

848 3294 1317 3377 insequentibus
1365 3295 1669 3378 ejusmodi
1717 3296 2114 3360 testivitatem
2175 3295 2552 3360 celebratam
2614 3313 2750 3359 esse
2818 3314 2944 3358 non
2994 3315 3097 3360 re·

848 3394 1178 3477 periamus.
1293 3393 1529 3458 Verum
1594 3393 1883 3460 Clemens
1949 3393 2076 3458 ΡΡ.
2127 3393 2203 3459 V.
2279 3394 2344 3458 in
2404 3392 2677 3459 Concilio
2738 3391 3091 3458 Viennensi

848 3511 943 3556 au.
1000 3491 1165 3556 1311
1218 3491 1459 3557 Urbani
1518 3492 2018 3557 constitutionem
2085 3492 2504 3568 confiimavit,
2568 3511 2753 3575 quam
2815 3491 3096 3556 demisso

848 3590 1071 3666 animo,
1123 3590 1322 3673 inquit
1368 3590 1744 3655 Benedictus
1771 3589 1896 3657 ΡΡ.
1929 3590 2097 3656 XIV.
2123 3590 2195 3674 2),
2244 3595 2313 3655 ut
2350 3611 2464 3674 par
2495 3594 2644 3668 erat,
2692 3589 2933 3666 PatreS,
2985 3590 3092 3673 qui

1032 3732 1072 3798 ¹)
1082 3701 1426 3787 Vocabulum
1467 3732 1889 3787 Fronleichnam
1941 3733 2076 3786 haud
2126 3734 2301 3823 parvis
2340 3732 2730 3787 difficultatibus
2767 3732 3093 3787 obstructum

848 3811 1066 3881 produnt
1102 3813 1444 3881 grammatici.
1500 3813 1733 3866 Alteram
1760 3813 2041 3904 compositi
2056 3817 2274 3882 partem
2287 3812 2453 3881 ipsam
2478 3827 2593 3866 esse
2619 3813 2883 3881 antiquam
2909 3826 3090 3866 vocem

846 3893 957 3947 mue
993 3891 1237 3963 (ltcham,
1275 3892 1553 3964 lichndm),
1605 3908 1802 3962 corpus
1837 3893 1951 3947 site
1988 3893 2158 3947 vivum
2194 3893 2308 3946 sive
2344 3895 2615 3946 mortuum
2632 3932 2649 3957 ,
2700 3908 2849 3946 nemo
2886 3891 3091 3962 quidem

847 3979 945 4042 est,
1000 3974 1084 4043 qui
1132 3991 1233 4028 non
1281 3974 1471 4028 videat.
1547 3975 1646 4028 Ast
1682 3974 1826 4044 prior
1862 3973 2089 4044 ejusdem
2126 3989 2249 4043 pars
2287 3972 2436 4027 Fron
2490 3975 2574 4038 (ex
2621 3973 2868 4027 obsoletis
2895 3973 3091 4043 Ῐνῦιῦ,

838 4056 1034 4125 fram,
1075 4055 1268 4126 smine,
1314 4053 1508 4121 eron),
1557 4070 1688 4124 quae
1728 4054 2068 4108 communiter
2103 4053 2425 4108 Domimcus
2461 4069 2552 4108 seu
2589 4054 2817 4109 Domini
2848 4054 3088 4118 vertitur,

847 4136 1216 4190 recentioribus
1255 4136 1382 4189 adeo
1421 4134 1638 4190 obscura
1676 4140 1924 4204 apparet,
1978 4139 2036 4188 ut
2073 4151 2187 4189 eam
2226 4150 2282 4188 se
2320 4135 2469 4204 plene
2505 4134 2749 4204 expedire
2798 4150 2898 4188 non
2935 4149 3088 4226 posse

845 4221 1026 4286 aperte
1064 4217 1343 4270 fateantur.
1400 4214 1745 4285 Quapropter
1783 4215 1975 4269 fratres
2013 4214 2292 4283 Grimm,
2343 4214 2458 4282 viri,
2498 4219 2556 4269 ut
2590 4221 2768 4269 notum
2806 4220 2902 4282 est,
2941 4214 2992 4267 in
3027 4229 3084 4266 re

847 4296 1156 4387 philologica
1192 4295 1510 4365 peritissimi,
1550 4296 1719 4349 lumen
1759 4296 1975 4349 obscuro
2012 4295 2260 4350 vocabulo
2292 4296 2402 4364 jam
2429 4295 2652 4349 aliunde
2667 4299 2847 4365 petere
2881 4298 3084 4348 tentant

846 4376 895 4428 in
934 4375 1238 4430 Deutsches
1292 4373 1652 4440 Wlirterbuch,
1691 4383 1729 4430 t.
1768 4377 1819 4444 4,
1857 4392 1941 4446 pp.
1981 4377 2088 4431 230
2125 4391 2266 4446 seqq.

1027 4456 1507 4528 ²lDesestisD.
1546 4456 1866 4516 Ν..Ῐ.011.,
1903 4461 2039 4525 part.
2081 4458 2129 4522 1,
2167 4473 2216 4510 n.
2255 4456 2376 4523 537,
2416 4456 2539 4511 edit.
2579 4456 2747 4510 ciat.
2786 4455 2837 4522 2,
2875 4471 2922 4524 p.
2963 4454 3077 4508 1(Π.
