3514 5391
1020 501 1156 557 Ordo
1194 503 1442 558 festorum
1482 505 1729 560 ecclesiae
1769 522 2026 560 armenas.

412 614 582 621 -—-—-
601 616 798 621 —--—
876 617 903 620 -.
927 616 974 620 --
1042 616 1150 621 ---

829 702 1001 757 Sectio
1037 701 1148 756 VII.
1198 701 1604 773 Varapochumn.
1652 703 1950 773 Assumptio
1973 704 2033 758 B.
2061 703 2128 758 Μ.
2153 703 2217 758 V.

409 819 2313 828 —————.—-——————-————.—-————-
2370 824 2428 828 *-

582 882 705 947 Alii
769 902 914 947 vero
975 883 1391 948 communiter
1449 887 1620 949 recte
1668 885 1847 968 juxta
1892 884 2202 950 Romanos
2264 891 2326 951 et
2374 886 2428 952 G

409 982 465 1045 d.
514 982 573 1045 8.
603 980 775 1065 Sept.
828 986 1063 1066 ponunt
1108 981 1533 1059 Nativitatem,
1583 983 1762 1047 sicuti
1811 984 1998 1048 etiam
2037 983 2428 1070 Menologiut

408 1085 612 1146 autem
661 1080 722 1146 9.
773 1082 1055 1163 ejusdem
1084 1082 1318 1146 mensis
1364 1080 1597 1148 nullam
1633 1083 2291 1149 commemorationem
2320 1085 2428 1150 insi

408 1183 768 1262 parentum,
831 1185 901 1244 ut
945 1178 1179 1244 faciunt
1227 1179 1483 1257 Graeci,
1553 1179 1793 1245 scilicet
1851 1182 2018 1264 quod
2078 1181 2306 1247 festum
2366 1182 2428 1247 ill

404 1277 764 1342 Kalendarii
830 1277 1210 1360 praescripto
1250 1277 1380 1359 jam
1430 1278 1602 1363 prius
1650 1283 1793 1362 post
1840 1276 2137 1343 Octavam
2184 1281 2428 1363 Assum}

406 1375 788 1440 celebretur:
839 1379 1047 1440 tamen
1093 1375 1160 1440 hi
1208 1375 1394 1441 etiam
1444 1370 1702 1442 Codices
1748 1375 2042 1442 differunt
2088 1378 2251 1442 inter
2296 1399 2382 1445 se.

405 1475 518 1540 etsi
570 1473 942 1539 conveniant
989 1477 1050 1538 in
1097 1473 1237 1551 hoc,
1289 1476 1449 1558 quod
1500 1474 1728 1539 festum
1777 1476 1944 1539 istud
1991 1475 2111 1540 diei
2161 1477 2220 1542 8.
2259 1466 2428 1561 Sept«

405 1573 701 1650 tribuant,
752 1571 1231 1638 celebrationem
1286 1577 1494 1638 tamen
1540 1572 1725 1650 illius,
1777 1593 1973 1656 aeque
2023 1593 2092 1639 ac
2124 1564 2369 1640 caetera
2397 1597 2428 1640 n

404 1672 570 1738 festa
615 1672 1025 1746 dominicalia,
1075 1672 1137 1735 in
1186 1670 1530 1755 proximam
1574 1670 1970 1737 Dominicam
2015 1671 2395 1738 transferunt

403 1771 714 1835 dicentes:
766 1770 905 1833 Hoc
949 1767 1289 1832 intervallo
1338 1770 1589 1833 Festum
1635 1779 1728 1833 est
1779 1770 2168 1834 Nativitatis
2213 1793 2296 1836 ss.
2321 1771 2428 1835 De:

403 1867 577 1955 quod
622 1866 973 1932 celebratur
1017 1870 1079 1933 8.
1132 1866 1515 1953 Septembris
1573 1890 1742 1932 more
1804 1869 2253 1936 Romanorum.
2364 1867 2428 1942 Q.

406 1976 555 2031 ante
608 1966 1004 2030 Dominicam
1049 1967 1398 2051 co‘ntiyerit,
1467 1965 1752 2052 transfer
1798 1964 2277 2030 celebrationem
2330 1968 2400 2029 in

406 2065 852 2141 Dominicam,·
912 2065 971 2128 si
1014 2086 1157 2128 vero
1199 2074 1349 2150 post
1392 2066 1799 2129 Dominicam
1846 2066 2206 2144 occurrerit,
2269 2068 2338 2129 in
2387 2089 2428 2129 a

405 2187 546 2229 sum
610 2164 955 2228 Dominica
1018 2162 1345 2227 celebrato,
1464 2162 1765 2228 Nonnulli
1834 2184 1975 2228 vero
2048 2164 2424 2230 celebration

407 2263 774 2337 Dominica‚
842 2260 936 2325 vel
985 2262 1233 2345 propn'o
1282 2281 1393 2327 suo
1440 2262 1540 2327 die
1587 2261 1938 2328 faciendam
1987 2263 2240 2328 arbitrio
2288 2282 2428 2348 pert

409 2362 586 2426 hisce
634 2361 872 2426 verbis:
925 2359 1069 2423 Hac
1095 2360 1439 2424 Dominica
1469 2360 1857 2425 Natiuitatis
1884 2360 2217 2446 Deiparae
2232 2361 2428 2447 festu]

409 2459 633 2538 brat03
682 2458 850 2545 quod
876 2460 935 2523 εἰ
962 2458 1039 2521 de
1073 2459 1554 2523 Restm-rectione
1586 2461 1806 2546 eyeris,
1858 2460 2282 2524 Nativitatem
2328 2461 2428 2523 De

408 2563 469 2624 8.
525 2556 944 2643 Septembris,-
990 2580 1369 2643 quacumque
1418 2558 1671 2621 tandem
1701 2558 1893 2644 feria
1923 2561 2283 2639 occurrerit,
2327 2582 2428 2645 pez

410 2668 602 2744 atque
648 2657 720 2721 in
767 2657 1000 2721 Primis
1060 2656 1351 2743 Vesper-is
1399 2657 1759 2746 profestum
1806 2659 1975 2744 ayito
2037 2659 2172 2723 sine
2218 2679 2428 2722 eaecusc

408 2758 523 2821 sed
570 2756 1039 2821 convenientius
1084 2767 1196 2835 est,
1242 2766 1313 2820 ut
1345 2757 1465 2820 boc
1511 2758 1854 2823 Dominica
1899 2756 2182 2834 celebres,
2232 2780 2417 2843 quum

409 2858 624 2921 uicum
670 2856 753 2919 sit
794 2854 1047 2937 festum.
1143 2855 1237 2920 Ex
1283 2854 1383 2921 his
1431 2855 1797 2922 differentiis
1845 2856 2212 2943 colligimuS,
2273 2856 2428 2921 varia

412 2955 520 3020 riis
570 2952 835 3019 sacculis
895 2958 957 3018 et
1000 2953 1153 3019 locis
1202 2955 1713 3021 consuetudinem
1765 2955 2106 3020 obtinuisse
2168 2955 2229 3019 in
2288 2954 2428 3020 celel

412 3053 534 3118 hoc
582 3052 761 3118 festo,
857 3051 1094 3117 Verum
1135 3053 1311 3135 juxta
1356 3052 1723 3118 hodiernam
1773 3054 2282 3118 consuetudinem
2335 3053 2428 3118 ubi

414 3152 476 3217 8.
527 3150 915 3235 Septembris
964 3150 1314 3215 celebratur
1360 3151 1712 3217 dominicali
1762 3152 2171 3219 solemnitate.
2265 3152 2415 3216 Ideo

416 3250 537 3315 alia
583 3248 954 3314 Kalendaria
1000 3248 1187 3328 hujus
1233 3249 1377 3314 festi
1426 3250 1739 3315 rubricam
1787 3250 2237 3334 praescribunt,
2291 3270 2428 3334 proi:

419 3368 532 3412 nos
580 3368 767 3432 supra
812 3346 1276 3431 descripsimus,

598 3616 973 3681 Sabbato.
1048 3616 1301 3679 Festum
1348 3617 1814 3680 Encaeniorum
1860 3625 2119 3686 sanctae,
2171 3614 2403 3681 Crucis.

600 3760 733 3825 Hoc
782 3760 1011 3825 festum
1061 3760 1304 3844 proprie
1353 3766 1447 3824 est
1493 3759 1808 3824 Ecclesiae
1858 3761 2121 3825 Sanctae
2164 3757 2428 3824 Resurre

423 3859 484 3923 in
530 3858 900 3931 Jerusalem,
948 3864 1019 3922 ut
1063 3857 1334 3922 insinuat
1380 3855 1664 3923 Menol.
1716 3858 1775 3922 d.
1834 3858 1933 3923 13.
1983 3857 2153 3941 Sept.
2253 3856 2428 3922 Unde

423 3957 609 4021 stiora
655 3954 935 4021 Missalia
997 3956 1088 4021 sic
1132 3954 1284 4020 illud
1332 3955 1708 4021 inscribunt:
1776 3955 1901 4018 Die
1952 3957 2053 4020 13.
2102 3953 2428 4040 Septembr-

424 4055 646 4120 caem’a
693 4055 971 4141 Maqnae
1017 4050 1336 4117 Ecclesiae
1386 4052 1660 4118 Sanctae
1709 4054 2214 4117 Remo-rectionis
2275 4054 2345 4116 in
2391 4052 2428 4116 ι]

428 4151 561 4217 lem.
637 4154 910 4218 Vocatur
957 4158 1165 4218 tamen
1213 4153 1402 4217 etiam
1449 4152 1678 4217 festum
1727 4151 2194 4216 Encaem‘orum
2235 4149 2428 4216 Crucis

430 4248 759 4317 Dominica
822 4252 1103 4335 proxima
1166 4252 1226 4315 d.
1294 4251 1394 4316 14.
1453 4249 1623 4335 Sept.
1695 4249 1922 4314 festum
1992 4250 2195 4334 agitur
2258 4248 2428 4313 Exall

434 4367 481 4412 s.
529 4347 757 4426 CruciS‚
827 4350 990 4433 quod
1050 4349 1302 4432 quidem
1361 4351 1589 4414 festum
1658 4351 1720 4412 in
1769 4350 2086 4432 praedicta
2131 4347 2386 4411 basilica

435 4446 713 4516 rectionis
760 4448 877 4516 fuit
922 4448 1210 4537 primitus
1256 4448 1643 4516 institutum:
1711 4452 2041 4534 propterea
2086 4445 2403 4512 Encaenia
