3514 5391
986 529 1123 590 Ordo
1162 533 1410 590 festorum
1448 531 1695 590 ecclesiae
1734 547 1994 589 armoriae.
2508 529 2610 586 621

461 646 734 653 ψ’,
769 649 836 653 --
2092 647 2154 651 ἡ..
2246 646 2333 651 —-
2358 646 2423 650 —
2458 646 2561 651 -,-,,-.

998 732 1169 788 Sectio
1207 731 1344 787 VIII.
1398 733 1644 803 Hissnag.
1699 733 1983 787 Adventus,

390 917 557 993 atque
602 924 753 989 tum,
805 917 1021 977 exacto
1071 911 1518 997 quinquaginta
1577 911 1816 977 dierum
1866 911 2208 989 interva110‚
2258 911 2524 996 pervenit

390 1006 455 1069 ad
498 1006 928 1092 Epiphaniam.
1024 1007 1168 1072 Jam
1235 1027 1380 1072 vero
1441 1006 1806 1089 hujusmodi
1866 1009 2316 1092 quinquaginta
2372 1010 2524 1073 dien

388 1103 680 1171 distinctio
728 1107 965 1187 nedum
1010 1106 1131 1182 hic,
1201 1106 1312 1170 sed
1359 1125 1468 1189 per
1515 1110 1710 1169 totum
1763 1106 1892 1170 fere
1941 1107 2085 1170 anni
2131 1108 2460 1172 decursum
2511 1128 2524 1169 ι

387 1210 647 1269 servatur
686 1205 866 1287 juxta
913 1205 1190 1269 ordinem
1248 1205 1617 1279 Kalendaiii,
1668 1209 1738 1268 ut
1784 1205 1957 1268 initio
2007 1205 2378 1269 monuimus

547 1382 859 1449 Sabato.
970 1385 1219 1448 Festum
1291 1383 1589 1467 Greyorii
1664 1383 2126 1469 Tlmumaturyi
2197 1394 2256 1446 et
2325 1383 2524 1468 Myroi

382 1480 667 1567 episcopi.

552 1606 926 1693 Greqorium
949 1608 1502 1694 Thaumaturqum,
1536 1627 1631 1690 ep.
1654 1606 1716 1672 N
1720 1626 2140 1683 eocaesareae,
2171 1606 2278 1671 Ma
2296 1610 2385 1672 rt.
2413 1605 2467 1669 R
2481 1627 2515 1671 o

378 1708 435 1767 et
481 1703 670 1771 Men.
728 1707 848 1772 Gr.
910 1712 1146 1790 ponunt
1193 1706 1253 1771 d.
1307 1706 1407 1770 17.
1457 1704 1654 1781 Nov.;
1722 1705 1831 1768 sed
1887 1704 2079 1770 Men.
2129 1706 2331 1768 Arm.
2393 1705 2456 1768 d.
2507 1705 2524 1767 i

379 1802 647 1882 ejusdem
701 1805 953 1869 mensis,
1007 1843 1090 1851 —
1140 1805 1469 1890 Myronem
1517 1809 1721 1867 autem
1773 1803 2132 1887 episcopum
2167 1803 2226 1865 in
2256 1801 2458 1879 Creta,
2509 1822 2524 1866 ‹

379 1900 681 1967 miraculis
752 1909 813 1967 et
860 1902 1183 1967 sanctitate
1233 1902 1453 1966 claruit
1500 1902 1845 1985 imperante
1894 1901 2122 1976 Deci0‚
2189 1901 2353 1965 idem
2405 1900 2510 1964 Ro

378 1998 592 2065 Mart.
645 2005 709 2065 et
754 2000 948 2066 Men.
1001 2001 1123 2066 Gr.
1179 1999 1453 2065 referunt
1516 2002 1631 2065 sub
1682 2001 1782 2066 die
1831 2001 1890 2065 8.
1944 2001 2089 2084 Aug
2133 2050 2146 2075 ,
2215 1999 2419 2062 Arm.
2468 2018 2524 2061 ν(

376 2099 433 2160 9.
481 2098 759 2180 ejusdem
811 2100 1062 2164 mensis,

547 2330 890 2395 Dominica
940 2331 1023 2396 II.

547 2491 783 2556 Feria
828 2490 916 2557 II.
970 2492 1220 2556 Festum
1268 2514 1347 2557 83.
1389 2491 1715 2576 Virqz‘num
1763 2491 2074 2555 Julianae
2123 2501 2182 2551 et
2228 2487 2524 2553 Basilis-se

545 2633 888 2700 Julianam
935 2640 1270 2719 martyrem
1318 2634 1721 2700 Nicomediae
1769 2635 2181 2700 excruciatam
2231 2634 2307 2697 ab
2347 2631 2520 2697 Evila-

375 2733 697 2798 Praefecto
758 2734 872 2798 sub
937 2734 1341 2810 Maximiano,
1410 2734 1639 2800 Mart.
1690 2734 1873 2798 Rom
1962 2736 2018 2799 d.
2085 2734 2186 2796 16.
2238 2731 2423 2797 Febr.
2488 2751 2519 2795 c

375 2830 563 2901 locat:
615 2832 812 2896 Men.
865 2832 984 2897 Gr.
1037 2832 1095 2896 d.
1147 2832 1253 2898 21.
1303 2832 1477 2911 Dec„
1528 2835 1583 2897 A
1604 2854 1732 2898 rm.
1784 2834 1842 2897 d.
1893 2831 1997 2898 20.
2033 2831 2308 2913 ejusdem
2361 2849 2524 2893 mens

379 2967 459 2975 ——
506 2930 894 2994 Basilissam
956 2936 1161 2995 autem
1215 2931 1515 3015 virginem
1563 2931 1778 2995 itidem
1827 2930 2232 2995 Nicomediae
2300 2929 2414 2992 sub
2466 2928 2519 2991 D

377 3029 634 3093 cletiano
696 3032 980 3093 vexatam
1048 3030 1123 3094 ab
1188 3028 1540 3093 Alexandro
1596 3028 1923 3100 Praeside,
1993 3048 2180 3111 quem
2246 3028 2324 3091 ad
2384 3024 2524 3091 Chri

374 3126 554 3191 fidem
604 3126 870 3203 reduxit,
921 3134 983 3190 et
1029 3131 1165 3191 tum
1213 3127 1348 3210 ipsa
1393 3129 1453 3191 in
1504 3128 1777 3192 oratione
1825 3128 2094 3191 animam
2145 3125 2278 3189 Deo
2326 3123 2524 3189 reddit

375 3224 593 3289 Mart.
648 3224 846 3291 Rom.
898 3230 958 3289 et
1006 3225 1200 3289 Men.
1254 3227 1526 3289 (iraec.
1577 3226 1635 3290 d.
1696 3225 1755 3289 3.
1810 3224 1980 3309 Sept.
2032 3228 2357 3306 reponunt,
2412 3224 2512 3285 Ar

377 3342 513 3386 voro
565 3321 668 3386 10.
720 3322 997 3405 ejusdem
1046 3323 1298 3388 mensis,

544 3473 767 3538 Exstat
814 3473 1000 3538 etiam
1048 3471 1357 3538 Julianus
1404 3474 1655 3556 quidam
1705 3478 1942 3556 martyr
1989 3471 2437 3545 Antiochenus‚
2509 3491 2524 3534 ‹

379 3591 512 3636 cum
576 3592 768 3636 uxore
832 3592 946 3637 sua
1005 3572 1304 3636 Basilissa
1367 3572 1481 3636 sub
1545 3571 1921 3635 Maximiano
1986 3574 2451 3635 eonsummatus
2500 3588 2524 3632 ε

377 3668 473 3736 ine
520 3672 772 3755 quidem
823 3671 1097 3754 martyrii
1146 3671 1516 3746 certamine,
1583 3670 1700 3734 ista
1763 3690 1908 3735 vero
1971 3668 2204 3732 illibata
2254 3666 2524 3750 virg-inita

381 3788 741 3853 morumque
787 3770 1161 3854 integritate,
1211 3770 1286 3833 de
1319 3768 1544 3851 quibus
1578 3768 1704 3851 agit
1745 3768 1971 3833 Mart.
2006 3766 2195 3830 Rom
2266 3767 2324 3830 d.
2358 3767 2418 3827 9.
2448 3764 2524 3828 Ja

380 3873 438 3931 et
487 3868 680 3932 Men.
731 3868 933 3933 Arm.
984 3868 1042 3933 d.
1090 3867 1194 3932 21.
1226 3867 1416 3932 Junii.
1515 3865 1746 3930 Verum
1795 3866 1900 3948 qui
1930 3865 2032 3929 hio
2067 3863 2459 3927 celebrantur
2489 3883 2524 3925 n

382 3971 518 4030 sunt
569 3966 690 4041 isti,
740 3967 1238 4050 quandoquidem
1288 3964 1531 4028 illarum
1580 3968 1843 4046 utraque
1896 3962 2193 4028 feminino
2256 3960 2524 4023 enuntiat

382 4065 657 4141 nomine;
709 4065 966 4129 istorum
1014 4084 1158 4128 vero
1207 4062 1361 4127 alter
1406 4069 1500 4126 est
1549 4062 1828 4139 maritus⁹
1881 4061 2036 4125 alter
2085 4057 2324 4139 conjux.

549 4242 787 4306 Feria
831 4242 959 4306 III.
1034 4244 1283 4306 Festum
1317 4262 1397 4304 ss.
1431 4237 1878 4325 Apostolorum
1917 4236 2152 4303 Jacob&
2198 4245 2256 4300 et
2299 4234 2519 4299 Simon

555 4366 816 4432 Codices
864 4368 1114 4444 Missae,
1165 4367 1271 4450 qui
1316 4366 1380 4429 in
1426 4366 1557 4430 dies
1589 4364 1822 4428 mensis
1853 4363 2014 4427 festa
2046 4361 2445 4434 distribuunt,
2493 4360 2524 4423 h

388 4464 605 4529 festum
668 4466 755 4529 sic
802 4467 1178 4530 inscribunt:
1240 4468 1346 4529 25.
1400 4461 1807 4538 Novembris,
1873 4459 2257 4546 Martyrium
2313 4478 2393 4522 38.
2447 4457 2524 4542 A]
