3514 5391
1181 515 1395 581 Festum
1431 514 1511 582 Ss.
1552 515 1732 582 cordis
1769 515 1911 582 Jesu.
2566 518 2677 579 483

434 630 685 643 *ωε-ινα
702 636 711 641 a
736 637 763 643 .—
826 636 863 643 -0
894 635 1932 645 ————————-————-—-——-———————·—-—-——s⁴
1955 634 2210 643 ffl-a-—o-—o—
2231 636 2370 643 -ο--ιυι-

428 720 732 787 honestati
755 722 826 805 ι).
922 719 1227 802 Quocirca
1273 739 1346 788 eo
1396 718 1743 788 Orientales
1807 720 1993 787 ctiam
2053 720 2674 805 comprehenduntur

428 822 833 901 tenenturque
880 837 992 901 pro
1042 816 1270 883 Sancto
1317 815 1571 893 habere,
1622 836 2060 900 quemcunque
2100 817 2219 883 Dei
2267 837 2517 883 servum
2550 817 2673 884 Ro-

426 933 639 979 manus
675 914 965 979 Pontifex
1013 913 1434 981 canonizando
1481 914 1543 978 in
1578 913 1949 979 Sanctorum
1986 914 2340 1000 catalogum
2370 915 2671 981 retulerit.

424 1009 612 1076 Secus
662 1032 846 1096 porro
894 1032 960 1077 se
1010 1030 1111 1076 res
1160 1011 1350 1077 habet
1411 1012 1614 1094 quoad
1677 1011 1939 1076 alterum
1990 1012 2331 1078 Decretum
2395 1014 2473 1078 de
2523 1015 2673 1079 reci-

423 1110 604 1174 tando
655 1109 880 1176 Officio
943 1110 1263 1193 Missaque
1325 1109 1730 1187 celebranda;
1799 1131 1871 1175 eo
1936 1111 2104 1175 enim
2152 1109 2500 1176 Orientales
2547 1132 2670 1176 non

420 1207 709 1292 ligantur,
761 1209 877 1274 nisi
927 1210 989 1275 id
1020 1228 1313 1293 expresse
1346 1229 1383 1272 a
1407 1207 1569 1273 Sede
1603 1208 1969 1292 Apostolica
1995 1210 2352 1285 mandetur,
2387 1247 2463 1256 -
2498 1209 2671 1275 Nihil

418 1305 605 1391 igitur
652 1307 895 1385 obstat,
960 1308 1292 1391 quominus
1342 1305 1710 1372 venerabilis
1760 1306 1962 1372 clerus
2010 1306 2309 1373 ecclesiae
2357 1308 2672 1373 orientalis

418 1406 577 1471 Acta
622 1406 691 1470 in
741 1425 929 1471 causa
976 1406 1466 1471 Beatificationis
1514 1405 2000 1471 sanctimonialis
2031 1406 2409 1492 Margaritae
2437 1407 2671 1472 Mariae

418 1501 741 1587 Alacoque
786 1504 849 1568 in
898 1524 1031 1569 rem
1080 1524 1257 1569 suam
1307 1503 1660 1581 transferat,
1712 1504 2060 1586 perspectis
2108 1504 2402 1587 nimirum
2450 1506 2670 1592 ingen-

416 1599 601 1679 tibus,
655 1621 817 1685 quae
865 1601 1205 1667 cultoribus
1253 1602 1670 1667 sacratissimi
1719 1600 1940 1666 Cordis
1989 1601 2143 1666 Jesu
2173 1593 2291 1667 Dei
2331 1604 2512 1685 [iussu
2554 1603 2670 1668 ibi-

414 1699 556 1764 dem
609 1700 932 1784 proposita
979 1705 1152 1776 sunt,
1214 1701 1554 1785 gratiarum
1606 1701 1901 1783 praemiis
1951 1720 2248 1786 magnum
2298 1702 2669 1786 salubreque

415 1798 746 1863 consilium
797 1798 1119 1882 capiendO,
1170 1797 1605 1864 Sacratissimo
1644 1797 1792 1863 huic
1823 1799 1993 1863 cordi
2028 1819 2094 1863 se
2127 1799 2472 1864 devovendi
2507 1800 2670 1883 ejus-

413 1915 533 1979 que
582 1896 825 1962 cultum
883 1898 1045 1961 inter
1091 1916 1237 1961 suos
1287 1896 1709 1980 promovendi.
1807 1896 2156 1962 Nobiscum
2205 1917 2385 1983 erg0,
2453 1899 2557 1981 qui
2607 1899 2668 1963 in

412 1994 637 2060 illustri
690 1994 955 2060 ecclesia
999 1993 1281 2059 orientali
1331 1994 1701 2059 catholicam
1752 1996 2076 2060 veritatem
2127 1995 2401 2078 profiteri
2444 2014 2510 2093 ὃς
2538 1995 2671 2081 glo-

412 2093 675 2169 riantur,
724 2113 906 2158 verae
954 2093 1230 2159 caritatis
1261 2093 1523 2158 nexibus
1557 2095 1870 2159 socientur
1894 2096 1972 2158 nd
2001 2094 2304 2158 infinitam
2339 2095 2670 2159 caritatem

419 2186 661 2255 Christi
695 2193 1012 2277 patientis
1062 2202 1120 2255 et
1151 2215 1282 2278 pro
1309 2192 1558 2277 yeneris
1594 2192 1857 2255 humani
1883 2192 2314 2278 redemptione
2344 2195 2671 2258 morientis

412 2298 598 2375 atquc
648 2290 721 2354 in
767 2310 918 2354 suae
954 2292 1172 2353 mortis
1204 2291 1848 2355 commemorationem
1878 2291 2270 2354 instituentis
2303 2289 2664 2355 Sacramen-

412 2399 538 2451 tum
601 2389 893 2473 corporis
954 2398 1015 2451 et
1074 2390 1404 2475 sanquinie
1461 2389 1573 2453 sub
1624 2387 2032 2453 sanctissimi
2100 2387 2327 2454 Gordia
2388 2389 2663 2476 symbolo

411 2484 706 2551 devotius
753 2510 828 2551 ac
855 2486 1219 2572 ferventius
1263 2485 1698 2552 recolendam:
1744 2476 1970 2571 quibus
2019 2489 2079 2551 in
2129 2488 2456 2565 exercitiiS,
2508 2494 2667 2553 teste

412 2583 738 2650 Breviario
786 2604 1062 2664 romano,
1113 2584 1330 2672 religio
1381 2585 1475 2652 Ss.
1527 2585 1748 2650 Gordis
1783 2586 1936 2651 Jesu
1986 2587 2314 2670 praecipue
2363 2588 2664 2654 consistit.

595 2728 819 2813 Neque
865 2732 1073 2794 tamen
1130 2729 1524 2795 inserendum
1575 2750 1651 2795 ex
1697 2730 2029 2813 disputatis
2078 2735 2209 2806 est,
2278 2728 2664 2796 sanctissimi

412 2826 608 2913 huJus
655 2827 937 2913 mysterii
985 2828 1261 2893 studium
1289 2829 1452 2911 apud
1479 2829 1753 2894 Graecos
1785 2828 2111 2911 hucusque
2142 2828 2394 2893 omnino
2420 2828 2664 2894 siluiss‹¹

408 2927 677 3011 ejusque
724 2926 959 2992 cultum
1007 2946 1262 3011 prorsus
1309 2925 1661 3012 neglectum
1705 2926 2012 3010 jacuisse;
2062 2926 2124 2990 in
2176 2925 2385 2990 multis
2416 2927 2664 3012 provin-

409 3026 520 3090 ciis
590 3024 755 3089 enim
816 3024 1157 3090 dulcissimi
1208 3023 1427 3090 Cordis
1474 3025 1627 3089 Jesu
1692 3025 1889 3108 pietas
1952 3030 2013 3089 et
2060 3029 2272 3089 sancte
2319 3023 2560 3091 fovetur
2607 3032 2669 3091 et

410 3122 746 3208 insigniter
794 3121 974 3188 floret
1021 3128 1083 3189 et
1131 3123 1576 3190 saluberrimos
1620 3123 1967 3188 animarum
2005 3123 2246 3188 fructus
2281 3124 2565 3207 producit
2589 3125 2662 3210 ²).

409 3220 612 3301 Quod,
663 3220 828 3286 inter
874 3220 1220 3287 Orientales
1267 3223 1515 3307 saepius
1562 3223 1811 3300 versati,
1876 3222 2152 3306 ipsorum
2203 3241 2352 3287 voce
2402 3222 2664 3289 docente

409 3319 748 3384 didicimus
796 3324 980 3403 atque
1029 3340 1102 3385 ex
1146 3320 1523 3404 imaginibus
1553 3319 1663 3384 SS.
1698 3318 1918 3385 Cordis
1944 3319 2098 3385 Jesu
2133 3320 2193 3384 in
2223 3340 2438 3384 eorum
2473 3321 2668 3386 eccle-

605 3515 646 3583 ¹)
686 3515 829 3583 Quae
857 3515 1031 3586 dictio,
1069 3532 1098 3569 e
1123 3516 1338 3570 concilio
1364 3516 1688 3570 oecumenico
1714 3515 2054 3570 Lateranensi
2083 3515 2172 3568 IV.
2209 3533 2255 3570 a.
2287 3517 2425 3571 1215
2461 3522 2665 3586 sumpta

410 3601 572 3667 atque
608 3597 661 3651 in
699 3612 914 3666 corpore
945 3598 1078 3667 juris
1116 3598 1347 3653 canonici
1400 3597 1569 3651 relata
1607 3613 1719 3666 cap.
1759 3597 1917 3652 Licet
1954 3598 2196 3651 Graecos
2233 3599 2318 3651 fin.
2357 3597 2423 3651 X.
2476 3599 2538 3651 de
2577 3598 2664 3652 ba·

410 3677 606 3746 ptismo
643 3681 699 3731 et
736 3678 848 3747 ejus
885 3678 1071 3732 effectu
1109 3677 1221 3745 (III,
1258 3679 1371 3744 42),
1411 3679 1461 3731 in
1500 3678 1735 3732 omnibus
1775 3678 2240 3732 constitutionibus
2279 3677 2561 3732 Pontificiis
2601 3694 2662 3732 ea

412 3757 475 3811 de
512 3773 574 3811 rc
610 3757 887 3826 agentibus
937 3759 1179 3812 occurrit.
1270 3758 1401 3812 Sunt
1450 3762 1625 3812 autern
1676 3758 1879 3811 concilii
1932 3759 2094 3812 verba
2145 3758 2421 3827 ejusmodi:
2481 3758 2666 3826 „Licet

412 3836 645 3891 Graecos
682 3837 876 3891 nostris
913 3837 1091 3893 diebus
1128 3839 1192 3893 ad
1231 3838 1574 3893 obedientiam
1602 3837 1750 3892 Sedis
1777 3839 2108 3907 Apostolicae
2135 3843 2460 3892 revertentes
2487 3838 2662 3893 fovere

413 3932 477 3970 ac
512 3916 767 3971 honorare
804 3917 1040 3985 velimuS,
1076 3934 1246 3972 mores
1284 3934 1346 3972 ac
1382 3918 1516 3972 ritus
1554 3933 1730 3971 corum
1770 3917 1846 3983 (in
1882 3921 2129 3987 quantum
2166 3934 2280 3972 cum
2305 3917 2522 3972 Domino
2549 3934 2662 3987 poa-

412 4000 610 4064 sumus)
664 3996 992 4065 sustinendO,
1045 3999 1097 4052 in
1133 3999 1212 4052 his
1250 4003 1425 4052 tamen
1463 3998 1565 4052 illis
1604 3998 1808 4052 deferre
1845 4015 1945 4052 non
1983 3998 2216 4052 volumus
2267 4015 2360 4052 nec
2400 3999 2660 4054 debemus

411 4094 545 4149 quae
582 4078 865 4148 periculum
901 4084 1155 4147 generant
1192 4080 1477 4133 animarum
1530 4083 1584 4132 et
1621 4079 2008 4134 ecclesiasticae
2048 4079 2302 4144 derogant
2347 4079 2661 4133 honestati.“

594 4157 638 4227 ’)
679 4158 993 4213 Kalendario
1029 4159 1263 4228 populari
1301 4158 1764 4228 Italo-graecorum
1802 4159 1992 4213 festum
2029 4158 2118 4212 SS.
2141 4157 2322 4212 Cordis
2360 4158 2555 4226 legitur
2589 4160 2660 4212 in-

413 4243 610 4293 scrtum
648 4237 921 4292 Dominica
958 4237 997 4292 1.
1043 4240 1285 4308 Augusti.
1372 4238 1430 4292 In
1488 4238 1699 4307 Taqvim
1752 4254 1845 4292 seu
1891 4238 2203 4293 Kalendario
2254 4253 2344 4289 sex
2398 4238 2660 4291 nationum

416 4317 773 4384 (Latinorum,
821 4316 1065 4387 Syrorum
1102 4335 1363 4389 purorum,
1413 4318 1801 4384 Maronitarum,
1852 4317 2249 4380 Chaldaeorum,
2306 4318 2660 4374 Armenorum.

414 4398 796 4464 Melchitarum)
837 4398 1012 4467 lingna
1049 4401 1258 4454 arabica
1293 4399 1475 4469 Beryti
1514 4400 1565 4452 in
1603 4398 1754 4468 Syria
1794 4398 1949 4462 edito,
2002 4396 2275 4450 Solemm'a
2319 4396 2420 4448 SS.
2466 4397 2662 4449 Cot-dis

415 4478 833 4534 Jesa·distinete
873 4479 1143 4548 signantur
1180 4479 1400 4533 formula
1437 4475 1516 4532 ‘td
1550 4478 1673 4546 qalb
1709 4477 1882 4531 Jesn‘.

2340 4565 2442 4618 31*
