3514 5391
1482 468 1641 525 Festa
1677 470 1887 526 mobilia
1922 475 2042 541 post
2077 468 2430 524 Pentecostes.

833 582 1364 590 —m—w—
1374 583 2605 590 ΜΨ

838 669 1245 736 hebdomadis
1270 668 1468 760 Marci
1502 667 1893 755 evangelium
1921 668 2144 734 iterum
2174 668 2511 734 assumitur
2557 668 2831 753 quinque
2863 667 3081 732 diebus

838 767 1268 847 hebdomadiS,
1317 767 1594 832 sabbatis
1644 772 1854 832 tamen
1904 772 1965 832 et
1993 766 2339 833 Dominicis
2385 765 2874 841 LucaerelictiS,
2944 765 3081 831 Hac

837 865 1073 929 ratione
1121 863 1320 929 Marci
1367 883 1510 946 pars
1558 863 1883 949 potissima
1930 859 2091 928 inter
2138 857 2532 929 Matthaeum
2594 868 2656 928 et
2702 862 2940 928 Lucam
2974 863 3081 927 ab·

838 962 1121 1037 sumitur,
1189 962 1354 1044 quod
1417 982 1561 1027 vero
1626 961 1817 1027 fuerit
1875 961 2236 1046 reliquum„
2287 962 2563 1027 sabbatis
2624 965 2689 1027 et
2742 960 3086 1026 Dominicis

837 1060 1367 1146 Quadragesimae
1415 1058 1788 1138 absolvitur,
1853 1061 2379 1143 quemadmodum
2428 1079 2619 1144 supra
2655 1060 2784 1144 jam
2836 1061 2912 1125 ad
2963 1058 3085 1123 Do-

840 1159 1128 1224 minicam
1178 1157 1259 1222 ΙΙ.
1310 1155 1839 1249 Quadragesimae
1887 1151 2317 1223 annotavimus
2364 1179 2424 1243 p.
2479 1157 2626 1224 123.

841 1341 846 1345 .
1017 1281 1141 1347 Gur
1187 1288 1390 1347 autem
1442 1284 1502 1347 in
1535 1281 1827 1369 liturgica
1871 1281 1992 1358 hac
2023 1283 2214 1348 totius
2243 1283 2388 1348 anni
2419 1283 2579 1350 inter
2610 1289 2875 1367 quatuor
2897 1301 3086 1346 evan-

838 1381 1091 1467 gelistas
1122 1380 1556 1445 distributione
1594 1385 1842 1464 tempus
1873 1382 2126 1447 aestatis
2172 1387 2389 1448 sancto
2424 1380 2743 1446 Matthaeo
2773 1380 3088 1464 obtigerit,

843 1479 1055 1564 paucis
1115 1478 1391 1544 declarat
1450 1478 1499 1543 Τ
1517 1478 1558 1543 h
1576 1498 1611 1545 e
1631 1498 1666 1542 o
1682 1500 1722 1562 p
1738 1479 1781 1544 h
1799 1501 1834 1544 a
1849 1500 1941 1546 ne
1957 1500 1987 1545 s
2050 1478 2099 1546 C
2116 1500 2150 1544 e
2166 1500 2325 1545 ram
2344 1500 2380 1545 e
2395 1501 2434 1544 u
2450 1499 2514 1557 sss,
2583 1479 2901 1544 homiliam
2967 1477 3093 1561 (4.)

839 1572 933 1653 εἷς
975 1574 1089 1664 τὴν
1135 1575 1434 1662 κυριακὴν
1478 1580 1609 1640 τῶν
1656 1571 1852 1655 ἁγίων
1898 1575 2164 1642 πάντων
2209 1578 2297 1643 ita
2343 1596 2600 1643 exorsus
2625 1577 2710 1658 ¹):

948 1718 1019 1783 ‘O
1077 1716 1194 1802 μὲν
1256 1716 1476 1803 καιρὸς
1531 1716 1699 1803 πρὸς
1755 1716 1912 1784 αὐτὸ

840 1816 916 1882 τὸ
962 1821 1077 1880 τοῦ
1121 1810 1310 1908 ἔαρος
1355 1814 1518 1901 ἡμᾶς
1558 1814 1692 1898 ι’ἰγει
1723 1814 1914 1902 ἄκρο-

841 1913 1178 1982 τελεύτιον.
1257 1910 1405 1981 Ὅτε
1468 1912 1586 2001 γὰρ
1647 1913 1682 1978 ὃ
1739 1913 1918 2002 ἥλιος

843 2011 1241 2098 ,θερμοτέρας
1271 2011 1416 2098 ἡμῖν
1444 2012 1562 2091 τὰς
1582 2017 1711 2079 τῶν
1735 2010 1915 2078 ἀκτί-

846 2135 968 2176 νων
1012 2110 1213 2194 βολὰς
1259 2106 1603 2200 ὑπαφίησι,
1651 2111 1761 2177 καὶ
1788 2116 1917 2176 τῶν

846 2208 1100 2274 ἀνθέων
1152 2207 1233 2273 τὰ
1285 2208 1484 2298 κάλλη
1538 2209 1653 2274 τὸν
1707 2233 1913 2295 μαρα-

848 2306 1013 2391 σμόν
1071 2303 1619 2395 ὕπεμφαίνουσιν,
1683 2307 1801 2395 ἤδη
1846 2306 1917 2371 δὲ

847 2403 954 2470 καὶ
1001 2403 1082 2470 τὰ
1129 2403 1421 2491 ἠδύπνοα
1468 2403 1638 2495 ἄνθη
1675 2402 1914 2492 παρέρ-

844 2525 1045 2585 χεται·
1077 2501 1239 2567 ἀλλὰ
1270 2502 1637 2584 διαδέχεται
1665 2503 1741 2569 τὸ
1769 2501 1918 2568 τοί*-

845 2626 973 2666 των
1016 2599 1250 2679 κάλλος
1294 2599 1331 2689 ἡ
1378 2606 1505 2666 τιῦν
1542 2596 1769 2688 κρίνων
1813 2601 1915 2666 εὖρ

845 2699 1150 2786 πρέπεια·
1226 2699 1404 2766 δοκεῖ
1471 2699 1541 2765 δέ
1608 2725 1720 2786 μοι
1790 2705 1919 2766 τῶν

844 2797 1260 2882 εὖαγγελικῶν
1319 2796 1829 2883 ἀναγνωσμάτων
1883 2797 1920 2887 ἡ

846 2896 1027 2977 τάξις
1049 2901 1141 2981 τῷ
1164 2900 1367 2981 καιρῷ
1395 2894 1919 2980 ὀυναρμόζεσθαι

848 2991 1047 3081 εἱρμῷ
1076 3018 1226 3073 τινι,
1255 2992 1365 3059 καὶ
1396 2990 1760 3082 ἀκολουθίᾳ
1781 2999 1922 3072 τοῖς

848 3093 1098 3179 καιροῖς
1153 3091 1267 3178 τὴν
1312 3087 1738 3159 διδασκαλίαν
1785 3115 1919 3158 συν-

849 3187 1130 3274 είρουσα·
1180 3187 1398 3273 ἀμέλει
1456 3189 1574 3267 τὰς
1619 3191 1920 3276 θεολογι-

850 3287 966 3367 mig
1024 3291 1140 3353 τοῦ
1184 3287 1351 3353 κατὰ
1397 3286 1689 3377 Ἰωάννην
1745 3287 1920 3373 etiay-
1962 3342 1965 3347 .

850 3380 1060 3471 γελίου
1105 3385 1342 3473 φωνάς,
1392 3375 1502 3453 οἷά
1545 3410 1695 3452 τινα
1736 3408 1920 3453 meev-

849 3484 1092 3568 ματικά
1135 3483 1295 3569 ῥόδα
1320 3485 1759 3572 τρυγήσαντες,
1807 3480 1920 3550 ἐπὶ

853 3582 971 3661 τὰς
1045 3580 1382 3668 κρινωνιὰς
1461 3587 1577 3647 τοῦ
1646 3582 1923 3667 μεγάλου

861 3675 1221 3745 Ματθαίου
1280 3679 1551 3768 σήμερον
1607 3676 1921 3765 μεταβαί-

855 3801 1045 3863 νομεν
1103 3777 1185 3843 τὰ
1243 3776 1683 3865 καθαρώτατα
1739 3775 1924 3865 κρίνα

854 3881 983 3942 τῶν
1074 3876 1536 3963 χριστολέκτων
1629 3877 1925 3965 ῥημάτων

856 3974 1244 4065 δρεψάμενοι
1292 3971 1386 4053 εἷς
1429 3974 1543 4065 τὴν
1579 3971 1927 4060 ὁμολογίαν

859 4074 1053 4139 αἰτοῦ
1132 4071 1282 4151 τοῖς
1346 4072 1637 4163 ι’θλητᾶς
1699 4068 1928 4158 διεγεί-

855 4196 1072 4255 ροντα.

1217 4328 1285 4335 —-

2127 1720 2295 1785 Anni
2340 1724 2588 1804 tempus
2618 1719 2695 1784 ad
2727 1719 2930 1803 ipsum
2958 1718 3090 1800 jam

2023 1838 2137 1883 nos
2184 1817 2468 1901 perducit
2513 1817 2674 1882 veris
2721 1821 3091 1900 extremum.

2023 1914 2280 1996 Quando
2341 1916 2504 1980 enim
2568 1912 2658 1978 sol
2721 1913 3098 1978 ferventiora

2025 2013 2204 2078 nobis
2250 2014 2585 2079 ‘radiorum
2664 2011 2903 2096 spicula
2978 2012 3095 2076 im-

2025 2111 2232 2190 mittit,
2290 2111 2511 2177 florum
2558 2110 2796 2200 incipit·
2818 2110 3097 2195 pulchri-

2024 2211 2173 2276 tudo
2223 2228 2627 2286 marcescere,
2678 2228 2750 2274 ac
2789 2209 2921 2293 jam
2953 2229 3097 2273 sua-

2028 2307 2340 2382 veolentes
2414 2310 2808 2392 praetereunt
2873 2306 3098 2372 flores:

2026 2406 2136 2471 sed
2184 2425 2396 2471 eorum
2447 2409 2829 2470 venustatem
2870 2405 3103 2489 excipit

2027 2504 2292 2569 liliorum
2361 2505 2566 2570 decor.
2684 2504 2780 2568 Ac
2848 2504 3102 2586 ‘videtur

2027 2623 2176 2668 sane
2242 2601 2395 2666 mihi
2457 2601 2951 2686 evangelicarum
3012 2599 3099 2665 le-

1996 2702 2304 2767 ·ctionum
2380 2702 2531 2767 ordo
2606 2700 2871 2785 tempori
2947 2701 3102 2766 satis
3214 2737 3219 2742 ·

2028 2800 2533 2866 accommodatus
2551 2850 2565 2877 ‚
2634 2802 2705 2864 et
2753 2803 2901 2882 apta
2947 2818 3102 2883 qua-

1970 2974 1977 2979 ,
2026 2900 2170 2965 dam
2198 2898 2357 2963 serie
2390 2902 2453 2963 et
2482 2897 2920 2963 consecutione
2944 2902 3104 2963 tem-

2030 2997 2284 3081 poribus
2344 2995 2688 3061 doctrinam
2742 2996 3102 3061 adnectere.

2030 3095 2340 3160 Nimirum
2393 3114 2584 3178 quum
2646 3092 2952 3180 evangelii
2992 3094 3103 3159 Jo-

2028 3193 2207 3258 annis
2265 3194 2344 3257 de
2406 3192 2725 3257 divinitate
2789 3191 3105 3276 loquentis

2028 3291 2219 3357 verba
2264 3290 2439 3375 quasi
2488 3289 2836 3374 spirituales
2884 3292 3104 3356 decer-

2030 3388 2342 3480 pserimus
2359 3407 2551 3467 rosas,
2585 3387 2771 3453 hodic
2791 3387 2870 3452 ad
2890 3388 3104 3475 magni

2031 3486 2333 3551 Matthaei
2396 3485 2587 3551 lilieta
2647 3487 3103 3571 progredimur,

2029 3590 2099 3650 ut
2145 3584 2333 3650 verba
2365 3583 2592 3649 Christi
2643 3584 2720 3649 ad
2762 3584 3107 3650 confessio-

2032 3702 2174 3747 nem
2222 3683 2313 3747 sui
2365 3681 2629 3747 athletas
2670 3701 2816 3747 suos
2845 3681 3104 3748 hortan-

2031 3780 2109 3845 tis
2158 3781 2331 3865 quasi
2381 3779 2709 3864 purissima
2756 3778 2883 3844 lilia
2931 3779 3106 3844 colli-

2029 3898 2272 3965 gamus

1042 4411 1084 4482 ¹)
1125 4414 1271 4483 Apud
1311 4414 1499 4482 Migne,
1540 4414 1683 4469 Patr.
1721 4431 1801 4483 gr.
1842 4418 1879 4469 t.
1922 4414 2043 4484 132,
2083 4429 2166 4484 pp.
2206 4413 2508 4470 783-786.
