3514 5391
820 486 889 543 14
1405 486 1567 543 Festa
1602 488 1810 544 mobilia
1847 494 1968 543 ante
2006 487 2479 559 Quadragesimam.

1058 600 1215 606 ———--
1246 602 1255 605 -
1286 600 2676 608 ——-———-————-.——————--—-———
2687 601 2744 607 —-

818 707 975 771 quos
1021 707 1249 853 1121aglno
1297 707 1555 753 numero
1604 688 1857 753 adducit
1905 688 2129 755 Ferd.
2180 689 2471 754 'Petam‘
2521 688 2585 753 in
2614 689 2868 767 Diam-ie,
2919 694 2961 753 t.
3001 689 3057 765 1,
3113 736 3122 746 .

819 791 995 851 tract.
1092 836 1105 863 ‚
1184 838 1195 849 .
1245 786 1306 863 3,
1356 806 1411 853 0.
1465 787 1521 867 lj.

819 989 927 1049 De
974 989 1540 1049 nomenclatura
1588 989 1814 1048 trium
1864 989 2079 1049 Dom.
2131 989 2758 1065 septuagesimae,
2818 992 3056 1051 Sexa-

1382 1096 1736 1171 gesimam,
1789 1096 2483 1171 Quinquagesimae.

992 1240 1066 1306 In
1113 1244 1286 1306 tanta
1331 1241 1587 1327 originis
1633 1241 2092 1325 praedictorum
2124 1242 2450 1333 nominum
2480 1238 2856 1309 obscuritate
2903 1242 3059 1309 haec

819 1340 1078 1406 caeteris
1111 1338 1491 1424 probabilior
1520 1340 1877 1424 conjectura
1904 1341 2166 1419 videtur,
2218 1361 2406 1425 quam
2439 1346 2685 1426 praeter
2712 1341 2864 1408 alios
2893 1342 3055 1406 idem

817 1438 1199 1504 'Petamus
1246 1438 1435 1504 tradit
1479 1438 1519 1504 l.
1571 1459 1646 1516 0.,
1696 1438 2233 1505 denominationes
2282 1437 2815 1527 Septuaqesimae,
2866 1439 3060 1504 Sexa-

812 1538 1131 1623 9esimae,
1191 1534 1759 1622 Quinquaqesimae
1805 1539 2175 1622 repetendas
2222 1558 2360 1603 esse
2410 1560 2446 1603 a
2490 1538 2681 1603 veteri
2741 1540 2905 1624 apud
2951 1560 3059 1604 na-

816 1637 1015 1700 tiones
1062 1634 1432 1700 christianas
1491 1629 1786 1701 varietate
1848 1636 2182 1721 incipiendi
2230 1637 2516 1702 solemne
2545 1636 2854 1721 jejunium
2910 1657 3059 1721 qua-

817 1730 1261 1819 dragesimale,
1328 1733 1426 1798 vel
1482 1727 1878 1799 hebdomada
1937 1755 2061 1800 una
2120 1738 2261 1800 ante
2312 1735 2900 1820 Quadragesimam‚
2963 1734 3060 1801 vel

817 1832 1090 1911 duabus,
1152 1831 1249 1897 vel
1295 1831 1497 1897 tribus
1545 1834 1769 1898 etiam:
1820 1833 1974 1899 'aliis
2039 1834 2276 1900 scilicet
2327 1830 2632 1919 jejunium
2699 1835 2941 1900 sabbati
2999 1835 3060 1898 in

816 1930 1306 2015 Quadragesima
1349 1926 1605 1996 minime
1636 1933 2046 2011 servantibuS‚
2097 1934 2251 1999 etin
2284 1933 2785 2018 supplementum
2820 1934 3059 1999 dierum

816 2028 1283 2095 sabbatinorum
1331 2032 1393 2093 et
1425 2028 1879 2097 dominicorum
1919 2032 1981 2096 in
2012 2032 2416 2117 sexagesima
2443 2035 2505 2097 et
2535 2030 3064 2117 Quinquagesima

807 2127 1264 2212 jejunantibus;
1315 2126 1449 2192 aliis
1488 2127 1796 2212 jejunium
1829 2130 2366 2216 quadragesimale
2413 2131 2490 2195 ad
2519 2130 2686 2194 diem
2713 2129 3064 2213 palmarum

816 2225 1173 2291 finientibus
1221 2245 1293 2290 ac
1338 2248 1569 2313 magna
1614 2228 2013 2295 hebdomada
2059 2231 2380 2315 proprium
2419 2229 2727 2314 jejunium
2762 2230 3061 2295 servanti-

816 2324 933 2389 bus
995 2327 1250 2409 propter
1307 2324 1560 2391 Domini
1622 2328 2010 2411 passionem;
2081 2328 2216 2394 aliis
2280 2329 2530 2394 taudem
2590 2327 2710 2393 alia
2768 2326 3062 2392 methodo

815 2423 948 2488 dies
994 2422 1082 2487 40
1129 2415 1634 2507 computantibus
1682 2445 1754 2492 ac
1793 2426 2102 2510 jeJunium
2149 2426 2685 2513 quadragesimale
2734 2447 2768 2490 a
2798 2424 3062 2510 Septua-

815 2521 1055 2607 gesima
1101 2522 1584 2607 auspicantibus,
1680 2524 1816 2605 Qua
1875 2527 1953 2591 de
2014 2547 2081 2592 re
2139 2527 2370 2612 legesis
2434 2546 2593 2611 quae
2656 2545 2730 2591 ex
2787 2524 3058 2603 Socrate,

816 2620 1158 2686 Sozomeno
1206 2620 1465 2707 aliisque
1512 2625 1870 2690 auctoribus
1917 2625 2192 2709 disputat
2237 2626 2669 2703 Binterim‚
2720 2625 3053 2689 Denkwitr·

817 2719 1152 2806 diykeiten,
1201 2725 1349 2788 tom.
1399 2722 1463 2801 5,
1513 2728 1671 2807 part.
1722 2724 1784 2800 2,
1834 2745 1937 2808 pp.
1985 2724 2073 2789 46
2122 2745 2296 2810 seqq.

992 2837 1086 2902 Ex
1133 2837 1252 2902 hac
1299 2839 1589 2922 opinione
1635 2840 1825 2925 igitur
1872 2859 2059 2906 causa
2106 2840 2535 2926 appellationis
2581 2841 2804 2905 harum
2843 2839 3060 2904 Domi-

815 2936 1089 3001 nicarum
1139 2957 1261 3001 11011
1311 2957 1386 3001 ex
1432 2938 1696 3021 mystico
1744 2938 1949 3022 aliquo
1998 2939 2237 3004 dierum
2287 2959 2547 3004 numero
2573 2943 2670 3004 est
2699 2938 3056 3023 repetenda,

816 3035 926 3099 sed
973 3055 1119 3100 vero
1167 3055 1243 3100 ex
1291 3055 1382 3113 eo,
1434 3037 1599 3118 quod
1647 3053 1838 3119 quum
1889 3037 2239 3110 Dominica,
2307 3058 2428 3121 qua
2477 3037 2752 3103 solemne
2799 3037 3063 3120 quadra·
3157 3028 3166 3035 ’

814 3134 988 3219 ginta
1033 3132 1273 3198 dierum
1313 3132 1622 3216 jejunium
1668 3134 1733 3199 in
1784 3134 2065 3200 Ecclesia
2110 3135 2392 3201 Romana
2419 3136 2846 3212 inchoabatur,
2896 3134 3062 3200 dicta

807 3232 939 3314 jam
988 3230 1205 3296 fuisset
1259 3229 1784 3318 Quadrayesima,
1834 3253 1943 3298 seu
1992 3234 2334 3298 Dominica
2371 3235 2591 3320 prima
2636 3231 3059 3316 Quadraqeai-

813 3353 972 3409 mae,
1020 3330 1467 3413 praecedentes
1514 3329 1914 3408 Dominicae‚
1981 3354 2016 3397 a
2063 3333 2289 3416 quibus
2337 3333 2499 3398 idem
2544 3332 2848 3416 jejunium
2897 3330 3060 3415 apud

815 3427 964 3493 alias
992 3428 1272 3493 nationes
1301 3428 1661 3506 ducebatur,
1714 3439 2220 3514 nuncuparentur
2258 3429 2810 3518 Quinqaayeaima,
2861 3427 3057 3493 Sexa-

813 3528 1069 3612 qaam,
1121 3524 1618 3612 Septuayeeima,
1665 3548 1779 3612 pro
1807 3529 1976 3594 varia
1999 3530 2436 3613 anticipatione
2471 3530 2689 3615 capitis
2705 3528 2944 3613 jejunii.
2973 3565 3059 3574 —

815 3624 986 3700 Juris
1049 3626 1207 3690 sacri
1256 3626 1696 3711 interpretibus
1759 3627 1915 3694 haec
1964 3629 2272 3694 sententia
2317 3630 2615 3714 probatur
2662 3653 2710 3694 c.
2767 3625 3059 3701 Quadra-

812 3723 1049 3809 yesima
1102 3727 1165 3790 5.
1216 3724 1384 3788 Dist.
1434 3727 1510 3804 4,
1577 3726 1686 3791 ubi
1749 3727 2128 3811 praemissae
2188 3728 2501 3792 communi
2565 3727 2882 3792 doctrinae
2947 3747 3059 3789 sea:

815 3843 943 3886 csse
990 3823 1380 3909 septimanas
1434 3820 1995 3909 Quadraqesimae,
2044 3826 2403 3909 subjicitur,
2469 3831 2722 3910 propter
2767 3823 3061 3889 additam

813 3921 1142 4005 septimam
1201 3919 1655 3986 hebdomadam
1712 3934 1998 3988 vocatum
2058 3947 2188 3988 esse
2247 3926 2359 3988 hoc
2405 3923 2683 4010 spatium
2735 3922 3060 4009 Quinqua-

813 4039 1127 4104 yeszmam.

994 4132 1297 4214 Quoniam
1326 4155 1471 4200 vero
1520 4140 1647 4202 tres
1678 4137 1818 4203 illae
1853 4138 2280 4203 hebdomadae
2311 4137 2808 4224 Septaaqesima,
2860 4135 3055 4201 Sema-

812 4233 1049 4318 9esima
1114 4242 1175 4297 et
1230 4231 1767 4320 Quinquayesima
1826 4237 2148 4301 exordium
2209 4257 2390 4302 suum
2449 4255 2486 4301 a
2521 4236 2744 4322 jejunii
2793 4237 3057 4320 quadra-

814 4330 1132 4414 gesimalis
1181 4331 1619 4414 anticipatione
1667 4341 2058 4418 acceperunt,
2109 4336 2172 4399 in
2221 4335 2432 4400 multis
2482 4334 2568 4398 illi
2614 4335 2675 4398 in
2727 4333 2947 4400 Officio
2997 4339 3059 4400 et

816 4430 1011 4495 Missa
1036 4430 1529 4513 aequiparantur,
1578 4436 1900 4516 totumque
1927 4433 2091 4498 hunc
2125 4434 2310 4498 ritum
2345 4438 2641 4516 tanquam
2673 4433 3053 4517 praeludium
