3514 5391
833 515 936 568 140
1486 515 1644 569 Festa
1680 515 1887 569 mobilia
1924 515 1974 569 in
2013 514 2433 583 Quadragosima.

837 712 919 776 Ut
963 713 1152 799 igitur
1200 720 1493 779 curentur
1541 715 1827 799 viresque
1874 720 2211 792 resumant,
2263 722 2325 780 et
2372 716 2461 781 sic
2500 715 2735 781 alacres
2766 714 3057 799 reliquum

828 812 1352 897 Quadragesimac
1431 813 1756 881 dimidium
1836 819 2323 901 prosequantur,
2415 813 2707 899 implorat
2778 812 3058 878 auxilium

829 931 912 977 ss.
963 907 1224 976 Oosmae
1272 916 1335 977 et
1381 911 1689 987 Damiani,
1739 912 1887 997 quia
1933 913 2157 979 medici
2205 910 2456 979 fuerunt
2501 918 2565 978 et
2613 913 2892 979 homines
2937 933 3061 978 cor-

829 1007 1123 1092 poraliter
1183 1013 1246 1075 et
1291 1010 1695 1094 spiritualiter
1742 1013 2065 1078 sanabant.
2160 1011 2309 1078 Ideo
2367 1012 2552 1078 etiam
2601 1012 2827 1098 legitur
2871 1012 3064 1078 Evan-

827 1105 1060 1191 gelium
1121 1109 1198 1173 de
1258 1108 1523 1174 infirmis
1586 1131 1623 1174 a
1669 1110 1938 1175 Domino
2001 1110 2249 1176 curatiS.
2346 1109 2615 1177 Oonsule
2670 1111 2747 1176 D.
2797 1110 3061 1193 Prosp.

830 1202 1330 1293 Gueranger,
1382 1208 1458 1272 ad
1511 1208 1715 1292 ipsum
1766 1208 1934 1274 hunc
1981 1210 2148 1274 diem
2198 1230 2299 1294 pp.
2332 1208 2462 1274 339
2511 1228 2707 1293 seqq„
2757 1207 2863 1274 ubi
2898 1208 3065 1292 plura

829 1302 1075 1386 pietatis
1123 1306 1497 1371 documenta
1543 1327 1623 1371 ex
1673 1298 2126 1391 antiquioribus
2172 1306 2347 1373 libris
2396 1307 2663 1393 collegit,
2727 1327 2804 1372 ex
2849 1306 3065 1392 quibus

831 1421 1015 1465 unam
1063 1401 1227 1467 hanc
1273 1404 1767 1470 adhortationem
1817 1404 2169 1491 liturg-icam
2229 1425 2305 1471 ex
2350 1405 2591 1471 Missali
2642 1404 2908 1472 Gothico
2968 1425 3064 1469 ex-

830 1498 1147 1565 hibemus:
1202 1501 1657 1588 &spectantes
1701 1501 1889 1567 illam
1932 1524 2106 1590 spem
2125 1505 2459 1590 passionis
2507 1514 2566 1567 et
2596 1504 3067 1569 resurrectionis

829 1594 992 1661 Filii
1036 1599 1181 1682 Dei,
1211 1598 1468 1685 fratres
1516 1602 1837 1666 carissimi
1851 1625 1874 1681 ;
1921 1611 1981 1666 et
2023 1599 2606 1689 manifestationem
2633 1601 2881 1687 ylariae
2911 1602 3070 1666 beati

829 1705 890 1758 et
934 1693 1293 1763 Salvatorie
1339 1701 1542 1765 nostri
1585 1699 1747 1765 Jesu
1800 1697 2038 1766 Christi
2050 1727 2078 1775 ‚·
2133 1701 2428 1765 resumite
2474 1700 2705 1766 virium
2734 1700 3068 1788 fortitudi-

828 1814 986 1872 nem,
1035 1804 1095 1858 et
1139 1819 1268 1861 ποη
1313 1796 1500 1883 quasi
1525 1797 1762 1884 futu-ro
1812 1800 2181 1865 terreamini
2226 1797 2304 1864 de
2353 1796 2604 1880 labore,
2667 1801 2779 1887 qui
2835 1798 2924 1864 ad
2957 1822 3070 1886 pa·

828 1889 1060 1956 echalis
1120 1894 1471 1961 dominicae
1530 1897 1764 1983 eapitis
1829 1897 2189 1962 anhelando
2238 1899 2577 1985 pervenire
2632 1896 3069 1963 celebritatem.

830 1988 1140 2056 Sacratae
1199 1995 1426 2058 etenim
1489 1993 2031 2082 Quadraqeeimae
2093 2007 2369 2083 tempore
2426 1996 2745 2061 mediante
2808 1997 3073 2084 arripite

828 2087 905 2151 de
934 2087 1172 2175 futuro
1221 2091 1436 2157 labore
1464 2093 1780 2178 fiduciam
1792 2145 1812 2174 ,
1875 2097 1986 2182 qui
2019 2096 2368 2182 praeteriti
2395 2095 2640 2185 jejunii
2677 2098 2825 2185 jam
2874 2104 3072 2158 trans·

829 2188 1045 2273 eqietie
1091 2213 1448 2260 aerumnas.
1543 2193 1745 2258 Dabit
1790 2194 1984 2259 Jesae
2029 2193 2223 2259 laesis
2251 2194 2739 2281 fortitudinem,
2807 2193 2921 2279 qui
2956 2200 3079 2281 pro'

827 2286 1008 2351 uobis
1068 2287 1366 2376 eliquatus
1430 2301 1523 2355 est
1580 2293 1913 2377 infirmavi.
2029 2292 2289 2358 Tribuet
2341 2291 2800 2380 perfectionem
2830 2291 3075 2378 futwi,

828 2385 937 2469 qui
978 2385 1176 2450 initia
1222 2386 1485 2454 donavit
1519 2392 1887 2478 praeteriti.
1983 2391 2213 2456 Aderit
2270 2392 2341 2455 in
2406 2389 2690 2467 auxilie,
2737 2388 2915 2473 filii,
2974 2391 3078 2476 qui

828 2502 982 2546 suae
1027 2505 1142 2549 nos
1187 2487 1363 2573 eupit
1393 2490 1798 2575 praestolari
1840 2489 2114 2578 yloriam
2150 2490 2500 2577 passioni-3.

1009 2718 1200 2784 Feria
1261 2721 1360 2788 Vl.
1414 2677 1751 2789 Sacrorum
1795 2726 2064 2811 quinque
2108 2723 2434 2789 vulnerum
2482 2724 2563 2789 D.
2618 2724 2702 2790 N.
2753 2723 2820 2789 J.
2884 2721 2989 2790 Ch.

1013 2880 1105 2946 De
1152 2883 1403 2967 antiquo
1453 2884 1611 2950 festo
1661 2886 1935 2969 quinque
1983 2885 2307 2971 plagarum
2371 2906 2481 2952 seu
2530 2886 2854 2951 vulnerum
2908 2887 3074 2950 ideu-

832 2977 1024 3042 tidem
1073 2984 1279 3045 actum
1326 2983 1486 3047 scias
1535 2983 1596 3048 in
1644 2982 1849 3049 Causa
1894 2983 2295 3049 institutionis
2345 2985 2486 3049 festi
2534 3004 2614 3050 ss.
2649 2982 2870 3049 Cordis
2905 2984 3073 3048 Jesu.

832 3076 1026 3142 relata
1083 3079 1146 3142 in
1207 3100 1305 3163 op,
1369 3081 1467 3144 De
1513 3081 1873 3146 rationibus
1916 3081 2239 3168 festorum
2302 3084 2625 3169 utriusque
2686 3106 2768 3147 ee.
2826 3078 3074 3157 Gordiu,

831 3181 875 3242 t.
929 3177 985 3252 1,
1037 3178 1181 3244 edit.
1231 3179 1291 3243 5.
1387 3179 1545 3244 Prae
1606 3181 1869 3245 caeteris
1931 3181 2085 3245 adiri
2142 3180 2327 3246 velim
2392 3200 2707 3266 nunquam
2760 3180 3071 3246 laudatum

831 3275 982 3339 satis
1034 3274 1447 3358 „Memoriale
1494 3280 1928 3364 episcoporum
1973 3278 2345 3356 Poloniaffl,
2414 3280 2473 3343 in
2523 3299 2663 3362 que,
2727 3278 2891 3344 inter
2937 3277 3074 3358 alia,

832 3374 910 3437 de
959 3375 1255 3457 mysterio
1303 3376 1447 3441 festi
1495 3376 1691 3443 habes
1735 3379 1775 3460 ξ
1820 3377 1882 3453 5,
1950 3398 2007 3442 n.
2057 3377 2178 3442 41:
2228 3377 2596 3454 ‘„Goluntur
2644 3375 2841 3441 Missa
2888 3377 3073 3443 etiam

833 3474 895 3535 et
944 3471 1164 3538 Officio
1213 3475 1460 3560 proprio
1509 3476 1783 3559 quinque
1831 3475 2087 3541 vulnera
2131 3473 2382 3551 Christi,
2433 3482 2495 3541 et
2536 3479 2790 3560 propter
2821 3474 3075 3541 vulnera

833 3569 1117 3636 coluntur
1164 3574 1373 3656 pede&
1425 3594 1645 3640 manus
1691 3579 1754 3640 et
1780 3574 1944 3639 latus
1977 3574 2383 3639 amantissimi
2414 3573 2868 3658 RedemptoriS,
2916 3593 3077 3658 quae

834 3669 1288 3737 sacratissimae
1334 3673 1625 3737 dominici
1677 3672 1953 3756 corporis
2000 3676 2208 3755 partes
2247 3690 2320 3736 ea
2348 3671 2625 3755 praecise
2656 3672 2893 3736 ratione
2927 3692 3077 3756 prat,

834 3768 1093 3833 caeteris
1142 3771 1419 3854 partibus
1480 3771 1648 3837 cultu
1696 3769 1948 3855 speciali
1997 3771 2311 3856 digniores
2356 3769 2699 3847 habentur,
2763 3770 2909 3853 quia
2964 3770 3074 3834 do·

833 3865 994 3932 lores
1042 3869 1341 3952 speciales
1402 3891 1515 3955 pro
1562 3869 1761 3935 salute
1808 3873 2022 3934 nostra
2070 3889 2287 3952 passae
2337 3873 2516 3947 sunt,
2584 3873 2648 3934 et
2693 3867 2894 3954 plagis
2954 3867 3075 3933 illis

836 3963 1023 4030 veluti
1087 3969 1356 4050 quodam
1417 3968 1732 4034 illustriori
1798 3967 2028 4033 amoris
2095 3967 2453 4033 charactere
2517 3967 2847 4053 insignitae
2907 3973 3071 4033 sunt.

839 4062 1019 4129 Unde
1066 4065 1156 4143 fit,
1206 4071 1276 4131 ut
1321 4068 1542 4151 inspici
1589 4071 1651 4133 et
1697 4066 2074 4131 considerari
2124 4066 2260 4131 viva
2314 4066 2439 4131 fide
2486 4086 2607 4132 non
2656 4066 2895 4150 possint
2939 4065 3074 4129 sine

834 4163 1083 4247 speciali
1146 4164 1461 4252 religionis
1526 4187 1596 4232 ac
1645 4165 1987 4231 devotionis
2050 4184 2268 4241 sensa,
2338 4184 2459 4249 quo
2521 4165 2763 4228 animae
2823 4167 3072 4229 sanctae

835 4269 1150 4346 permotae
1183 4269 1393 4347 partes
1427 4265 1580 4343 illas,
1632 4284 1841 4330 amore
1874 4263 2067 4329 nostri
2098 4263 2424 4340 sauciatas,
2473 4260 2697 4328 affectu
2738 4263 3071 4328 tenerrimo

835 4367 897 4426 et
942 4363 1375 4428 ardentissimo
1425 4369 1815 4440 venerantur,
1866 4367 2094 4434 amant,
2146 4361 2621 4447 amplectuntur,
2671 4361 3064 4426 osculantur“

834 4471 960 4550 (op.
1012 4462 1111 4527 cit.
1163 4482 1221 4548 p.
1277 4463 1450 4548 121).
