3514 5391
793 549 1046 617 Κυριιαὴ
1086 552 1177 613 τῆς
1212 550 1445 617 τυρινῆς.
1518 547 1789 602 Dominica
1826 543 2308 619 Quinquagesimae.
2643 547 2715 604 67

445 760 681 817 ponere,
728 761 830 813 ea,
853 744 1143 818 quamvis
1182 760 1380 817 aegre,
1430 746 1506 801 ab
1545 744 1829 821 Ecclesia
1868 745 2143 809 tolerari,
2191 751 2259 802 ut
2297 745 2479 803 omnis
2519 745 2716 803 aditus

448 824 618 883 malis
646 825 838 898 longe
866 824 1245 902 gravioribus
1271 825 1731 898 intercludatur,
1771 825 2259 898 quemadmodum
2295 832 2431 900 post
2463 825 2714 884 solidam

449 904 812 977 doctamque
855 905 1452 977 argumentationem,
1507 905 1809 963 concludit
1847 905 2088 963 celeber
2124 905 2369 978 piusque
2407 906 2716 978 theologus

447 985 713 1045 Thomas
753 984 1151 1060 Stapletonus
1207 985 1268 1043 in
1320 1002 1427 1043 sua
1478 986 1747 1043 oratione
1800 990 2009 1043 octava
2069 990 2280 1043 contra
2317 986 2716 1043 bacchanalia

449 1071 516 1122 to.
556 1067 611 1122 2.
649 1083 890 1122 suorum
928 1083 1183 1137 operum,
1218 1083 1353 1137 pay.
1391 1066 1522 1120 556.
1598 1065 1916 1124 Maximum
1965 1082 2112 1124 vero
2163 1066 2486 1124 discrimen
2531 1067 2713 1125 inter-

454 1148 672 1206 cedere
716 1148 884 1205 inter
922 1162 1025 1218 ea,
1078 1163 1228 1219 quae
1267 1147 1747 1220 praecipiuntur,
1806 1153 1869 1204 et
1908 1163 2006 1218 ea,
2063 1163 2215 1219 quae
2253 1146 2712 1220 permittuntur:

454 1228 624 1283 Aliud
658 1232 766 1295 est,
803 1227 953 1298 quod
987 1226 1257 1293 docemus,
1293 1227 1450 1284 aliud
1483 1227 1627 1297 quod
1660 1228 2014 1294 sustinemus,
2060 1227 2216 1282 aliud
2249 1227 2392 1296 quod
2419 1228 2712 1283 emendare

445 1309 848 1380 praecu’pz‘mur,
900 1311 958 1361 et
979 1307 1160 1363 donec
1193 1308 1556 1375 emendemus,
1591 1310 1837 1363 tolerare
1873 1308 2257 1379 compellimur.
2330 1308 2541 1368 Verba
2578 1314 2715 1366 sunt

455 1389 648 1448 sancti
687 1387 1021 1461 Augustini
1057 1388 1147 1443 lib.
1186 1388 1283 1453 20,
1319 1392 1509 1444 contra
1547 1389 1814 1443 Faustum
1853 1406 1896 1443 c.
1935 1389 2026 1443 21.
2109 1387 2274 1448 Unde
2328 1395 2594 1461 constat,
2646 1389 2706 1446 in

455 1471 633 1527 rebus
674 1477 995 1540 utcumque
1036 1469 1110 1525 ab
1148 1468 1430 1527 Ecclesia
1466 1469 1764 1540 toleratis,
1814 1468 2036 1526 nullum
2077 1468 2543 1542 amplificationi,
2583 1470 2709 1527 nul-

460 1550 571 1608 lum
615 1549 878 1609 arbitrio
919 1565 1050 1606 esse
1089 1548 1358 1618 locum¹).

633 1630 1098 1706 Sapientissime
1148 1630 1209 1686 in
1257 1628 1373 1686 hac
1409 1630 1558 1686 urbe
1612 1644 1649 1685 a
1683 1627 1926 1687 Nostris
1965 1628 2539 1688 Praedecessoribus
2577 1646 2711 1687 san·

459 1712 639 1770 citum
679 1729 811 1771 esse
852 1708 1260 1782 comperimus,
1297 1715 1364 1767 ut
1400 1708 1669 1782 quamvis
1707 1709 1995 1784 perpauci
2020 1709 2149 1767 dies
2186 1711 2708 1769 bacchanaliorum

460 1792 745 1850 licentiae
787 1789 1211 1863 concedantur,
1250 1795 1451 1847 tamen
1492 1789 1699 1847 diebus
1737 1788 1931 1857 festis,
1972 1806 2044 1846 ac
2081 1796 2254 1848 sexta
2291 1789 2450 1849 feria
2488 1792 2710 1850 nemini

457 1873 689 1931 omnino
715 1872 907 1932 liceat
932 1871 1166 1929 larvam
1198 1886 1449 1941 sumere,
1478 1886 1549 1928 ac
1577 1869 1815 1942 publice
1844 1870 2219 1928 debacchari.
2271 1869 2441 1930 Idem
2467 1889 2709 1946 prorsus

458 1953 514 2011 in
549 1952 785 2024 reliquo
822 1950 1050 2010 Nostro
1089 1957 1253 2009 statu
1291 1951 1604 2010 observari
1635 1950 1932 2023 Jubemus,
1984 1958 2047 2008 et
2082 1951 2410 2010 voluntatis
2447 1952 2708 2013 Nostrae

457 2032 822 2095 Cardiuales
860 2032 1302 2105 provinciarum
1338 2032 1590 2104 legatos,
1629 2032 1958 2105 praesules
2005 2032 2378 2105 locorumque
2417 2035 2708 2105 guberna·

457 2122 614 2173 tores
655 2113 951 2173 certiores
988 2111 1194 2172 facere
1233 2129 1351 2171 non
1386 2112 1971 2185 praetermittemus;
2013 2111 2072 2170 id
2113 2112 2298 2170 etiam
2338 2114 2510 2172 enixe
2551 2117 2707 2188 cupi·

455 2212 597 2268 mua,
635 2196 864 2254 nullum
890 2192 1211 2252 Ecclesiae
1239 2194 1395 2253 diem
1419 2191 1639 2252 festum
1666 2193 2090 2251 circulatorum
2116 2192 2386 2262 levitate,
2428 2210 2499 2252 ac
2525 2196 2705 2254 licen·

456 2278 540 2334 tia
576 2275 963 2352 perturbari3
1015 2275 1124 2333 illa
1162 2276 1316 2333 enim
1354 2274 1560 2333 Isaiae
1601 2275 1790 2332 verba
1828 2290 2063 2347 semper
2100 2273 2286 2332 Nobis
2327 2280 2467 2333 ante
2507 2279 2706 2336 oculos

456 2360 853 2417 observantur
905 2357 1038 2426 Cap.
1073 2356 1124 2409 1.
1161 2356 1449 2411 Kalendas
1484 2359 1699 2410 vestras
1713 2396 1731 2422 ,
1783 2359 1837 2409 et
1870 2354 2243 2410 solemnitates
2293 2359 2508 2411 vestras
2544 2357 2711 2412 odiri!

454 2440 638 2493 autma
673 2453 830 2492 mea:
856 2440 1023 2509 facta
1058 2441 1190 2491 sunt
1220 2437 1361 2491 mihi
1392 2438 1639 2503 molesta,
1674 2435 1927 2491 labor-act
1947 2435 2221 2490 sustinens
2239 2451 2260 2487 .·
2314 2435 2400 2493 Et
2436 2435 2546 2495 illa
2582 2437 2705 2495 Ma-

454 2517 689 2576 lachiae
744 2535 789 2572 c.
827 2516 884 2571 2.
923 2517 1255 2587 Disperqam
1292 2534 1460 2588 supet·
1510 2516 1710 2571 vultum
1763 2520 2000 2571 vestrum
2048 2518 2264 2570 stercus
2307 2517 2703 2573 solemnitatum

453 2603 781 2653 vestrarum.
856 2595 981 2655 Sed
1020 2596 1290 2669 quoniam
1333 2598 1406 2654 ab
1433 2596 1782 2665 hominibus,
1821 2612 1972 2668 quae
2001 2600 2374 2668 expetuntur,
2413 2596 2574 2655 illico
2602 2599 2705 2656 im-

453 2680 682 2753 petrari
735 2678 898 2737 haud
935 2676 1119 2737 facile
1157 2684 1419 2753 possunt,
1457 2677 1694 2738 etiamsi
1725 2677 1895 2751 ,iusta
1934 2675 2082 2748 sint,
2133 2675 2266 2734 ideo
2305 2677 2703 2751 significamus

454 2768 713 2820 mentem
750 2760 911 2818 hanc
948 2776 1080 2818 esse
1119 2759 1417 2826 Nostram,
1475 2759 1652 2832 idque
1702 2776 1814 2832 pro
1860 2757 2075 2830 regula
2125 2757 2486 2831 habendum,
2537 2767 2606 2819 ut
2643 2762 2703 2818 in

453 2844 703 2914 urbium,
744 2838 1202 2916 oppidorumque
1227 2841 1466 2915 plateiS,
1491 2841 1588 2899 vel
1612 2841 2071 2912 quibuscumque
2100 2840 2160 2897 in
2185 2839 2348 2910 locis,
2376 2856 2485 2898 nec
2512 2857 2702 2911 mane,

455 2939 560 2982 nec
596 2938 854 2996 vespere
897 2921 1019 2979 diei
1055 2920 1197 2980 festi
1228 2921 1622 2979 circulatores
1650 2921 1868 2979 adsint.
1927 2919 2099 2994 Quod
2123 2919 2457 2991 hujusmodi
2486 2920 2701 2978 abusus

456 3002 676 3062 alicubi
704 3003 962 3062 tolerari
988 3001 1309 3067 consuevit,
1347 3017 1640 3073 nunquam
1669 3001 1961 3061 matutino
1988 3007 2254 3074 tempore
2291 2999 2702 3072 permittatnr3

453 3083 611 3143 horis
650 3082 1112 3157 pomeridianiS,
1169 3088 1450 3155 quantum
1488 3082 1622 3141 fieri
1658 3088 1885 3155 potest,
1938 3085 2336 3139 removeatur.
2421 3080 2511 3139 At
2550 3079 2601 3139 si
2640 3082 2700 3139 id

453 3163 577 3222 sine
604 3163 783 3236 gravi
808 3163 1009 3236 aliquo
1036 3163 1398 3222 incommodo
1424 3163 1660 3236 integre
1684 3163 1817 3221 fieri
1845 3167 2120 3234 nequeat,
2157 3177 2469 3233 numquam
2496 3178 2701 3234 supra-

456 3243 632 3310 dicta,
674 3250 782 3301 aut
819 3242 883 3301 id
920 3243 1158 3316 generis
1196 3243 1417 3302 solatia
1455 3244 1806 3310 tolerentur,
1853 3242 1972 3301 nisi
2009 3247 2145 3315 post
2182 3242 2426 3315 expleta
2462 3259 2700 3316 vesper·

455 3324 579 3382 tina
616 3322 840 3390 officia,
881 3331 947 3381 et
984 3323 1318 3384 doctrinam
1354 3322 1776 3385 christianam;
1816 3324 1889 3381 de
1930 3339 2045 3395 qua
2081 3322 2313 3395 quidem
2341 3338 2408 3379 re
2435 3327 2695 3379 nostrum

454 3404 584 3477 erit,
624 3402 992 3463 cardinales
1031 3404 1281 3477 legatos,
1321 3411 1385 3462 et
1417 3404 1649 3462 urbium
1688 3405 2124 3477 gubernatores
2152 3401 2331 3460 etiam
2362 3402 2697 3460 admonere.

625 3483 703 3543 In
741 3484 857 3543 tali
895 3501 1096 3543 rerum
1135 3490 1316 3543 statu‘
1336 3485 1492 3542 hanc
1526 3485 1705 3558 plane
1742 3484 2038 3542 rationem
2065 3482 2382 3541 ineundam
2408 3483 2522 3540 sibi
2540 3482 2698 3554 judi-

455 3565 614 3624 cavit
651 3573 899 3624 sanctus
941 3563 1196 3624 Carolus
1231 3564 1635 3623 Borromaens
1684 3565 1746 3623 in
1800 3581 1903 3622 suo
1952 3564 2142 3637 primo
2179 3562 2426 3620 concilio
2463 3563 2697 3635 provin—

454 3646 590 3705 ciali
615 3663 752 3717 pay.
793 3647 843 3700 1.
890 3645 989 3700 Tit.
1027 3646 1116 3700 De
1144 3649 1421 3717 festorum
1458 3645 1671 3700 dierum
1709 3646 1874 3712 calta,
1913 3644 2079 3715 cujus
2119 3642 2381 3701 decretis
2419 3643 2697 3701 addenda

452 3735 583 3786 sunt
620 3744 727 3800 ea,
782 3742 936 3798 quae
976 3726 1053 3784 ab
1094 3726 1297 3785 eodem
1335 3731 1574 3800 pastore
1624 3725 1684 3782 iu
1723 3724 1974 3783 concilio
2010 3722 2130 3782 III.
2182 3722 2536 3796 provinciali
2588 3726 2699 3783 sub

628 3935 670 4003 ¹)
708 3933 816 3989 Per
853 3932 1178 3987 occasionem
1221 3933 1524 3986 verissimae
1570 3932 1720 4001 hujus
1773 3930 2065 3985 sententiae
2115 3930 2302 3984 iterum
2353 3946 2446 3984 nos
2483 3931 2696 3985 miseret

447 4016 640 4071 illorum
679 4015 916 4070 virorum
954 4012 1435 4079 ecclesiasticorum,
1484 4013 1705 4066 maxime
1743 4013 2180 4080 Americanorum,
2231 4011 2315 4081 qui
2352 4027 2454 4065 non
2490 4012 2565 4065 ita
2592 4013 2691 4080 pri-

447 4096 553 4150 dem
588 4110 866 4151 romanum
904 4093 1170 4147 decretum
1207 4093 1513 4148 tolerantiae
1551 4094 1604 4146 in
1642 4094 1839 4147 famosa
1878 4093 2231 4147 controversia
2256 4091 2563 4145 scholastica
2591 4092 2693 4144 cdi·

446 4181 544 4230 tum
580 4177 627 4231 d.
666 4178 759 4231 21.
800 4190 919 4244 apr.
961 4173 1100 4227 1892
1137 4173 1475 4243 explanaturi,
1512 4178 1797 4228 monstrum
1835 4171 2278 4242 interpretationis
2317 4171 2691 4238 excogitarunt,

444 4257 646 4328 simplici
700 4253 999 4311 tolerantia
1049 4268 1139 4321 pro
1187 4269 1312 4307 vera
1362 4254 1730 4323 approbatione
1780 4253 1855 4305 rei
1904 4252 2159 4305 toleratae
2196 4254 2427 4318 accepta.
2503 4249 2689 4303 Verum

443 4338 541 4406 eius
575 4334 914 4410 quaestionis
954 4332 1181 4388 rationes
1218 4334 1323 4387 late
1354 4335 1463 4403 jam
1490 4349 1663 4387 sumus
1689 4332 1950 4402 prosecuti
1987 4332 2038 4385 in
2064 4331 2271 4401 proprio
2297 4330 2689 4383 commentario:

443 4416 793 4481 „Tolerari
839 4417 1098 4484 potest.
1137 4414 1222 4468 De
1243 4413 1493 4484 juridico
1530 4413 1720 4467 calore
1754 4412 1964 4466 decreti
1998 4410 2338 4465 tolerantiae.
2390 4409 2690 4477 Oeniponte,

442 4495 534 4552 Fcl.
569 4499 770 4555 Rauch.
818 4493 992 4548 1893.
1065 4491 1140 4546 Ea
1165 4493 1225 4548 de
1251 4510 1406 4548 causa
1443 4495 1492 4548 11.
1521 4495 1554 4548 l.
1581 4510 1675 4547 nec
1701 4510 1810 4546 rem
1850 4509 1941 4545 noc
1970 4493 2181 4546 verbum
2208 4490 2515 4558 explicatum
2542 4489 2690 4544 imus.

2408 4578 2471 4628 ᾗ*
