3514 5391
784 561 849 614 Ἡ
881 561 1018 632 ἁγία
1053 568 1141 615 καὶ
1178 564 1393 633 μεγάλη
1430 564 1684 634 ἑβδομιές.
1741 566 2074 622 Hebdomada
2113 571 2292 638 major.
2558 567 2662 623 21?

532 766 624 848 Τῇ
653 757 805 848 ἁγίᾳ
849 760 957 827 καὶ
988 763 1226 851 μεγάλῃ
1262 763 1477 849 τετάρ-
1707 763 1946 830 Scmcta
1983 759 2526 853 maynaqueferia
2549 770 2581 830 l
2602 769 2661 834 V.

421 885 495 946 τῃ
521 861 571 944 ¹)
599 865 714 947 τῆς
738 859 1098 950 ἄλειψάσης
1119 861 1232 926 τὸν
1243 867 1309 926 Κ
1312 862 1489 947 ι’·ριον
1593 866 1969 950 peccatricis
2014 863 2316 945 mulieris,
2365 889 2524 952 quae
2553 891 2660 930 un·

421 958 592 1045 μύρῳ
641 959 881 1047 πόρνης
925 961 1220 1044 γυναικὸς
1264 952 1490 1045 μνείαν
1596 976 1824 1048 fluento
1847 963 2186 1028 Dominum
2214 976 2509 1046 unxerat,
2547 990 2662 1029 me-

426 1063 769 1126 ποιεῖσῧαι
835 1055 893 1125 οὶ
965 1059 1303 1126 &enimam
1364 1080 1489 1123 πα·-
1596 1065 1865 1126 morium
1888 1065 2015 1150 aqi,
2039 1064 2428 1128 sanctissimi
2442 1074 2665 1149 patres

426 1156 594 1242 τέρες
641 1155 1033 1237 ἐθέσπισαν,
1081 1158 1185 1223 ὅτι
1216 1157 1347 1244 πρὸ
1374 1163 1490 1222 τοῦ
1599 1161 2034 1239 decr-eventui,
2098 1163 2264 1248 quod
2307 1164 2380 1226 id
2409 1163 2666 1249 factum

428 1251 735 1344 σωτηρίου
756 1256 1022 1334 πάθους
1046 1258 1274 1344 μικρὸν
1295 1263 1488 1324 τοῦτο
1591 1260 1794 1348 paulo
1859 1271 2004 1324 ante
2051 1261 2460 1349 salutiferam
2515 1286 2664 1348 pas·

426 1353 649 1439 γέγονε.
1599 1360 1833 1423 sionem
1880 1361 2225 1447 conti-qest&

596 1483 776 1550 Hane
822 1483 1177 1549 unctionem
1230 1485 1451 1550 Graeci
1515 1484 1871 1549 existimant
1931 1484 2110 1552 aliam
2178 1485 2253 1549 ab
2317 1505 2409 1562 ea,
2478 1504 2664 1568 quam

430 1581 697 1646 Joannes
746 1588 1053 1647 memorat
1098 1587 1241 1647 ante
1288 1602 1398 1647 sex
1444 1583 1577 1648 dies
1622 1580 1907 1647 Paschae
1952 1582 2013 1646 in
2044 1584 2249 1660 dome,
2297 1589 2367 1649 ut
2405 1582 2665 1658 videtur,

429 1681 635 1746 Lazari
685 1681 914 1745 factam
979 1685 1042 1746 et
1085 1680 1220 1764 ipso
1270 1700 1410 1746 cum
1460 1681 1611 1746 Jesu
1658 1682 2091 1757 recumbente,
2159 1701 2232 1746 ac
2279 1682 2667 1747 ministrante

427 1780 692 1858 Martha,
761 1780 927 1863 quod
989 1799 1139 1845 sane
1204 1779 1444 1844 videtur
1491 1779 1722 1844 habere
1784 1779 2006 1863 planus
2052 1780 2395 1864 scripturae
2442 1783 2706 1846 textus.‘

427 1877 823 1944 Callistus
868 1875 1300 1961 Xantopul.
1352 1881 1561 1941 autem
1609 1878 1687 1942 de
1737 1883 1946 1942 mente
1993 1897 2044 1942 s.
2093 1877 2354 1943 ‚Ioannis
2403 1877 2668 1961 Chryso·

426 1979 605 2043 stomi
653 1979 717 2042 in
768 1976 1003 2061 prolixo
1052 1974 1238 2059 hujus
1284 1975 1404 2040 diei
1453 1977 1780 2060 synaxario
1840 1996 1965 2041 non
2010 1980 2250 2041 tantum
2312 1976 2494 2041 aliam
2552 1996 2668 2039 un-

426 2077 691 2142 ctionem
739 2079 934 2159 putat‚
986 2075 1097 2139 sed
1146 2079 1208 2139 et
1255 2073 1437 2139 aliam
1487 2078 1845 2160 ungentem,
1910 2074 1973 2140 in
2022 2095 2145 2158 quo
2193 2081 2402 2140 tamen
2451 2076 2668 2139 adver-

426 2181 593 2240 satur
614 2173 865 2242 traditio
889 2171 1189 2238 ecclesiae
1209 2171 1628 2250 occidentaliS‚
1655 2173 2182 2257 quemadmodum
2206 2173 2670 2238 observavimus

426 2294 609 2358 supra
635 2277 827 2337 ‘tomo
879 2274 934 2350 1,
988 2292 1045 2354 p.
1097 2269 1248 2335 220.
1342 2270 1516 2335 Nihil
1567 2272 1844 2354 profecto
1894 2276 2077 2346 vetat,
2148 2307 2225 2319 —-
2291 2271 2481 2336 verba
2526 2275 2670 2334 sunt

426 2370 909 2438 Combefisii
957 2369 1020 2434 in
1067 2370 1238 2433 notis
1282 2370 1353 2432 in
1398 2391 1446 2435 s.
1499 2368 1825 2433 Andream
1880 2367 2265 2448 Cretensem,
2335 2406 2412 2416 —-
2478 2374 2545 2432 ut
2592 2389 2669 2433 ne

424 2470 763 2555 impensior
822 2470 885 2533 in
932 2468 1302 2551 obsequium
1351 2468 1602 2532 Domini
1651 2468 1883 2544 Maria,
1951 2488 2172 2551 quem,
2241 2472 2542 2550 concepta
2596 2487 2669 2531 ex

423 2569 628 2634 fratris
679 2568 1152 2632 resuscitatione
1200 2566 1579 2631 Judaeorum
1645 2568 1892 2644 invidia,
1959 2567 2141 2631 morti
2205 2567 2482 2650 proxime
2542 2570 2668 2630 tra-

422 2667 697 2749 dendum
743 2665 842 2732 vel
888 2665 1077 2731 sciret
1122 2663 1218 2730 vel
1267 2662 1619 2748 conjiceret,
1670 2666 1898 2730 iterum
1946 2684 2017 2729 ac
2065 2664 2234 2730 velut
2280 2664 2338 2729 in
2391 2663 2667 2749 sepultu—

422 2786 552 2831 ram
615 2765 786 2848 eju5‚
854 2785 1041 2848 quam
1089 2763 1511 2849 praeveniret,
1577 2765 1839 2829 unxerit.
1935 2763 2058 2829 Sed
2107 2784 2181 2828 ea
2225 2765 2303 2829 de
2351 2784 2416 2828 re
2479 2763 2669 2827 videri

423 2867 686 2947 possunt
732 2862 906 2945 ipsae
954 2863 1244 2948 egregiae
1292 2863 1561 2926 auctoris
1607 2873 1796 2926 notae
1843 2864 1912 2925 in
1947 2862 2107 2927 odas
2136 2860 2414 2926 hebdom.
2462 2884 2667 2945 mayn.

422 2986 465 3025 a
509 2986 559 3026 ε.
610 2961 882 3025 Andr-ea
926 2958 1208 3026 Cretensi
1234 2961 1646 3047 conscriptae,
1698 2963 1860 3044 apud
1895 2961 2128 3047 Migne,
2175 2959 2346 3027 Patr.
2370 2980 2463 3046 gr.
2498 2964 2536 3024 t.
2563 2960 2668 3034 97,

421 3081 525 3145 pp.
579 3058 1042 3126 1399—1400.
1171 3059 1262 3124 Eo
1324 3079 1511 3124 sensu
1572 3064 1780 3124 autem
1842 3056 2050 3143 πόρνη
2117 3059 2246 3124 sive
2295 3055 2670 3142 ἁμαρτωλός

420 3157 569 3245 γυνή
615 3159 863 3234 dicitur,
914 3158 1079 3243 quod
1127 3162 1293 3223 esset
1340 3159 1557 3222 eadem
1604 3158 1759 3241 ipsa,
1811 3178 1970 3241 quae
2013 3156 2179 3234 olim,
2229 3157 2343 3221 sub
2395 3155 2667 3220 medium

423 3255 924 3341 praedicationis*
952 3276 1094 3321 vere
1135 3257 1484 3341 peccatrix,
1534 3276 1607 3320 ac
1654 3262 1802 3320 tunc
1851 3256 2119 3339 primum
2170 3274 2484 3330 conversa,
2545 3252 2671 3317 Do-

427 3357 662 3420 minum
713 3355 1012 3432 unxisset,
1061 3360 1130 3418 ut
1175 3375 1224 3418 s,
1276 3354 1480 3418 Lucas
1527 3353 1720 3419 refert
1769 3374 1820 3420 c.
1878 3355 1933 3421 7.
2006 3352 2132 3418 Off.
2166 3355 2432 3418 eundem
2468 3351 2670 3417 Gom·-

424 3453 587 3518 hesi
608 3474 658 3517 s,
711 3452 861 3518 ibid.
912 3472 1015 3535 pp.
1071 3452 1526 3518 1409—1410.

607 3576 1117 3650 Quemadmodum
1156 3576 1414 3634 ecclesia
1451 3592 1675 3648 graeca
1723 3576 1900 3633 hodie
1940 3576 2154 3633 recolit
2194 3574 2538 3647 mysterium
2576 3590 2670 3627 un-

422 3658 614 3726 ynenti
647 3659 705 3711 in
744 3657 889 3711 diem
925 3658 1245 3727 sepulturae
1271 3656 1500 3715 Christi
1538 3657 2018 3730 praeparandum
2057 3655 2229 3714 effusi
2266 3654 2673 3725 (Joan.12.7)‚

432 3739 517 3795 ita
556 3744 619 3795 et
658 3738 721 3794 in
760 3737 1024 3795 ecclesia
1061 3736 1422 3796 occidentali
1461 3738 1664 3795 multis
1715 3737 1776 3794 in
1816 3737 1961 3795 locis
2013 3737 2166 3795 idem
2206 3737 2303 3793 hic
2342 3736 2468 3793 dies
2509 3752 2544 3792 a
2570 3751 2674 3803 pa-

428 3818 605 3872 randa
630 3818 942 3889 festinitate
955 3817 1216 3888 paschali
1252 3834 1459 3876 nomen
1489 3818 1751 3891 accepit3
1792 3823 1874 3887 ut,
1913 3834 2084 3889 quum
2111 3834 2164 3875 v.
2192 3834 2244 3889 g.
2276 3815 2430 3890 apud
2452 3814 2673 3873 Oecho·

431 3898 627 3957 slavos
668 3898 895 3956 dicitur
929 3899 1247 3953 seieometnd
1283 3903 1384 3965 st„
1433 3899 1487 3956 h.
1533 3918 1612 3969 e.,
1658 3898 1815 3970 seria
1853 3899 1952 3952 IV.
1994 3897 2290 3969 saliqinem
2329 3895 2672 3964 eret-rens');

430 3980 578 4052 quod
618 3980 895 4038 nimirum
937 3978 1191 4037 maximo
1229 3978 1384 4037 festo
1413 3978 1540 4052 jam
1582 3979 2092 4053 appropinquante
2131 3978 2328 4035 omnia
2355 3975 2674 4034 studiosius

430 4060 854 4125 emundentur,
913 4077 987 4117 ne
1027 4060 1166 4132 quid
1207 4059 1537 4118 inconcinni
1594 4067 1656 4117 et
1693 4059 1919 4117 sordidi
1973 4058 2030 4117 in
2079 4065 2256 4115 tanta
2293 4054 2671 4114 solemnitate

430 4140 627 4198 oculos
669 4140 937 4199 offendat
953 4139 1020 4212 ⁸).
1096 4140 1256 4213 Quin
1295 4145 1357 4198 et
1395 4158 1432 4198 a
1468 4140 1755 4211 niyredine
1793 4138 2078 4211 fuliginis,
2114 4137 2290 4196 hodie
2330 4154 2402 4194 ex
2429 4133 2675 4192 caminis

618 4362 657 4429 ¹)
698 4363 1032 4432 Antiquiores
1070 4364 1318 4419 editiones
1354 4365 1546 4419 habent
1584 4362 1821 4431 τετράδι.

613 4440 658 4505 ²)
700 4442 810 4496 Cfr.
848 4440 1132 4509 Brandl‚
1173 4444 1417 4499 Glossar.
1456 4462 1505 4515 p.
1546 4447 1670 4500 324.

614 4521 661 4588 ⁸)
702 4521 900 4591 Relege
937 4537 1070 4591 quae
1107 4539 1170 4577 ea
1206 4523 1269 4577 de
1305 4539 1363 4577 re
1399 4524 1618 4579 diximus
1655 4529 1795 4578 tomo
1835 4527 1882 4590 1,
1922 4540 1969 4593 p.
2011 4524 2128 4577 190.
