3514 5391
1038 530 1174 585 Ordo
1212 532 1461 585 festorum
1500 531 1745 586 ecclesiae
1785 548 2042 586 armenae.

882 729 1052 783 Sectio
1093 728 1202 781 VII.
1259 726 1641 784 ChatE-veratz.
1701 729 1966 783 Exaltatio
2004 730 2199 783 Crucis.

425 836 580 851 2·-—*-
605 836 808 868 ‘ssss
903 847 960 851 -<-
1011 847 1089 851 ’Δ
1161 848 1170 851 -
1211 847 1272 850 —-
1321 847 1422 852 -..—
1489 849 1523 851 ᾲ-
1549 848 1598 851 --v
1649 847 1746 852 --0
1768 848 1779 851 -
2004 847 2071 851 —e

414 910 616 975 Arm.
669 928 816 973 vero
866 910 925 973 d
976 908 1080 974 23.
1130 909 1410 992 ejusdem
1459 909 1712 975 mensis
1769 948 1846 957 —
1913 909 2145 973 Varum
2192 910 2384 975 milite

412 1006 570 1089 tyrio
632 1010 1075 1090 consumptum
1143 1007 1259 1071 sub
1308 1007 1688 1072 Maximiano
1749 1009 1812 1072 in
1860 1009 2150 1094 Aegypto
2217 1028 2358 1073 oum

409 1104 741 1170 monachis
787 1104 1013 1170 Mart.
1064 1104 1267 1171 Rom.
1337 1107 1579 1189 reponit
1625 1107 1684 1172 d.
1741 1109 1842 1173 19.
1876 1106 2009 1171 Oct.
2061 1106 2255 1171 Men.
2289 1107 2388 1172 Gr

409 1204 700 1287 ejusdem
749 1204 999 1281 mensiS,
1048 1205 1253 1269 Arm.
1286 1204 1387 1271 12.
1440 1209 1501 1268 et
1550 1206 1650 1270 18.
1683 1244 1769 1251 —
1824 1206 2145 1270 Theodota
2177 1210 2388 1289 marty]

405 1303 714 1367 nonnulla
737 1303 871 1368 Kal.
902 1301 1343 1368 Theodoritam
1393 1305 1662 1387 vocant),
1732 1324 1871 1368 eum
1924 1305 2120 1370 tribus
2180 1305 2324 1370 filiis
2372 1326 2388 1369 ε

405 1421 590 1466 eaeae
658 1401 722 1464 in
771 1400 1064 1484 Bithynia
1128 1402 1243 1466 sub
1294 1401 1687 1468 Diocletiano
1737 1404 2036 1486 martyrio
2081 1404 2293 1468 funeta
2349 1425 2383 1468 a

403 1499 612 1565 Rom.
687 1498 1021 1565 collocatur
1066 1501 1125 1565 d.
1176 1501 1237 1568 2.
1288 1502 1487 1586 Aug.,
1555 1523 1591 1566 a
1651 1501 1834 1568 Men.
1886 1504 2007 1569 Gr.
2070 1503 2128 1568 d.
2181 1502 2285 1566 22.
2340 1502 2388 1566 D

400 1600 610 1664 Arm.
672 1619 821 1663 vero
867 1600 926 1666 d.
977 1599 1079 1663 27.
1133 1599 1302 1666 Julii.

584 1778 828 1843 Feria
871 1777 1003 1844 III.
1084 1779 1339 1842 Festum
1386 1800 1469 1846 88.
1520 1779 2073 1865 Hypericitarum,
2136 1781 2246 1864 qui
2292 1778 2388 1842 δα

395 1878 828 1940 comummati
872 1887 1035 1941 sunt.

581 2003 873 2067 Fuerunt
936 2002 1034 2067 isti
1104 2006 1344 2085 septem
1412 2002 1622 2067 Sancti
1689 2007 1995 2086 martyres
2062 2023 2137 2067 ex
2201 2025 2388 2068 eorun

396 2100 579 2183 eujus
630 2120 866 2164 nomen
913 2107 1045 2166 erat
1093 2102 1471 2188 Hyperiona,
1522 2103 1718 2166 vocati
1773 2102 2203 2187 Hypericicae,
2255 2108 2316 2167 et
2363 2125 2388 2167 1¹

394 2200 777 2264 Samosatae
834 2200 1169 2265 Armeniae
1235 2201 1490 2264 minoris
1557 2201 1710 2265 urbe
1766 2201 1942 2284 jussu
2007 2201 2388 2284 imperatoris

394 2297 593 2362 miani
661 2296 895 2375 affecti,
962 2304 1145 2382 prout
1192 2298 1459 2364 refertur
1518 2300 1580 2363 in
1630 2299 1824 2364 Men.
1880 2301 2081 2363 Arm.
2132 2300 2206 2362 ad
2257 2301 2315 2365 d.
2372 2304 2388 2363 ]

583 2476 831 2541 Feria
885 2476 955 2543 V.
1014 2478 1271 2541 Festum
1303 2475 1633 2541 Severiani
1664 2476 2014 2555 Sebaste‘m',
2065 2488 2123 2541 et
2150 2477 2388 2565 Babylo

394 2599 472 2638 ac
520 2577 617 2639 84
668 2574 1129 2661 discipulorum
1176 2580 1326 2666 ejus.

591 2699 1006 2765 Severianum
1067 2702 1323 2767 militem
1375 2702 1815 2779 Sebastenum,
1885 2705 1988 2787 qui
2039 2704 2388 2788 quadragin

396 2807 577 2883 tyros
651 2800 727 2864 ad
778 2800 1142 2884 martyrium
1194 2801 1591 2876 consonavit,
1662 2806 1847 2884 atque
1915 2822 2052 2865 eam
2099 2802 2177 2866 ob
2228 2821 2388 2865 eaus·

394 2898 596 2962 etiam
650 2898 1037 2964 excruciatus
1085 2903 1180 2964 est
1227 2901 1340 2963 sub
1380 2900 1636 2975 Licinio,
1687 2899 1912 2964 Mart.
1961 2899 2166 2967 Rom.
2216 2905 2273 2964 et
2309 2899 2375 2963 M

393 3000 766 3060 memorant
828 2997 904 3061 ad
965 2999 1027 3062 d.
1084 2999 1145 3062 9.
1196 2998 1400 3082 Sept.;
1471 3000 1779 3062 Armen.
1843 3018 1986 3062 vero
2049 2999 2123 3062 ad
2189 3000 2247 3065 d.
2305 2999 2383 3063 12

392 3095 663 3159 mensis,
720 3132 799 3141 —
851 3093 1162 3182 Babylam
1192 3118 1411 3173 senem,
1463 3096 1790 3161 Leotorem
1840 3117 1980 3161 eum
2030 3098 2344 3183 octoginta

390 3192 731 3276 discipulis
780 3194 908 3258 suis
969 3194 1083 3258 sub
1133 3194 1514 3259 Maximiano
1560 3196 1856 3279 martyrio
1918 3200 2386 3279 consumptum.

392 3294 611 3357 Arm.
664 3291 856 3357 refert
900 3292 1015 3356 sub
1064 3294 1122 3358 d.
1168 3294 1229 3358 4.
1261 3293 1443 3360 Julii:
1496 3296 1556 3357 at
1583 3294 1642 3357 in
1679 3294 1902 3359 Mart.
1938 3293 2141 3360 Rom.
2193 3300 2254 3359 et
2301 3294 2388 3359 Gi

394 3390 537 3473 ejus
595 3390 959 3455 memoriam
1010 3412 1132 3456 non
1182 3391 1549 3457 invenimus,

587 3659 633 3722 S
654 3660 740 3723 ab
762 3661 799 3723 b
818 3664 963 3725 ato,
1017 3662 1269 3724 Festum
1287 3658 1597 3725 Bai-laam
1614 3660 1986 3724 Antiochiae
2009 3664 2306 3748 episcopi,
2338 3674 2388 3725 e!

397 3760 756 3822 Puerorum
802 3759 1055 3845 Ephesi,
1106 3761 1219 3844 qui·
1257 3760 1329 3823 in
1374 3769 1577 3822 monte
1635 3759 1824 3843 quos
1870 3761 2284 3823 consummati
2329 3782 2388 3821 se

588 3881 877 3961 Barlam,
927 3884 1056 3947 sive
1106 3880 1436 3962 Barlaam,
1486 3904 1673 3948 senex
1721 3884 2172 3965 Antioche-mm,
2232 3883 2388 3947 videi

397 4001 631 4066 peram
706 3980 807 4046 hic
882 3982 1086 4046 vocari
1174 3983 1500 4065 episeopus
1578 3982 1981 4047 Antioohiae:
2079 4002 2268 4066 quum
2348 4002 2386 4043 n

399 4080 608 4143 Men.
660 4079 1040 4162 reperiamus
1080 4100 1221 4144 eum
1253 4079 1443 4144 fuisse
1475 4080 1854 4164 episcopum.
1936 4081 2085 4145 Ideo
2120 4082 2178 4145 in
2213 4084 2385 4144 vetus

400 4178 748 4243 Missurum
813 4176 1141 4242 Godieibus
1214 4183 1470 4242 vocatur
1534 4184 1770 4243 tantum
1837 4177 2147 4241 Bao-laam
2207 4178 2388 4239 Anti<

400 4277 571 4341 Eum
623 4273 948 4359 Martyr.
1000 4276 1201 4340 Rom.
1255 4277 1425 4359 ponit
1472 4278 1586 4340 sub
1635 4278 1693 4341 d.
1750 4278 1846 4340 19.
1900 4277 2080 4344 Nov..
2131 4274 2322 4339 Men.
2376 4280 2388 4333 4

403 4377 617 4441 Arm.
685 4394 828 4438 vero
891 4375 993 4438 22.
1046 4373 1328 4456 ejusdem
1377 4376 1629 4441 mensis,
1697 4415 1780 4419 —
1848 4374 2083 4437 Pueros
2144 4378 2346 4437 autem

403 4474 510 4558 qui
563 4471 876 4555 fugientes
926 4473 1416 4557 persecutionem
1453 4473 1627 4537 Deeii
1675 4473 2062 4537 dormierunt
2109 4473 2170 4537 in
2219 4473 2388 4534 mont

2557 532 2663 586 615
