3514 5391
1031 542 1166 598 Ordo
1207 545 1453 599 festormu
1493 543 1738 598 ecclesiae
1779 559 2036 596 amieuae.

878 750 1049 804 Sectio
1086 750 1172 803 lv.
1235 750 1607 804 Hoke-Kalust.
1665 750 1930 803 Adventus
1968 749 2205 818 Spiritus.

420 932 759 1017 gnominati
827 939 967 996 sunt
1031 931 1433 1018 Imm-preces.
1532 931 1620 996 De
1668 932 1768 996 his
1817 930 2030 996 scribit
2079 930 2252 1012 Moy

421 1050 557 1096 ren
580 1032 799 1097 ensis
846 1051 1058 1096 eorum
1108 1030 1411 1106 alumnuS,
1464 1036 1522 1094 et
1570 1030 1670 1094 alii
1718 1029 1914 1094 multi.
1965 1068 2050 1076 —-·
2101 1029 2162 1093 S.
2210 1028 2260 1093 Ιε

427 1130 577 1193 itum
632 1129 832 1193 Arm.
883 1129 1082 1194 Men.
1134 1128 1391 1194 collocat
1438 1130 1498 1193 d.
1549 1128 1608 1195 9.
1661 1130 1865 1214 Sept:
1916 1134 1978 1192 at
2015 1130 2245 1193 festum

419 1229 680 1293 seorsim
729 1228 985 1293 sabbat-o
1036 1228 1268 1311 primae
1308 1227 1733 1293 Hebdomadis
1774 1229 2248 1312 praecipuorum

421 1325 699 1399 (Domin.
750 1325 1358 1412 Quinquagesimae).
1454 1326 1660 1391 Sancti
1712 1347 1855 1392 vero
1898 1325 2174 1391 Mesrobi
2223 1327 2260 1390 d

424 1423 492 1488 M
509 1445 619 1488 en.
674 1426 876 1489 Arm.
948 1426 1116 1509 ponit
1167 1427 1226 1490 d.
1282 1426 1383 1491 19.
1432 1425 1653 1497 Febr.;
1724 1426 1834 1489 sed
1879 1424 2139 1489 Festum
2188 1423 2260 1507 ej]

420 1523 681 1605 patebit.
752 1524 952 1609 agitur
1007 1545 1129 1589 una
1177 1543 1316 1588 cum
1368 1524 1627 1590 caeteris
1672 1523 2124 1607 Interpretibus
2174 1522 2260 1586 fer

414 1622 658 1687 eundae
709 1622 1116 1701 hebdomadis
1146 1628 1286 1706 post
1317 1623 1829 1707 Assumptionem
1850 1621 1921 1686 B.
1947 1621 2023 1686 V.
2054 1640 2247 1705 prope

409 1719 695 1784 tembris:
747 1720 861 1784 sub
888 1741 1009 1804 quo
1045 1720 1144 1785 die
1172 1722 1374 1787 Arm.
1398 1721 1600 1787 Men.
1636 1720 1859 1785 horum
1894 1725 1955 1784 et
1979 1718 2260 1784 alumnor

411 1819 1075 1884 commemorationem
1152 1819 1445 1904 assignat.
1573 1819 1765 1884 Porro
1839 1839 2028 1902 quum
2088 1817 2260 1901 -utrio

407 1917 672 1982 seorsim
744 1917 1108 2003 assignetur,
1179 1938 1368 2002 quare
1391 1936 1406 1947 ⁶
1429 1920 1649 1983 iterum
1714 1918 2056 2001 utriusque>
2097 1917 2260 1985 simu

408 2021 594 2081 netur
646 2019 1174 2082 commemoratio
1226 2023 1395 2101 patet
1444 2018 1632 2081 ratio:
1683 2036 1823 2081 nam
1876 2020 1945 2080 ut
1989 2017 2046 2080 d.
2081 2015 2184 2080 25.
2237 2015 2260 2079 1

410 2114 862 2199 Menologii
914 2106 1198 2193 refertur,
1248 2118 1520 2182 inventio
1568 2116 1997 2182 characterum
2030 2116 2260 2181 Armen

410 2214 525 2278 bus
578 2234 871 2299 magnum
935 2214 1360 2298 adjumentum
1422 2215 1812 2281 contulerunt
1877 2217 1935 2279 in
1994 2215 2260 2279 natione1

406 2313 463 2375 d.
524 2312 628 2377 17.
680 2311 865 2389 Drei,'
907 2313 1144 2379 scilicet
1192 2314 1295 2380 25.
1349 2314 1506 2380 Nov.
1558 2316 1818 2399 ideoque
1868 2315 2036 2379 Men.
2088 2313 2260 2377 illoru

409 2411 821 2475 morationem
886 2433 956 2477 eo
1017 2413 1115 2477 die
1181 2414 1409 2478 statuit.
1522 2413 1821 2493 Quoniam
1890 2412 2078 2497 igitur
2137 2412 2260 2493 juxt

410 2508 544 2573 Kal.
600 2508 757 2575 festa
806 2509 1180 2576 Novembris
1227 2510 1331 2576 hic
1379 2532 1489 2596 per
1517 2512 1799 2577 ordinem
1830 2509 2225 2584 collocantur,

406 2607 643 2672 dictum
694 2615 807 2685 est,
858 2609 995 2674 ideo
1029 2614 1169 2694 post
1202 2610 1429 2675 festum
1465 2610 1749 2675 Narsetis
1781 2607 2200 2685 Patriarchae,
2253 2631 2260 2667 ⁴

407 2709 465 2772 d.
525 2707 629 2774 19.
679 2707 876 2789 Nov,‚
944 2711 1222 2793 sequitur
1271 2711 1776 2776 commemoratio
1845 2731 1926 2773 ss
1975 2708 2170 2774 Isaaci
2239 2727 2260 2769 e·

407 2827 569 2890 quae
621 2807 885 2871 habetur
931 2809 989 2874 d.
1041 2808 1146 2872 25.
1198 2809 1572 2874 Novembris

592 3077 935 3142 SabbatO.
990 3079 1241 3142 Festum
1263 3078 1609 3141 Zachariae
1625 3077 1990 3162 prophetae,
2035 3087 2092 3140 ct
2119 3076 2182 3141 S.
2212 3078 2260 3139 F

590 3218 955 3286 Zachariam
1003 3223 1382 3306 Prophetam
1434 3223 1651 3287 Mart.
1705 3221 1908 3287 Rom.
1961 3223 1999 3284 «1
2075 3223 2133 3289 6.
2186 3225 2260 3286 Se

409 3321 690 3384 Graec.
761 3320 820 3384 d.
888 3320 948 3383 8.
1002 3320 1355 3398 Februariiss.
1425 3324 1955 3386 Armenorum
2023 3341 2166 3384 vero
2229 3321 2260 3384 d

409 3417 703 3501 assignat,
756 3419 1011 3500 proinde
1061 3419 1194 3502 ejus
1226 3420 1454 3485 festum
1486 3421 1688 3504 agitur
1711 3418 1834 3494 hic,
1887 3419 2050 3483 haud
2081 3419 2260 3503 louge

591 3525 978 3609 onuphrium
1031 3547 1173 3591 vero
1223 3535 1351 3591 tum
1403 3526 1626 3592 Mart.
1664 3525 1872 3592 Rom.
1925 3531 2053 3589 tum
2107 3528 2260 3591 (ir.⁴

412 3644 739 3708 rumque
791 3624 985 3691 Men.
1037 3627 1095 3691 d.
1152 3627 1251 3691 12.
1303 3627 1469 3690 Junii
1524 3630 1847 3709 reponunt.
1951 3625 2019 3689 V.
2074 3631 2114 3690 t.
2172 3628 2224 3690 1.

590 3894 928 3958 Dominica
988 3895 1053 3959 V.
1097 3905 1247 3980 post
1295 3896 1631 3958 Pentecoat.

590 4162 825 4227 Faria
868 4162 960 4228 II.
1029 4164 1276 4224 Festum
1339 4163 1650 4226 Tiridatis
1702 4165 1882 4248 reyis,
1951 4173 2009 4226 et
2048 4162 2260 4225 Aemi<

411 4259 827 4325 roiduchthae.

593 4392 681 4459 De
731 4404 941 4459 sancto
989 4394 1266 4461 Tiridate
1320 4398 1491 4461 Arm.
1544 4418 1709 4482 rege,
1760 4399 1861 4481 qui
1914 4418 2022 4480 per
2071 4421 2116 4461 s.
2167 4397 2260 4461 Gr

417 4490 728 4559 minatoria
780 4494 1294 4575 praedicationem
1362 4495 1419 4559 in
1473 4493 1787 4559 Christum
1848 4515 1970 4560 nna
2032 4517 2169 4559 cum
2221 4502 2260 4558 t«
