3514 5391
863 520 968 573 710

863 631 1059 638 m

1516 517 1692 569 Annus
1730 514 2112 570 ecclesiasticus
2149 514 2445 583 Coptorum.

910 716 968 780 8.
1020 716 1279 780 Festum
1330 717 1593 798 quatuor
1640 713 2022 779 Anilnalium
2069 712 2612 796 Incorporeorum,
2678 711 2780 794 qui
2831 714 2892 782 et
2939 708 3090 774 Che-

909 925 970 987 9.

874 1028 972 1094 10.

868 1433 969 1499 11.

868 1638 969 1702 12.

868 1844 967 1909 13.

868 2049 968 2113 14.

870 2254 972 2319 15.

870 2459 967 2524 16.

870 2776 969 2841 17.

871 2892 967 2957 18.

870 3104 970 3170 19.

864 3318 969 3384 20.

1044 813 1308 879 rubinici
1354 812 1517 896 Equi
1566 815 1884 877 vocantur.

1043 920 1285 986 Gomm.
1302 919 1585 1004 Dionysii
1603 919 1781 985 Alex.
1823 957 1908 965 -—
1936 916 2176 983 Oomm.
2197 938 2332 1002 syn.
2346 916 2406 982 N
2411 917 2663 982 icaenae
2678 916 3090 982 318Patruni.

1044 1028 1305 1111 Mai-tyr.
1355 1027 1712 1092 monialium
1766 1026 2074 1110 virginum
2104 1024 2191 1090 50
2238 1028 2301 1089 et
2348 1043 2559 1089 earum
2591 1024 2807 1088 matris
2835 1022 3095 1108 Sophiae

1041 1127 1158 1192 suh
1206 1125 1475 1192 Julian0.
1525 1162 1608 1172 —-
1661 1123 1901 1190 Oomm.
1948 1144 1998 1189 s.
2028 1123 2246 1188 Fausti
2294 1122 2537 1187 diaconi
2583 1121 2981 1208 alexandrini.
3018 1160 3092 1169 —

1043 1224 1282 1291 Oomm.
1347 1223 1589 1290 concilii
1650 1222 1828 1289 Rom.
1893 1223 2008 1288 sub
2072 1221 2323 1286 Victore
2357 1241 2362 1246 ·
2391 1225 2606 1285 contra
2659 1219 3097 1300 Quatuordeci·

1042 1344 1259 1389 manos
1287 1322 1354 1408 ι).

1043 1431 1341 1496 Obdorm.
1391 1451 1440 1495 s,
1490 1431 1712 1494 Annae
1760 1428 1977 1493 matris
2022 1428 2328 1493 Dominae
2360 1427 2686 1510 Deiparae.
2716 1465 2804 1473 —
2839 1427 3094 1511 Martyr.

1041 1550 1122 1595 ss
1172 1528 1486 1606 Archelai,
1537 1528 1784 1606 Elisa-ei,
1834 1526 2104 1592 Mennae
2152 1529 2214 1591 et
2260 1525 2532 1590 Uraniae
2579 1526 2795 1616 matris
2841 1525 2991 1609 ejus

1042 1637 1301 1701 Festum
1350 1634 1679 1701 Michaelis
1732 1633 2146 1719 Archangeli,
2212 1632 2430 1716 capitis
2495 1632 2750 1722 militiae
2795 1632 3096 1698 coelestis,

1044 1735 1306 1820 Martyr.
1358 1756 1407 1800 s.
1456 1733 1759 1801 Caeciliae
1805 1733 2061 1818 virginis
2107 1730 2444 1798 Romanae.

1043 1842 1337 1907 Obdorm.
1400 1863 1450 1907 s.
1500 1840 1806 1907 Timothei
1875 1860 1975 1924 ep.
2021 1838 2555 1924 Antinoopolitani
2620 1841 2684 1903 et
2729 1837 3100 1903 confessoris

1040 1940 1186 2006 fidei
1234 1939 1348 2005 sub
1399 1939 1804 2033 Diocletiane.

1045 2046 1338 2112 Obdorm.
1405 2068 1454 2112 s,
1504 2047 1761 2112 Martini
1821 2066 1917 2130 ep.
1968 2044 2268 2111 Thraciae
2291 2043 2344 2129 2)
2407 2048 2471 2109 et
2526 2043 2900 2109 confessoris
2958 2042 3100 2108 fidei

1040 2146 1157 2211 sub
1204 2146 1429 2211 arianis
1475 2145 1972 2230 imperatoribus,

1044 2253 1304 2337 Martyr.
1356 2274 1404 2320 s,
1456 2253 1681 2318 Menae
1728 2253 1983 2318 Fidelis,
2049 2288 2133 2299 --
2196 2250 2435 2316 Gomm.
2498 2250 2763 2316 Joannis
2823 2250 3100 2316 Eleemo-

1042 2353 1274 2435 synarii
1320 2352 1490 2417 Patr,
1543 2351 1719 2417 Alex,

1043 2456 1285 2525 Gomm.
1308 2457 1585 2524 Danielis
1610 2458 1873 2535 abbatie,
1903 2458 2114 2524 coaevi
2134 2478 2182 2522 s.
2206 2457 2459 2523 Antonii
2476 2456 2712 2541 Magni.
2734 2495 2820 2503 —
2843 2456 3096 2539 Mar-tyr.

1039 2555 1203 2622 Justi
1235 2557 1351 2623 sub
1370 2557 1647 2622 Maximo
1674 2556 2007 2641 praefecto.
2041 2594 2126 2605 —-
2159 2556 2480 2622 Dedicatio
2510 2551 2829 2620 Ecclesiae
2861 2575 2910 2621 s,
2938 2554 3095 2620 Onu·

1040 2654 1202 2742 phrii
1252 2661 1423 2739 extra
1470 2655 1838 2741 Memphim.

1042 2774 1387 2839 Translatio
1434 2774 1829 2859 reliquiarum
1882 2796 1931 2840 s.
1980 2774 2241 2839 Joannis
2289 2772 2738 2857 Chrysostomi.

1042 2891 1301 2974 Martyr.
1352 2911 1400 2955 S.
1451 2890 1726 2975 Philippi
1788 2890 2071 2975 Apostoli
2132 2911 2206 2956 ex
2259 2890 2360 2955 12.
2418 2927 2503 2935 ——
2567 2888 2826 2972 Martyr.
2877 2887 3092 2953 Juniae

1042 2993 1104 3053 et
1150 2987 1465 3065 Thrasiae,
1514 2988 1678 3054 filiae
1725 2990 1873 3074 imp.
1924 2988 2203 3055 Adriani.

1046 3102 1284 3170 Gomm.
1335 3124 1384 3170 s,
1438 3104 1895 3171 Bartholomaei
1945 3106 2067 3190 Ap.
2135 3143 2211 3152 -
2278 3104 2640 3187 Martyr,s.
2690 3101 2984 3167 Patritiae
3037 3104 3092 3165 et

1044 3201 1309 3267 Damalii
1358 3202 1468 3268 filii
1519 3204 1669 3287 ejus,
1723 3240 1806 3250 -—
1860 3204 2180 3270 Ded'icatio
2226 3201 2551 3269 Ecclesiae<
2590 3221 2642 3269 s,
2693 3200 2916 3286 Sergii.

1044 3316 1335 3384 Obdorm.
1388 3339 1435 3384 s,
1468 3319 1693 3385 Auiani
1734 3320 1901 3387 Patr.
1933 3319 2112 3386 Alex.
2163 3358 2248 3367 -—
2298 3318 2536 3385 Comm.
2573 3316 2782 3402 magni
2815 3315 3089 3399 martyris

1042 3414 1351 3481 Theodori
1401 3438 1473 3482 ex
1523 3403 1695 3502 Sutp.

860 3681 956 3735 que
1007 3670 1219 3736 propter
1267 3665 1586 3735 praeclaram
1615 3665 1929 3720 christianae
1955 3666 2072 3720 fidei
2104 3666 2474 3736 professionem
2506 3661 2723 3732 primum
2755 3661 2981 3715 leonibus
3016 3660 3092 3713 oh-

855 3748 1043 3815 jectuS,
1094 3746 1273 3801 deinde
1311 3747 1468 3800 variis
1506 3746 1819 3801 cruciatibus
1856 3746 2070 3802 affectus
2125 3763 2187 3800 ac
2224 3746 2431 3800 tandem
2482 3742 2667 3812 capitis
2715 3742 3091 3797 obtruncatione

863 3827 1100 3897 martyrii
1137 3829 1359 3897 palmam
1398 3831 1718 3881 consecutus,

1049 3907 1087 3974 ¹)
1127 3907 1184 3961 In
1222 3907 1497 3978 synaxario
1535 3907 1798 3962 celebrata
1836 3907 2024 3961 dicitur
2059 3924 2121 3962 ea
2148 3909 2372 3978 synodus
2409 3927 2444 3963 a
2469 3912 2876 3979 quatuordecim
2912 3913 3093 3983 episco-

849 3988 947 4057 pis
983 3991 1039 4042 et
1058 3988 1326 4058 plurimis
1360 3987 1734 4043 sacerdotibus
1772 3988 2041 4043 occasione
2079 3989 2374 4057 literarum,
2426 4008 2554 4061 quas
2600 3993 2662 4046 de
2700 3994 2901 4062 epactis
2937 3999 2988 4047 et
3021 4008 3090 4046 ra·

863 4069 999 4123 tione
1044 4068 1223 4139 jeJunii
1275 4069 1734 4138 quadragesimalis
1787 4073 1842 4122 et
1879 4068 2149 4123 Paschatis
2186 4069 2374 4139 agendi
2427 4071 2492 4125 ad
2529 4089 2571 4126 s,
2611 4072 2875 4128 Victorem
2915 4074 3092 4144 Papam

864 4150 1145 4220 scripserat
1182 4149 1494 4219 Demetrius,
1532 4149 1874 4204 Alexandriae
1911 4149 2218 4203 Patriarcha
2255 4151 2612 4219 duodecimus;
2664 4154 3013 4226 sanc-,itumque
3049 4152 3092 4225 in

863 4248 924 4285 ea
962 4231 1138 4297 fuisse,
1176 4230 1366 4284 nullum
1405 4231 1577 4300 alium,
1616 4247 1768 4301 quam
1806 4230 2058 4285 Demetrii
2096 4231 2388 4300 paschalem
2428 4233 2626 4301 cyclum
2663 4232 2714 4285 in
2753 4232 2985 4289 Ecclesia
3018 4249 3092 4285 ra·

863 4311 1053 4365 tholica
1090 4326 1205 4365 esse
1244 4311 1629 4365 admittendum.
1704 4311 1806 4365 Sed
1856 4312 2108 4380 exigenda
2145 4311 2273 4366 haec
2308 4318 2429 4366 sunt
2465 4313 2529 4366 ad
2567 4317 2792 4375 textum,
2849 4331 2997 4385 quem
3031 4313 3088 4366 de

864 4391 1041 4444 eodem
1078 4408 1119 4444 s,
1158 4390 1368 4445 Victore
1407 4408 1469 4445 ex
1510 4392 1689 4445 libro
1726 4391 2133 4448 Pontificali
2165 4393 2274 4464 jam
2312 4392 2542 4449 dedimus
2579 4409 2736 4463 supra
2773 4410 2822 4467 p.
2863 4396 2982 4454 281.

1044 4470 1088 4539 ²)
1128 4473 1209 4526 Al.
1248 4470 1574 4528 Turonensis,
