3514 5391
995 544 1131 605 Ordo
1171 550 1421 604 festorum
1459 545 1706 605 ecclesiae
1745 559 2003 602 armenae.

389 660 566 669 ——-—...---
595 664 661 670 -—
719 664 867 670 δ’,
911 662 1574 669 —-——————
1589 661 1662 666 —

840 747 1010 803 Sectio
1047 745 1159 802 VH.
1217 744 1599 802 chatz-veram.
1653 745 1918 802 Exaltatio
1957 743 2154 800 Crucis,

380 922 580 992 Rom.
629 925 691 992 d.
744 925 803 990 8.
856 924 1018 1001 Jan.,
1070 943 1214 990 cum
1263 925 1671 988 Maoeimiano
1721 928 1785 988 et
1828 921 2098 988 Juliano
2149 942 2204 988 sc

378 1039 556 1104 quam
606 1022 672 1086 in
722 1022 923 1088 Arm.
973 1021 1257 1088 Menol.
1305 1021 1476 1086 nulla
1522 1022 1654 1105 ejus
1700 1021 2045 1105 reperiatur
2092 1039 2204 1085 con

550 1127 843 1192 Secundo
901 1128 1175 1193 Tam-achi
1237 1129 1454 1212 (quem
1502 1127 1688 1211 aliqui
1737 1128 2036 1192 mendose
2085 1128 2202 1192 scri

374 1225 637 1309 chrum),
691 1225 885 1289 Probi
930 1230 992 1291 et
1021 1224 1400 1304 Andronici,
1450 1227 1555 1309 qui
1604 1226 1717 1290 sub
1751 1225 2138 1289 Diocletiano
2168 1225 2204 1288 'I

374 1325 741 1408 martyrium
804 1330 1343 1399 consummarunt,
1412 1344 1691 1407 quosque
1746 1324 1975 1390 Mart.
2026 1322 2204 1388 Rom

371 1425 573 1489 Arm.
632 1423 695 1490 d.
750 1425 851 1491 11.
884 1422 1017 1488 Oct.
1069 1422 1404 1499 collocant3
1456 1421 1580 1488 Gr.
1633 1443 1780 1487 vero
1827 1423 1886 1488 d.
1922 1422 2022 1487 12.
2058 1422 2204 1504 ejus«

366 1519 681 1604 Pleraque
729 1521 1110 1586 Kalendaria
1160 1520 1256 1585 his
1305 1522 1686 1605 martyribus
1734 1522 2063 1596 adnotatiS,
2130 1522 2203 1585 ad

363 1641 628 1703 rumque
680 1618 1134 1705 discipulorum
1184 1616 1409 1698 Pauli,
1472 1621 1636 1702 quod
1683 1620 1905 1702 reliqui
1955 1619 2200 1683 codices

364 1717 487 1781 tius
537 1718 733 1782 biduo
791 1722 932 1783 ante
982 1716 1302 1793 collocant,
1354 1717 1508 1782 feria
1553 1738 1780 1801 nempe
1828 1717 2060 1800 quinta,
2112 1718 2204 1782 scs

364 1820 426 1879 et
474 1815 619 1894 Titi,
676 1819 859 1900 prout
906 1816 1092 1881 etiam
1142 1836 1178 1879 a
1225 1816 1405 1880 nobis
1452 1815 1689 1880 sactum
1738 1820 1864 1879 est:
1917 1815 2146 1879 etenim
2195 1816 2204 1843 ¹

364 1913 516 1978 socii
566 1934 696 1978 non
745 1914 996 1979 fuerunt
1042 1913 1349 1997 discipuli,
1402 1920 1504 1979 aut
1552 1914 1868 1978 coaetanei
1918 1913 2127 1991 Pauli,
2195 1939 2204 1973 ι

360 2012 526 2077 rium
588 2013 901 2078 subierint
966 2015 1081 2078 sub
1151 2013 1570 2091 Diocletiano,
1635 2014 1899 2095 ideoque
1965 2032 2204 2077 comme

362 2110 821 2194 discipulorum
884 2110 1062 2176 Pauli
1143 2112 1218 2175 iis
1286 2111 1663 2197 subjungere
1729 2111 1986 2175 minime
2053 2111 2204 2175 videl

368 2213 649 2274 taneum.

542 2318 757 2382 Tertio
807 2317 1105 2402 Pelayiae
1154 2317 1431 2401 Virginis
1479 2318 1821 2382 Tarsensis⁴
1872 2336 2031 2399 quae
2081 2318 2195 2382 sub

366 2436 559 2480 aeneo
612 2423 790 2482 tauro
840 2417 1076 2481 ardenti
1127 2415 1365 2480 inclusa
1405 2416 1771 2499 martyrium
1821 2415 2089 2498 pertulit,
2139 2418 2204 2481 dc

367 2514 578 2582 Rom.
634 2517 692 2580 d.
744 2516 807 2579 4.
840 2515 1012 2598 Maji‚
1065 2515 1263 2581 Men.
1315 2517 1434 2580 Gr.
1487 2517 1545 2579 d.
1599 2516 1658 2580 7.
1693 2514 1849 2591 Oct„
1902 2516 2190 2579 Armen

371 2614 431 2679 d.
483 2615 546 2678 8.
602 2613 800 2697 ejusd.
852 2614 1103 2678 mensiS.

553 2901 898 2964 Dominio-a
957 2900 1059 2965 VJ.
1098 2910 1251 2987 post
1296 2900 1773 2964 Eraltationem
1819 2924 1868 2964 8.
1926 2899 2160 2964 Cmcis.

554 3062 803 3127 Feria
848 3061 938 3128 II.
1025 3062 1280 3125 Festum
1328 3062 1602 3147 Lonqim'
1648 3062 2053 3140 centurioni3‚
2110 3086 2204 3147 qui

371 3158 781 3242 cruczflaeione
827 3160 1139 3239 eredidit;
1198 3171 1257 3223 et
1302 3160 1542 3245 Joseph
1593 3159 1829 3246 Sponsi
1874 3160 1949 3224 B.
2001 3162 2098 3223 ΝΤ.
2163 3161 2204 3224 V

369 3256 895 3336 Avimatlaeensis,
946 3267 1005 3321 et
1056 3258 1292 3321 Lazari
1338 3261 1528 3322 amici
1567 3256 1820 3339 Christi,
1872 3282 1945 3321 ac
1982 3281 2204 3322 sororu

369 3358 513 3419 riae
564 3366 625 3419 et
674 3357 994 3421 Marthae.

553 3498 906 3584 Lonyinum
953 3500 1411 3575 centurionem,
1482 3499 1585 3583 qui
1633 3499 1694 3563 in
1746 3498 1975 3563 Christi
2026 3500 2204 3564 cruci]

372 3596 547 3670 didit,
600 3595 822 3661 Mart.
873 3595 1075 3663 Rom.
1126 3597 1186 3660 d.
1246 3597 1342 3662 15.
1391 3598 1601 3662 Martii
1663 3597 1954 3673 collocat3
2024 3604 2085 3661 at
2133 3598 2200 3661 M

371 3697 581 3760 Arm.
632 3697 690 3760 d.
747 3696 847 3761 16.
899 3695 1030 3760 Oct.
1078 3734 1164 3741 ——
1212 3696 1509 3781 Joseple,
1561 3695 1801 3779 Sponso
1851 3696 1925 3759 B.
1985 3699 2073 3759 M.
2129 3697 2197 3762 V.

373 3799 435 3856 et
482 3795 686 3858 Arm.
754 3799 991 3858 certum
1041 3794 1202 3858 diem
1267 3815 1392 3858 non
1440 3796 1780 3879 assignant.
1874 3795 2204 3880 Josephum

375 3913 583 3954 ensem
628 3891 849 3956 Mart.
901 3890 1105 3957 Rom.
1156 3892 1346 3957 refert
1394 3894 1465 3957 ad
1518 3895 1575 3958 d.
1634 3893 1734 3958 17.
1787 3893 2014 3957 Martii.
2109 3894 2201 3956 Vo

375 3994 437 4054 et
485 3991 689 4055 Arm.
742 3990 1113 4075 Menologiis
1176 4011 1299 4055 non
1347 3991 1612 4056 habetur
1657 3992 1733 4055 de
1785 4012 1855 4055 eo
1903 3992 2188 4075 specialis

376 4088 628 4153 rationis
675 4091 826 4156 dies,
885 4128 960 4137 —
1014 4090 1297 4153 Lazarus
1365 4092 1693 4174 quatriduo
1757 4098 1896 4175 post
1959 4097 2204 4155 morten·

377 4187 780 4252 resuscitatus
846 4190 1433 4255 commemoratione
1499 4192 1769 4256 refertur
1839 4191 1953 4255 sub
2021 4192 2120 4256 die
2189 4192 2204 4252 1

379 4284 603 4351 Mart.
653 4284 1002 4360 Roman,
1073 4287 1292 4351 sedin
1347 4288 1543 4355 Men.
1595 4291 1902 4353 Armen.
1973 4290 2031 4354 d.
2097 4290 2195 4354 11.

383 4382 480 4447 16.
516 4381 744 4450 Martii.
795 4423 883 4432 —-
931 4387 1231 4449 Marthae
1279 4386 1413 4469 ejus
1461 4387 1677 4464 sorori,
1716 4407 1921 4468 *quam
1970 4387 2202 4452 Mart.

382 4478 541 4544 locat
588 4482 645 4547 d.
696 4483 799 4549 29.
850 4483 1018 4562 Julii,
1070 4485 1130 4549 in
1181 4484 1446 4552 Menol.
1501 4487 1619 4550 Gr.
1670 4489 1734 4548 et
1775 4487 1970 4549 Arm.
2025 4486 2204 4551 nullu:
