<?xml version="1.0" encoding="UTF-8"?>
<!DOCTYPE html PUBLIC "-//W3C//DTD XHTML 1.0 Transitional//EN"
    "http://www.w3.org/TR/xhtml1/DTD/xhtml1-transitional.dtd">
<html xmlns="http://www.w3.org/1999/xhtml" xml:lang="en" lang="en">
 <head>
  <title>
</title>
<meta http-equiv="Content-Type" content="text/html;charset=utf-8" />
  <meta name='ocr-system' content='tesseract 3.04.00' />
  <meta name='ocr-capabilities' content='ocr_page ocr_carea ocr_par ocr_line ocrx_word'/>
</head>
<body>
  <div class='ocr_page' id='page_1' title='image "./kalendariummanu00nillgoog_0077.png"; bbox 0 0 3514 5391; ppageno 0'>
   <div class='ocr_carea' id='block_1_1' title="bbox 824 502 2670 599">
    <p class='ocr_par' dir='ltr' id='par_1_1' title="bbox 824 502 2670 599">
     <span class='ocr_line' id='line_1_1' title="bbox 824 502 2670 599; baseline 0.002 -19"><span class='ocrx_word' id='word_1_1' title='bbox 824 526 1071 597; x_wconf 78' lang='grc' dir='ltr'><strong><em>Κυριακὴ</em></strong></span> <span class='ocrx_word' id='word_1_2' title='bbox 1112 532 1203 594; x_wconf 72' lang='grc' dir='ltr'><strong>τῆς</strong></span> <span class='ocrx_word' id='word_1_3' title='bbox 1239 526 1501 598; x_wconf 60' lang='lat' dir='ltr'><strong>duringum.</strong></span> <span class='ocrx_word' id='word_1_4' title='bbox 1577 526 1846 584; x_wconf 83' lang='lat' dir='ltr'><strong>Dominica</strong></span> <span class='ocrx_word' id='word_1_5' title='bbox 1882 529 2265 599; x_wconf 77' lang='lat' dir='ltr'><strong>sexagesimae.</strong></span> <span class='ocrx_word' id='word_1_6' title='bbox 2393 564 2400 571; x_wconf 87' lang='lat'>-</span> <span class='ocrx_word' id='word_1_7' title='bbox 2599 502 2670 584; x_wconf 41' lang='lat'><strong>41&#39;</strong></span> 
     </span>
    </p>
   </div>
   <div class='ocr_carea' id='block_1_2' title="bbox 1182 644 1361 649">
    <p class='ocr_par' dir='ltr' id='par_1_2' title="bbox 1182 644 1361 649">
     <span class='ocr_line' id='line_1_2' title="bbox 1182 644 1361 649; baseline 0 0"><span class='ocrx_word' id='word_1_8' title='bbox 1182 644 1361 649; x_wconf 95' lang='lat' dir='ltr'><strong> </strong></span> 
     </span>
    </p>
   </div>
   <div class='ocr_carea' id='block_1_3' title="bbox 426 727 2672 1110">
    <p class='ocr_par' dir='ltr' id='par_1_3' title="bbox 426 727 2672 1110">
     <span class='ocr_line' id='line_1_3' title="bbox 428 727 2672 812; baseline 0.001 -23"><span class='ocrx_word' id='word_1_9' title='bbox 428 732 635 790; x_wconf 83' lang='lat' dir='ltr'><strong>notum</strong></span> <span class='ocrx_word' id='word_1_10' title='bbox 687 732 813 803; x_wconf 82' lang='lat' dir='ltr'><strong>est,</strong></span> <span class='ocrx_word' id='word_1_11' title='bbox 877 732 1009 792; x_wconf 83' lang='lat' dir='ltr'><strong>tam</strong></span> <span class='ocrx_word' id='word_1_12' title='bbox 1059 729 1403 793; x_wconf 78' lang='lat' dir='ltr'><strong>sanctitatis</strong></span> <span class='ocrx_word' id='word_1_13' title='bbox 1450 748 1635 812; x_wconf 88' lang='lat' dir='ltr'><strong>quam</strong></span> <span class='ocrx_word' id='word_1_14' title='bbox 1684 729 2004 794; x_wconf 87' lang='lat' dir='ltr'><strong>doctrinae</strong></span> <span class='ocrx_word' id='word_1_15' title='bbox 2054 728 2302 793; x_wconf 88' lang='lat' dir='ltr'><strong>nomine</strong></span> <span class='ocrx_word' id='word_1_16' title='bbox 2367 728 2429 791; x_wconf 92' lang='lat' dir='ltr'><strong>in</strong></span> <span class='ocrx_word' id='word_1_17' title='bbox 2478 727 2672 792; x_wconf 85' lang='lat' dir='ltr'><strong>ecclc-</strong></span> 
     </span>
     <span class='ocr_line' id='line_1_4' title="bbox 426 817 2670 911; baseline 0.001 -23"><span class='ocrx_word' id='word_1_18' title='bbox 426 824 685 889; x_wconf 85' lang='lat' dir='ltr'><strong>siasticis</strong></span> <span class='ocrx_word' id='word_1_19' title='bbox 733 825 963 891; x_wconf 81' lang='lat' dir='ltr'><strong>tabulis</strong></span> <span class='ocrx_word' id='word_1_20' title='bbox 1012 817 1417 892; x_wconf 81' lang='lat' dir='ltr'><strong>celeberrimo</strong></span> <span class='ocrx_word' id='word_1_21' title='bbox 1447 828 1516 911; x_wconf 89' lang='lat'><strong>¹).</strong></span> <span class='ocrx_word' id='word_1_22' title='bbox 1603 828 1882 894; x_wconf 81' lang='lat' dir='ltr'><strong>Breviori</strong></span> <span class='ocrx_word' id='word_1_23' title='bbox 1930 827 2138 911; x_wconf 87' lang='lat' dir='ltr'><strong>aliqua</strong></span> <span class='ocrx_word' id='word_1_24' title='bbox 2182 826 2563 910; x_wconf 79' lang='lat' dir='ltr'><strong>expositione</strong></span> <span class='ocrx_word' id='word_1_25' title='bbox 2610 826 2670 890; x_wconf 90' lang='lat' dir='ltr'><strong>in</strong></span> 
     </span>
     <span class='ocr_line' id='line_1_5' title="bbox 428 922 2670 1011; baseline 0.001 -25"><span class='ocrx_word' id='word_1_26' title='bbox 428 922 539 986; x_wconf 89' lang='lat' dir='ltr'><strong>hoc</strong></span> <span class='ocrx_word' id='word_1_27' title='bbox 584 943 825 989; x_wconf 89' lang='lat' dir='ltr'><strong>canone</strong></span> <span class='ocrx_word' id='word_1_28' title='bbox 873 925 1248 991; x_wconf 85' lang='lat' dir='ltr'><strong>commorari</strong></span> <span class='ocrx_word' id='word_1_29' title='bbox 1294 926 1614 1003; x_wconf 80' lang='lat' dir='ltr'>debemus,</span> <span class='ocrx_word' id='word_1_30' title='bbox 1665 928 1832 1010; x_wconf 89' lang='lat' dir='ltr'><strong>quod</strong></span> <span class='ocrx_word' id='word_1_31' title='bbox 1871 925 2269 1011; x_wconf 84' lang='lat' dir='ltr'><strong>praecipuum</strong></span> <span class='ocrx_word' id='word_1_32' title='bbox 2304 924 2437 1009; x_wconf 88' lang='lat' dir='ltr'><strong>ejus</strong></span> <span class='ocrx_word' id='word_1_33' title='bbox 2485 944 2670 1010; x_wconf 87' lang='lat' dir='ltr'><strong>argu-</strong></span> 
     </span>
     <span class='ocr_line' id='line_1_6' title="bbox 428 1022 1635 1110; baseline 0.005 -26"><span class='ocrx_word' id='word_1_34' title='bbox 428 1025 701 1085; x_wconf 84' lang='lat' dir='ltr'><strong>mentum</strong></span> <span class='ocrx_word' id='word_1_35' title='bbox 750 1022 829 1086; x_wconf 86' lang='lat' dir='ltr'><strong>ad</strong></span> <span class='ocrx_word' id='word_1_36' title='bbox 876 1022 1329 1110; x_wconf 84' lang='lat' dir='ltr'><strong>heortologiam</strong></span> <span class='ocrx_word' id='word_1_37' title='bbox 1378 1030 1635 1110; x_wconf 77' lang='lat' dir='ltr'><strong>spectet.</strong></span> 
     </span>
    </p>
   </div>
   <div class='ocr_carea' id='block_1_4' title="bbox 428 1145 2674 1825">
    <p class='ocr_par' dir='ltr' id='par_1_4' title="bbox 428 1145 2674 1825">
     <span class='ocr_line' id='line_1_7' title="bbox 599 1145 2670 1235; baseline 0 -25"><span class='ocrx_word' id='word_1_38' title='bbox 599 1145 1005 1231; x_wconf 83' lang='lat' dir='ltr'><strong>Tripartitum</strong></span> <span class='ocrx_word' id='word_1_39' title='bbox 1069 1155 1165 1214; x_wconf 88' lang='lat' dir='ltr'><strong>est</strong></span> <span class='ocrx_word' id='word_1_40' title='bbox 1224 1170 1409 1234; x_wconf 81' lang='lat' dir='ltr'><strong>opuS‚</strong></span> <span class='ocrx_word' id='word_1_41' title='bbox 1480 1170 1548 1215; x_wconf 88' lang='lat' dir='ltr'><strong>ac</strong></span> <span class='ocrx_word' id='word_1_42' title='bbox 1598 1151 1800 1235; x_wconf 88' lang='lat' dir='ltr'><strong>primo</strong></span> <span class='ocrx_word' id='word_1_43' title='bbox 1848 1151 1983 1215; x_wconf 90' lang='lat' dir='ltr'><strong>loco</strong></span> <span class='ocrx_word' id='word_1_44' title='bbox 2031 1149 2424 1215; x_wconf 79' lang='lat' dir='ltr'><strong>celebrantur</strong></span> <span class='ocrx_word' id='word_1_45' title='bbox 2472 1148 2670 1213; x_wconf 86' lang='lat' dir='ltr'><strong>sancti</strong></span> 
     </span>
     <span class='ocr_line' id='line_1_8' title="bbox 430 1246 2674 1333; baseline 0.001 -25"><span class='ocrx_word' id='word_1_46' title='bbox 430 1249 688 1321; x_wconf 75' lang='lat' dir='ltr'><strong>ascetae,</strong></span> <span class='ocrx_word' id='word_1_47' title='bbox 760 1246 978 1311; x_wconf 88' lang='lat' dir='ltr'><strong>ordine</strong></span> <span class='ocrx_word' id='word_1_48' title='bbox 1030 1247 1422 1332; x_wconf 80' lang='lat' dir='ltr'><strong>alphabetico</strong></span> <span class='ocrx_word' id='word_1_49' title='bbox 1470 1249 1788 1333; x_wconf 85' lang='lat' dir='ltr'><strong>dispositi,</strong></span> <span class='ocrx_word' id='word_1_50' title='bbox 1851 1248 1994 1313; x_wconf 78' lang='lat' dir='ltr'><strong>odis</strong></span> <span class='ocrx_word' id='word_1_51' title='bbox 2040 1250 2255 1327; x_wconf 83' lang='lat'><em>1—6,·</em></span> <span class='ocrx_word' id='word_1_52' title='bbox 2328 1252 2674 1331; x_wconf 89' lang='lat' dir='ltr'><strong>sequuntur</strong></span> 
     </span>
     <span class='ocr_line' id='line_1_9' title="bbox 429 1345 2674 1431; baseline 0.001 -24"><span class='ocrx_word' id='word_1_53' title='bbox 429 1348 671 1409; x_wconf 83' lang='lat' dir='ltr'><strong>sanctae</strong></span> <span class='ocrx_word' id='word_1_54' title='bbox 736 1345 1077 1423; x_wconf 84' lang='lat' dir='ltr'><strong>foeminae,</strong></span> <span class='ocrx_word' id='word_1_55' title='bbox 1146 1345 1274 1410; x_wconf 82' lang='lat' dir='ltr'><strong>oda</strong></span> <span class='ocrx_word' id='word_1_56' title='bbox 1324 1349 1396 1427; x_wconf 87' lang='grc'><strong>7,·</strong></span> <span class='ocrx_word' id='word_1_57' title='bbox 1479 1348 1731 1412; x_wconf 89' lang='lat' dir='ltr'><strong>tertium</strong></span> <span class='ocrx_word' id='word_1_58' title='bbox 1795 1348 2063 1431; x_wconf 89' lang='lat' dir='ltr'><strong>denique</strong></span> <span class='ocrx_word' id='word_1_59' title='bbox 2127 1347 2330 1411; x_wconf 89' lang='lat' dir='ltr'><strong>locum</strong></span> <span class='ocrx_word' id='word_1_60' title='bbox 2393 1346 2674 1411; x_wconf 87' lang='lat' dir='ltr'><strong>obtinent</strong></span> 
     </span>
     <span class='ocr_line' id='line_1_10' title="bbox 430 1442 2673 1528; baseline 0 -22"><span class='ocrx_word' id='word_1_61' title='bbox 430 1443 619 1507; x_wconf 87' lang='lat' dir='ltr'><strong>sancti</strong></span> <span class='ocrx_word' id='word_1_62' title='bbox 678 1443 1003 1509; x_wconf 85' lang='lat' dir='ltr'><strong>Ecclesiae</strong></span> <span class='ocrx_word' id='word_1_63' title='bbox 1066 1449 1345 1528; x_wconf 89' lang='lat' dir='ltr'><strong>pastores</strong></span> <span class='ocrx_word' id='word_1_64' title='bbox 1411 1466 1482 1511; x_wconf 88' lang='lat' dir='ltr'><strong>ac</strong></span> <span class='ocrx_word' id='word_1_65' title='bbox 1543 1447 1863 1524; x_wconf 80' lang='lat' dir='ltr'><strong>doctoreS,</strong></span> <span class='ocrx_word' id='word_1_66' title='bbox 1927 1445 2072 1509; x_wconf 74' lang='lat' dir='ltr'><strong>odis</strong></span> <span class='ocrx_word' id='word_1_67' title='bbox 2116 1447 2313 1511; x_wconf 81' lang='lat'><em>8-9,</em></span> <span class='ocrx_word' id='word_1_68' title='bbox 2407 1444 2533 1509; x_wconf 82' lang='lat' dir='ltr'><strong>Eos</strong></span> <span class='ocrx_word' id='word_1_69' title='bbox 2571 1442 2673 1508; x_wconf 87' lang='lat' dir='ltr'><strong>hic</strong></span> 
     </span>
     <span class='ocr_line' id='line_1_11' title="bbox 428 1541 2671 1630; baseline 0 -25"><span class='ocrx_word' id='word_1_70' title='bbox 428 1541 890 1607; x_wconf 85' lang='lat' dir='ltr'><strong>recensebimus</strong></span> <span class='ocrx_word' id='word_1_71' title='bbox 938 1562 1157 1609; x_wconf 89' lang='lat' dir='ltr'><strong>omnes</strong></span> <span class='ocrx_word' id='word_1_72' title='bbox 1207 1544 1283 1608; x_wconf 88' lang='lat' dir='ltr'><strong>ad</strong></span> <span class='ocrx_word' id='word_1_73' title='bbox 1330 1544 1609 1610; x_wconf 88' lang='lat' dir='ltr'><strong>ordinem</strong></span> <span class='ocrx_word' id='word_1_74' title='bbox 1656 1543 1973 1610; x_wconf 83' lang='lat' dir='ltr'><strong>literarum</strong></span> <span class='ocrx_word' id='word_1_75' title='bbox 2016 1543 2328 1629; x_wconf 88' lang='lat' dir='ltr'><strong>alphabeti</strong></span> <span class='ocrx_word' id='word_1_76' title='bbox 2363 1543 2671 1630; x_wconf 84' lang='lat' dir='ltr'><strong>digestos:</strong></span> 
     </span>
     <span class='ocr_line' id='line_1_12' title="bbox 428 1638 2672 1727; baseline 0.001 -25"><span class='ocrx_word' id='word_1_77' title='bbox 428 1640 501 1703; x_wconf 83' lang='lat' dir='ltr'><strong>ad</strong></span> <span class='ocrx_word' id='word_1_78' title='bbox 546 1638 792 1703; x_wconf 88' lang='lat' dir='ltr'><strong>illorum</strong></span> <span class='ocrx_word' id='word_1_79' title='bbox 842 1641 1115 1717; x_wconf 89' lang='lat' dir='ltr'><strong>nomina,</strong></span> <span class='ocrx_word' id='word_1_80' title='bbox 1166 1643 1273 1725; x_wconf 90' lang='lat' dir='ltr'><strong>qui</strong></span> <span class='ocrx_word' id='word_1_81' title='bbox 1318 1662 1430 1727; x_wconf 88' lang='lat' dir='ltr'><strong>per</strong></span> <span class='ocrx_word' id='word_1_82' title='bbox 1476 1663 1707 1708; x_wconf 88' lang='lat' dir='ltr'><strong>annum</strong></span> <span class='ocrx_word' id='word_1_83' title='bbox 1754 1643 2078 1727; x_wconf 61' lang='lat' dir='ltr'><strong>speciatim,</strong></span> <span class='ocrx_word' id='word_1_84' title='bbox 2112 1642 2416 1713; x_wconf 73' lang='lat' dir='ltr'><strong>coluntur,</strong></span> <span class='ocrx_word' id='word_1_85' title='bbox 2466 1640 2672 1706; x_wconf 87' lang='lat' dir='ltr'><strong>addito</strong></span> 
     </span>
     <span class='ocr_line' id='line_1_13' title="bbox 428 1738 2065 1825; baseline 0.004 -24"><span class='ocrx_word' id='word_1_86' title='bbox 428 1738 607 1802; x_wconf 88' lang='lat' dir='ltr'><strong>etiam</strong></span> <span class='ocrx_word' id='word_1_87' title='bbox 656 1738 778 1815; x_wconf 89' lang='lat' dir='ltr'><strong>die,</strong></span> <span class='ocrx_word' id='word_1_88' title='bbox 831 1759 954 1822; x_wconf 90' lang='lat' dir='ltr'><strong>quo</strong></span> <span class='ocrx_word' id='word_1_89' title='bbox 1005 1740 1306 1824; x_wconf 87' lang='lat' dir='ltr'><strong>cujusque</strong></span> <span class='ocrx_word' id='word_1_90' title='bbox 1353 1741 1656 1807; x_wconf 85' lang='lat' dir='ltr'><strong>memoria</strong></span> <span class='ocrx_word' id='word_1_91' title='bbox 1702 1743 1971 1807; x_wconf 89' lang='lat' dir='ltr'><strong>occurrit</strong></span> <span class='ocrx_word' id='word_1_92' title='bbox 1990 1741 2065 1825; x_wconf 74' lang='lat'><strong>⁹).</strong></span> 
     </span>
    </p>
   </div>
   <div class='ocr_carea' id='block_1_5' title="bbox 433 1871 2673 2056">
    <p class='ocr_par' dir='ltr' id='par_1_5' title="bbox 433 1871 2673 2056">
     <span class='ocr_line' id='line_1_14' title="bbox 599 1871 2673 1961; baseline 0.001 -26"><span class='ocrx_word' id='word_1_93' title='bbox 599 1871 650 1936; x_wconf 92' lang='lat' dir='ltr'><strong>I.</strong></span> <span class='ocrx_word' id='word_1_94' title='bbox 727 1871 993 1936; x_wconf 73' lang='lat' dir='ltr'><strong>Ascetas</strong></span> <span class='ocrx_word' id='word_1_95' title='bbox 1053 1892 1276 1939; x_wconf 82' lang='lat' dir='ltr'><strong>canere</strong></span> <span class='ocrx_word' id='word_1_96' title='bbox 1332 1895 1774 1961; x_wconf 79' lang='lat' dir='ltr'><strong>aggressuruS‚</strong></span> <span class='ocrx_word' id='word_1_97' title='bbox 1846 1881 2098 1945; x_wconf 88' lang='lat' dir='ltr'><strong>sanctus</strong></span> <span class='ocrx_word' id='word_1_98' title='bbox 2162 1880 2376 1941; x_wconf 88' lang='lat' dir='ltr'><strong>auctor</strong></span> <span class='ocrx_word' id='word_1_99' title='bbox 2437 1874 2673 1960; x_wconf 85' lang='lat' dir='ltr'><strong>primae</strong></span> 
     </span>
     <span class='ocr_line' id='line_1_15' title="bbox 433 1970 1706 2056; baseline 0.005 -23"><span class='ocrx_word' id='word_1_100' title='bbox 433 1970 677 2035; x_wconf 78' lang='lat' dir='ltr'><strong>canonis</strong></span> <span class='ocrx_word' id='word_1_101' title='bbox 726 1971 1022 2056; x_wconf 88' lang='lat' dir='ltr'><strong>strophae</strong></span> <span class='ocrx_word' id='word_1_102' title='bbox 1070 1971 1191 2037; x_wconf 91' lang='lat' dir='ltr'><strong>hoc</strong></span> <span class='ocrx_word' id='word_1_103' title='bbox 1236 1973 1386 2040; x_wconf 85' lang='lat' dir='ltr'><strong>facit</strong></span> <span class='ocrx_word' id='word_1_104' title='bbox 1432 1973 1706 2039; x_wconf 90' lang='lat' dir='ltr'><strong>initium:</strong></span> 
     </span>
    </p>
   </div>
   <div class='ocr_carea' id='block_1_6' title="bbox 440 2092 2675 2384">
    <p class='ocr_par' dir='ltr' id='par_1_6' title="bbox 440 2092 2675 2384">
     <span class='ocr_line' id='line_1_16' title="bbox 542 2092 2673 2187; baseline -0.006 -15"><span class='ocrx_word' id='word_1_105' title='bbox 542 2092 796 2171; x_wconf 63' lang='grc' dir='ltr'><strong>Πᾶνῖές</strong></span> <span class='ocrx_word' id='word_1_106' title='bbox 856 2092 928 2160; x_wconf 61' lang='grc' dir='ltr'><strong>ἓν</strong></span> <span class='ocrx_word' id='word_1_107' title='bbox 973 2094 1175 2181; x_wconf 69' lang='grc' dir='ltr'><strong>(ρὄἷς</strong></span> <span class='ocrx_word' id='word_1_108' title='bbox 1219 2118 1504 2182; x_wconf 76' lang='grc' dir='ltr'><strong><em>πνευμα-</em></strong></span> <span class='ocrx_word' id='word_1_109' title='bbox 1724 2099 2186 2187; x_wconf 66' lang='grc' dir='ltr'><strong>Βρίήιααῐὶὂυε</strong></span> <span class='ocrx_word' id='word_1_110' title='bbox 2222 2099 2488 2164; x_wconf 75' lang='lat' dir='ltr'><strong>canticis</strong></span> <span class='ocrx_word' id='word_1_111' title='bbox 2515 2097 2673 2160; x_wconf 76' lang='lat' dir='ltr'><em>divi-</em></span> 
     </span>
     <span class='ocr_line' id='line_1_17' title="bbox 440 2191 2674 2283; baseline 0.002 -29"><span class='ocrx_word' id='word_1_112' title='bbox 440 2196 640 2269; x_wconf 80' lang='grc' dir='ltr'><strong><em>τικαῖς</em></strong></span> <span class='ocrx_word' id='word_1_113' title='bbox 694 2192 849 2273; x_wconf 57' lang='grc' dir='ltr'><strong>τοῦς</strong></span> <span class='ocrx_word' id='word_1_114' title='bbox 905 2191 975 2258; x_wconf 77' lang='grc' dir='ltr'><strong>ἐν</strong></span> <span class='ocrx_word' id='word_1_115' title='bbox 1020 2192 1282 2283; x_wconf 68' lang='grc' dir='ltr'><em>ἀσκήσει</em></span> <span class='ocrx_word' id='word_1_116' title='bbox 1342 2194 1503 2282; x_wconf 84' lang='grc' dir='ltr'><strong><em>λάμ-</em></strong></span> <span class='ocrx_word' id='word_1_117' title='bbox 1611 2222 1728 2263; x_wconf 75' lang='lat' dir='ltr'><strong>nos</strong></span> <span class='ocrx_word' id='word_1_118' title='bbox 1789 2200 2014 2264; x_wconf 77' lang='lat' dir='ltr'><strong>Patres</strong></span> <span class='ocrx_word' id='word_1_119' title='bbox 2079 2209 2354 2279; x_wconf 75' lang='lat' dir='ltr'><strong>nostros,</strong></span> <span class='ocrx_word' id='word_1_120' title='bbox 2435 2197 2545 2282; x_wconf 78' lang='lat' dir='ltr'><strong>qui</strong></span> <span class='ocrx_word' id='word_1_121' title='bbox 2604 2197 2674 2259; x_wconf 75' lang='lat' dir='ltr'><strong>in</strong></span> 
     </span>
     <span class='ocr_line' id='line_1_18' title="bbox 440 2286 2675 2384; baseline 0.001 -29"><span class='ocrx_word' id='word_1_122' title='bbox 440 2301 688 2378; x_wconf 78' lang='grc' dir='ltr'><strong><em>ψαντας</em></strong></span> <span class='ocrx_word' id='word_1_123' title='bbox 736 2286 965 2370; x_wconf 74' lang='grc' dir='ltr'><strong><em>θείους</em></strong></span> <span class='ocrx_word' id='word_1_124' title='bbox 1007 2291 1296 2381; x_wconf 80' lang='grc' dir='ltr'><strong><em>πατέρας</em></strong></span> <span class='ocrx_word' id='word_1_125' title='bbox 1332 2292 1505 2382; x_wconf 59' lang='grc' dir='ltr'>τζμιῦν</span> <span class='ocrx_word' id='word_1_126' title='bbox 1613 2300 1885 2362; x_wconf 76' lang='lat' dir='ltr'><strong>ascetica</strong></span> <span class='ocrx_word' id='word_1_127' title='bbox 1943 2298 2077 2363; x_wconf 82' lang='lat' dir='ltr'><strong>vita</strong></span> <span class='ocrx_word' id='word_1_128' title='bbox 2129 2295 2675 2384; x_wconf 71' lang='lat' dir='ltr'><strong>resplenduerunt,</strong></span> 
     </span>
    </p>
   </div>
   <div class='ocr_carea' id='block_1_7' title="bbox 427 2541 2701 4552">
    <p class='ocr_par' dir='ltr' id='par_1_7' title="bbox 427 2541 2701 4147">
     <span class='ocr_line' id='line_1_19' title="bbox 621 2541 2690 2617; baseline -0.001 -16"><span class='ocrx_word' id='word_1_129' title='bbox 621 2541 664 2601; x_wconf 84' lang='lat'><strong>²)</strong></span> <span class='ocrx_word' id='word_1_130' title='bbox 705 2541 959 2609; x_wconf 80' lang='lat' dir='ltr'><strong>Quoniam</strong></span> <span class='ocrx_word' id='word_1_131' title='bbox 997 2562 1039 2598; x_wconf 84' lang='lat'><strong>8.</strong></span> <span class='ocrx_word' id='word_1_132' title='bbox 1078 2544 1329 2599; x_wconf 85' lang='lat' dir='ltr'><strong>Theodori</strong></span> <span class='ocrx_word' id='word_1_133' title='bbox 1368 2546 1594 2600; x_wconf 65' lang='lat' dir='ltr'><strong>camnine</strong></span> <span class='ocrx_word' id='word_1_134' title='bbox 1633 2547 1883 2616; x_wconf 85' lang='lat' dir='ltr'><strong>potiorem</strong></span> <span class='ocrx_word' id='word_1_135' title='bbox 1921 2548 1972 2600; x_wconf 92' lang='lat' dir='ltr'><strong>in</strong></span> <span class='ocrx_word' id='word_1_136' title='bbox 2005 2546 2210 2602; x_wconf 86' lang='lat' dir='ltr'><strong>Triodio</strong></span> <span class='ocrx_word' id='word_1_137' title='bbox 2248 2548 2414 2602; x_wconf 85' lang='lat' dir='ltr'><strong>locum</strong></span> <span class='ocrx_word' id='word_1_138' title='bbox 2441 2547 2690 2617; x_wconf 72' lang='lat' dir='ltr'><strong>obtinent,</strong></span> 
     </span>
     <span class='ocr_line' id='line_1_20' title="bbox 434 2624 2694 2698; baseline 0.002 -23"><span class='ocrx_word' id='word_1_139' title='bbox 434 2638 535 2676; x_wconf 86' lang='lat' dir='ltr'><strong>non</strong></span> <span class='ocrx_word' id='word_1_140' title='bbox 571 2624 664 2677; x_wconf 85' lang='lat' dir='ltr'><strong>abs</strong></span> <span class='ocrx_word' id='word_1_141' title='bbox 702 2639 760 2676; x_wconf 87' lang='lat' dir='ltr'><strong>re</strong></span> <span class='ocrx_word' id='word_1_142' title='bbox 794 2624 972 2687; x_wconf 85' lang='lat' dir='ltr'><strong>fuerit,</strong></span> <span class='ocrx_word' id='word_1_143' title='bbox 1003 2626 1208 2694; x_wconf 84' lang='lat' dir='ltr'><strong>juvenis</strong></span> <span class='ocrx_word' id='word_1_144' title='bbox 1245 2626 1455 2681; x_wconf 84' lang='lat' dir='ltr'><strong>lectoris</strong></span> <span class='ocrx_word' id='word_1_145' title='bbox 1492 2628 1714 2682; x_wconf 87' lang='lat' dir='ltr'><strong>animum</strong></span> <span class='ocrx_word' id='word_1_146' title='bbox 1753 2628 1818 2681; x_wconf 83' lang='lat' dir='ltr'><strong>ad</strong></span> <span class='ocrx_word' id='word_1_147' title='bbox 1857 2629 2016 2698; x_wconf 85' lang='lat' dir='ltr'><strong>ipsius</strong></span> <span class='ocrx_word' id='word_1_148' title='bbox 2042 2644 2201 2698; x_wconf 85' lang='lat' dir='ltr'><strong>opera</strong></span> <span class='ocrx_word' id='word_1_149' title='bbox 2238 2628 2440 2698; x_wconf 70' lang='lat' dir='ltr'><strong>poetica</strong></span> <span class='ocrx_word' id='word_1_150' title='bbox 2477 2642 2694 2698; x_wconf 85' lang='lat' dir='ltr'><strong>genera-</strong></span> 
     </span>
     <span class='ocr_line' id='line_1_21' title="bbox 435 2705 2691 2780; baseline 0.002 -23"><span class='ocrx_word' id='word_1_151' title='bbox 435 2705 529 2758; x_wconf 85' lang='lat' dir='ltr'><strong>tim</strong></span> <span class='ocrx_word' id='word_1_152' title='bbox 565 2705 879 2760; x_wconf 80' lang='lat' dir='ltr'><strong>advertisse.</strong></span> <span class='ocrx_word' id='word_1_153' title='bbox 954 2706 1207 2761; x_wconf 82' lang='lat' dir='ltr'><strong>Mittimus</strong></span> <span class='ocrx_word' id='word_1_154' title='bbox 1257 2713 1430 2763; x_wconf 87' lang='lat' dir='ltr'><strong>autem</strong></span> <span class='ocrx_word' id='word_1_155' title='bbox 1482 2710 1809 2780; x_wconf 87' lang='lat' dir='ltr'><strong>antiquorum</strong></span> <span class='ocrx_word' id='word_1_156' title='bbox 1845 2710 2141 2763; x_wconf 87' lang='lat' dir='ltr'><strong>testimonia</strong></span> <span class='ocrx_word' id='word_1_157' title='bbox 2160 2750 2176 2776; x_wconf 87' lang='lat'><em>,</em></span> <span class='ocrx_word' id='word_1_158' title='bbox 2227 2725 2358 2780; x_wconf 88' lang='lat' dir='ltr'><strong>quae</strong></span> <span class='ocrx_word' id='word_1_159' title='bbox 2383 2733 2384 2736; x_wconf 39' lang='lat'>¹</span> <span class='ocrx_word' id='word_1_160' title='bbox 2408 2713 2526 2778; x_wconf 84' lang='lat' dir='ltr'><strong>post</strong></span> <span class='ocrx_word' id='word_1_161' title='bbox 2562 2709 2691 2762; x_wconf 82' lang='lat' dir='ltr'><strong>alios</strong></span> 
     </span>
     <span class='ocr_line' id='line_1_22' title="bbox 437 2784 2694 2856; baseline 0.003 -20"><span class='ocrx_word' id='word_1_162' title='bbox 437 2785 574 2838; x_wconf 85' lang='lat' dir='ltr'><strong>viros</strong></span> <span class='ocrx_word' id='word_1_163' title='bbox 613 2784 796 2840; x_wconf 86' lang='lat' dir='ltr'><strong>doctos</strong></span> <span class='ocrx_word' id='word_1_164' title='bbox 835 2786 1049 2856; x_wconf 79' lang='lat' dir='ltr'><strong>collegit</strong></span> <span class='ocrx_word' id='word_1_165' title='bbox 1086 2787 1274 2843; x_wconf 86' lang='lat' dir='ltr'><strong>Card.</strong></span> <span class='ocrx_word' id='word_1_166' title='bbox 1313 2787 1586 2855; x_wconf 82' lang='lat' dir='ltr'><strong>Quirini</strong></span> <span class='ocrx_word' id='word_1_167' title='bbox 1626 2791 1676 2843; x_wconf 92' lang='lat' dir='ltr'><strong>in</strong></span> <span class='ocrx_word' id='word_1_168' title='bbox 1713 2790 1972 2844; x_wconf 84' lang='lat' dir='ltr'><strong>Diatribe</strong></span> <span class='ocrx_word' id='word_1_169' title='bbox 2009 2807 2041 2844; x_wconf 89' lang='lat' dir='ltr'><strong>a</strong></span> <span class='ocrx_word' id='word_1_170' title='bbox 2065 2790 2211 2844; x_wconf 90' lang='lat' dir='ltr'><strong>nobis</strong></span> <span class='ocrx_word' id='word_1_171' title='bbox 2237 2790 2459 2843; x_wconf 84' lang='lat' dir='ltr'><strong>adducta</strong></span> <span class='ocrx_word' id='word_1_172' title='bbox 2489 2793 2624 2842; x_wconf 80' lang='lat' dir='ltr'><strong>tomo</strong></span> <span class='ocrx_word' id='word_1_173' title='bbox 2647 2791 2694 2842; x_wconf 91' lang='lat'><strong>1.</strong></span> 
     </span>
     <span class='ocr_line' id='line_1_23' title="bbox 436 2865 2694 2938; baseline 0.002 -21"><span class='ocrx_word' id='word_1_174' title='bbox 436 2881 482 2933; x_wconf 89' lang='lat' dir='ltr'><strong>p.</strong></span> <span class='ocrx_word' id='word_1_175' title='bbox 502 2865 641 2932; x_wconf 76' lang='lat'><strong>3223</strong></span> <span class='ocrx_word' id='word_1_176' title='bbox 683 2869 888 2919; x_wconf 84' lang='lat' dir='ltr'><strong>tantum</strong></span> <span class='ocrx_word' id='word_1_177' title='bbox 913 2867 1248 2922; x_wconf 83' lang='lat' dir='ltr'><strong>indicabimus</strong></span> <span class='ocrx_word' id='word_1_178' title='bbox 1283 2871 1609 2938; x_wconf 85' lang='lat' dir='ltr'><strong>praeclarum</strong></span> <span class='ocrx_word' id='word_1_179' title='bbox 1636 2871 1802 2924; x_wconf 89' lang='lat' dir='ltr'><strong>locum</strong></span> <span class='ocrx_word' id='word_1_180' title='bbox 1828 2870 2228 2924; x_wconf 86' lang='lat' dir='ltr'><strong>Eminentissimi</strong></span> <span class='ocrx_word' id='word_1_181' title='bbox 2255 2869 2294 2923; x_wconf 90' lang='lat' dir='ltr'>C</span> <span class='ocrx_word' id='word_1_182' title='bbox 2313 2886 2344 2923; x_wconf 89' lang='lat' dir='ltr'><strong>a</strong></span> <span class='ocrx_word' id='word_1_183' title='bbox 2360 2887 2385 2923; x_wconf 90' lang='lat' dir='ltr'><strong>r</strong></span> <span class='ocrx_word' id='word_1_184' title='bbox 2406 2869 2453 2922; x_wconf 91' lang='lat' dir='ltr'><strong>d.</strong></span> <span class='ocrx_word' id='word_1_185' title='bbox 2479 2869 2520 2922; x_wconf 93' lang='lat' dir='ltr'>P</span> <span class='ocrx_word' id='word_1_186' title='bbox 2537 2870 2552 2922; x_wconf 93' lang='lat' dir='ltr'><strong>i</strong></span> <span class='ocrx_word' id='word_1_187' title='bbox 2568 2874 2694 2934; x_wconf 87' lang='lat' dir='ltr'><strong>tra,</strong></span> 
     </span>
     <span class='ocr_line' id='line_1_24' title="bbox 434 2946 2695 3019; baseline 0.002 -22"><span class='ocrx_word' id='word_1_188' title='bbox 434 2946 560 3011; x_wconf 78' lang='lat' dir='ltr'><strong>viri,</strong></span> <span class='ocrx_word' id='word_1_189' title='bbox 613 2949 672 2998; x_wconf 87' lang='lat' dir='ltr'><strong>ut</strong></span> <span class='ocrx_word' id='word_1_190' title='bbox 709 2947 848 2999; x_wconf 89' lang='lat' dir='ltr'><strong>omni</strong></span> <span class='ocrx_word' id='word_1_191' title='bbox 890 2947 1156 3002; x_wconf 86' lang='lat' dir='ltr'><strong>literarum</strong></span> <span class='ocrx_word' id='word_1_192' title='bbox 1194 2965 1385 3018; x_wconf 86' lang='lat' dir='ltr'><strong>genere</strong></span> <span class='ocrx_word' id='word_1_193' title='bbox 1425 2951 1791 3018; x_wconf 83' lang='lat' dir='ltr'><strong>excultissimi,</strong></span> <span class='ocrx_word' id='word_1_194' title='bbox 1849 2951 1923 3004; x_wconf 88' lang='lat' dir='ltr'><strong>ita</strong></span> <span class='ocrx_word' id='word_1_195' title='bbox 1961 2950 2260 3004; x_wconf 86' lang='lat' dir='ltr'><strong>nominatim</strong></span> <span class='ocrx_word' id='word_1_196' title='bbox 2296 2957 2506 3004; x_wconf 86' lang='lat' dir='ltr'><strong>nostrae</strong></span> <span class='ocrx_word' id='word_1_197' title='bbox 2544 2950 2695 3019; x_wconf 78' lang='lat' dir='ltr'><strong>huJus</strong></span> 
     </span>
     <span class='ocr_line' id='line_1_25' title="bbox 436 3026 2694 3100; baseline 0.001 -21"><span class='ocrx_word' id='word_1_198' title='bbox 436 3026 735 3096; x_wconf 84' lang='lat' dir='ltr'><strong>disciplinae</strong></span> <span class='ocrx_word' id='word_1_199' title='bbox 774 3028 840 3081; x_wconf 85' lang='lat' dir='ltr'><strong>ad</strong></span> <span class='ocrx_word' id='word_1_200' title='bbox 867 3027 1155 3097; x_wconf 82' lang='lat' dir='ltr'><strong>prodigium</strong></span> <span class='ocrx_word' id='word_1_201' title='bbox 1192 3046 1353 3100; x_wconf 88' lang='lat' dir='ltr'><strong>usque</strong></span> <span class='ocrx_word' id='word_1_202' title='bbox 1381 3030 1696 3099; x_wconf 85' lang='lat' dir='ltr'><strong>peritissimi.</strong></span> <span class='ocrx_word' id='word_1_203' title='bbox 1759 3030 2033 3098; x_wconf 69' lang='lat' dir='ltr'><strong>Quamvis,</strong></span> <span class='ocrx_word' id='word_1_204' title='bbox 2069 3031 2249 3100; x_wconf 84' lang='lat' dir='ltr'><strong>inquit,</strong></span> <span class='ocrx_word' id='word_1_205' title='bbox 2290 3031 2346 3083; x_wconf 84' lang='lat' dir='ltr'><strong>in</strong></span> <span class='ocrx_word' id='word_1_206' title='bbox 2373 3033 2554 3083; x_wconf 82' lang='lat' dir='ltr'><strong>aetate</strong></span> <span class='ocrx_word' id='word_1_207' title='bbox 2567 3030 2694 3099; x_wconf 85' lang='lat' dir='ltr'><strong>jam</strong></span> 
     </span>
     <span class='ocr_line' id='line_1_26' title="bbox 434 3107 2698 3178; baseline 0.002 -19"><span class='ocrx_word' id='word_1_208' title='bbox 434 3123 564 3160; x_wconf 74' lang='lat' dir='ltr'><strong>sera</strong></span> <span class='ocrx_word' id='word_1_209' title='bbox 602 3107 941 3161; x_wconf 73' lang='lat' dir='ltr'><strong>melodorum</strong></span> <span class='ocrx_word' id='word_1_210' title='bbox 969 3109 1235 3178; x_wconf 83' lang='lat' dir='ltr'><strong>floruerit</strong></span> <span class='ocrx_word' id='word_1_211' title='bbox 1274 3109 1590 3165; x_wconf 77' lang='lat' dir='ltr'><strong>Theodorus</strong></span> <span class='ocrx_word' id='word_1_212' title='bbox 1626 3111 1891 3177; x_wconf 77' lang='lat' dir='ltr'><strong>Staaites,</strong></span> <span class='ocrx_word' id='word_1_213' title='bbox 1940 3112 2093 3166; x_wconf 79' lang='lat' dir='ltr'><strong>haud</strong></span> <span class='ocrx_word' id='word_1_214' title='bbox 2126 3127 2262 3165; x_wconf 81' lang='lat' dir='ltr'><strong>sane</strong></span> <span class='ocrx_word' id='word_1_215' title='bbox 2298 3111 2445 3164; x_wconf 87' lang='lat' dir='ltr'><strong>inter</strong></span> <span class='ocrx_word' id='word_1_216' title='bbox 2480 3111 2698 3164; x_wconf 77' lang='lat' dir='ltr'><strong>ultimos</strong></span> 
     </span>
     <span class='ocr_line' id='line_1_27' title="bbox 436 3187 2697 3262; baseline 0.004 -24"><span class='ocrx_word' id='word_1_217' title='bbox 436 3189 551 3240; x_wconf 75' lang='lat' dir='ltr'><strong>est:</strong></span> <span class='ocrx_word' id='word_1_218' title='bbox 591 3188 755 3240; x_wconf 79' lang='lat' dir='ltr'><strong>inuno</strong></span> <span class='ocrx_word' id='word_1_219' title='bbox 782 3187 1007 3257; x_wconf 76' lang='lat' dir='ltr'><strong>primus</strong></span> <span class='ocrx_word' id='word_1_220' title='bbox 1033 3191 1291 3260; x_wconf 74' lang='lat' dir='ltr'><strong>fortasse</strong></span> <span class='ocrx_word' id='word_1_221' title='bbox 1326 3193 1690 3246; x_wconf 81' lang='lat' dir='ltr'><strong>recentiorum</strong></span> <span class='ocrx_word' id='word_1_222' title='bbox 1727 3192 2021 3246; x_wconf 78' lang='lat' dir='ltr'><strong>habebitur</strong></span> <span class='ocrx_word' id='word_1_223' title='bbox 2037 3208 2062 3261; x_wconf 91' lang='lat'><strong>,·</strong></span> <span class='ocrx_word' id='word_1_224' title='bbox 2086 3195 2349 3262; x_wconf 79' lang='lat' dir='ltr'><strong>praestat</strong></span> <span class='ocrx_word' id='word_1_225' title='bbox 2383 3191 2523 3245; x_wconf 77' lang='lat' dir='ltr'><strong>enim</strong></span> <span class='ocrx_word' id='word_1_226' title='bbox 2549 3192 2697 3246; x_wconf 86' lang='lat' dir='ltr'><strong>inter</strong></span> 
     </span>
     <span class='ocr_line' id='line_1_28' title="bbox 436 3268 2697 3343; baseline 0.002 -23"><span class='ocrx_word' id='word_1_227' title='bbox 436 3283 637 3334; x_wconf 79' lang='lat' dir='ltr'><strong>omnes,</strong></span> <span class='ocrx_word' id='word_1_228' title='bbox 686 3284 794 3321; x_wconf 85' lang='lat' dir='ltr'><strong>non</strong></span> <span class='ocrx_word' id='word_1_229' title='bbox 844 3268 1001 3323; x_wconf 85' lang='lat' dir='ltr'><strong>modo</strong></span> <span class='ocrx_word' id='word_1_230' title='bbox 1038 3271 1368 3326; x_wconf 85' lang='lat' dir='ltr'><strong>canticorum</strong></span> <span class='ocrx_word' id='word_1_231' title='bbox 1406 3275 1556 3343; x_wconf 82' lang='lat' dir='ltr'><strong>copia</strong></span> <span class='ocrx_word' id='word_1_232' title='bbox 1608 3277 1663 3328; x_wconf 85' lang='lat' dir='ltr'><strong>et</strong></span> <span class='ocrx_word' id='word_1_233' title='bbox 1697 3273 1946 3328; x_wconf 82' lang='lat' dir='ltr'><strong>ubertate</strong></span> <span class='ocrx_word' id='word_1_234' title='bbox 1966 3314 1982 3340; x_wconf 88' lang='lat'><em>,</em></span> <span class='ocrx_word' id='word_1_235' title='bbox 2031 3272 2132 3327; x_wconf 81' lang='lat' dir='ltr'><strong>sed</strong></span> <span class='ocrx_word' id='word_1_236' title='bbox 2166 3276 2221 3327; x_wconf 88' lang='lat' dir='ltr'><strong>et</strong></span> <span class='ocrx_word' id='word_1_237' title='bbox 2241 3272 2475 3342; x_wconf 87' lang='lat' dir='ltr'><strong>proprio</strong></span> <span class='ocrx_word' id='word_1_238' title='bbox 2510 3273 2697 3326; x_wconf 80' lang='lat' dir='ltr'><strong>Marte</strong></span> 
     </span>
     <span class='ocr_line' id='line_1_29' title="bbox 436 3349 2701 3422; baseline 0.003 -22"><span class='ocrx_word' id='word_1_239' title='bbox 436 3365 644 3417; x_wconf 79' lang='lat' dir='ltr'><strong>suaque</strong></span> <span class='ocrx_word' id='word_1_240' title='bbox 682 3349 939 3403; x_wconf 70' lang='lat' dir='ltr'><strong>Minerva</strong></span> <span class='ocrx_word' id='word_1_241' title='bbox 977 3351 1222 3406; x_wconf 74' lang='lat' dir='ltr'><strong>invaluit.</strong></span> <span class='ocrx_word' id='word_1_242' title='bbox 1298 3354 1565 3408; x_wconf 74' lang='lat' dir='ltr'><strong>Tesserae</strong></span> <span class='ocrx_word' id='word_1_243' title='bbox 1602 3356 1743 3408; x_wconf 85' lang='lat' dir='ltr'><strong>enim</strong></span> <span class='ocrx_word' id='word_1_244' title='bbox 1782 3372 1918 3409; x_wconf 82' lang='lat' dir='ltr'><strong>suas</strong></span> <span class='ocrx_word' id='word_1_245' title='bbox 1953 3354 2119 3409; x_wconf 78' lang='lat' dir='ltr'><strong>habet</strong></span> <span class='ocrx_word' id='word_1_246' title='bbox 2152 3354 2437 3419; x_wconf 55' lang='lat' dir='ltr'><strong>solemnem,</strong></span> <span class='ocrx_word' id='word_1_247' title='bbox 2485 3370 2701 3422; x_wconf 76' lang='lat' dir='ltr'><strong>suaque</strong></span> 
     </span>
     <span class='ocr_line' id='line_1_30' title="bbox 436 3428 2696 3506; baseline 0.003 -24"><span class='ocrx_word' id='word_1_248' title='bbox 436 3428 727 3485; x_wconf 78' lang='lat' dir='ltr'><strong>dictionum</strong></span> <span class='ocrx_word' id='word_1_249' title='bbox 753 3431 1017 3501; x_wconf 75' lang='lat' dir='ltr'><strong>symbola,</strong></span> <span class='ocrx_word' id='word_1_250' title='bbox 1042 3450 1182 3502; x_wconf 78' lang='lat' dir='ltr'><strong>quae</strong></span> <span class='ocrx_word' id='word_1_251' title='bbox 1209 3433 1337 3487; x_wconf 85' lang='lat' dir='ltr'><strong>dato</strong></span> <span class='ocrx_word' id='word_1_252' title='bbox 1361 3435 1584 3489; x_wconf 82' lang='lat' dir='ltr'><strong>consilio</strong></span> <span class='ocrx_word' id='word_1_253' title='bbox 1600 3438 1945 3506; x_wconf 79' lang='lat' dir='ltr'><strong>frequentat,</strong></span> <span class='ocrx_word' id='word_1_254' title='bbox 1982 3453 2047 3491; x_wconf 87' lang='lat' dir='ltr'><strong>ac</strong></span> <span class='ocrx_word' id='word_1_255' title='bbox 2071 3436 2125 3490; x_wconf 81' lang='lat' dir='ltr'><strong>si</strong></span> <span class='ocrx_word' id='word_1_256' title='bbox 2148 3433 2429 3489; x_wconf 71' lang='lat' dir='ltr'><strong>verborum</strong></span> <span class='ocrx_word' id='word_1_257' title='bbox 2456 3436 2696 3503; x_wconf 72' lang='lat' dir='ltr'><strong>eyestate</strong></span> 
     </span>
     <span class='ocr_line' id='line_1_31' title="bbox 435 3510 2694 3586; baseline 0.002 -23"><span class='ocrx_word' id='word_1_258' title='bbox 435 3510 678 3576; x_wconf 80' lang='lat' dir='ltr'><strong>laboret,</strong></span> <span class='ocrx_word' id='word_1_259' title='bbox 734 3512 984 3580; x_wconf 77' lang='lat' dir='ltr'><strong>quamvis</strong></span> <span class='ocrx_word' id='word_1_260' title='bbox 1031 3514 1263 3583; x_wconf 77' lang='lat' dir='ltr'><strong>optimae</strong></span> <span class='ocrx_word' id='word_1_261' title='bbox 1311 3514 1531 3584; x_wconf 72' lang='lat' dir='ltr'><strong>linquae</strong></span> <span class='ocrx_word' id='word_1_262' title='bbox 1586 3516 1858 3585; x_wconf 82' lang='lat' dir='ltr'><strong>opalentia</strong></span> <span class='ocrx_word' id='word_1_263' title='bbox 1921 3520 1975 3570; x_wconf 81' lang='lat' dir='ltr'><strong>et</strong></span> <span class='ocrx_word' id='word_1_264' title='bbox 2010 3516 2224 3586; x_wconf 85' lang='lat' dir='ltr'><strong>peritia</strong></span> <span class='ocrx_word' id='word_1_265' title='bbox 2274 3514 2473 3569; x_wconf 80' lang='lat' dir='ltr'><strong>calleat</strong></span> <span class='ocrx_word' id='word_1_266' title='bbox 2487 3530 2510 3581; x_wconf 86' lang='lat'><strong>‚·</strong></span> <span class='ocrx_word' id='word_1_267' title='bbox 2566 3513 2694 3582; x_wconf 81' lang='lat' dir='ltr'><strong>quin</strong></span> 
     </span>
     <span class='ocr_line' id='line_1_32' title="bbox 437 3592 2696 3664; baseline 0.002 -20"><span class='ocrx_word' id='word_1_268' title='bbox 437 3592 599 3645; x_wconf 73' lang='lat' dir='ltr'><strong>verba</strong></span> <span class='ocrx_word' id='word_1_269' title='bbox 637 3609 783 3645; x_wconf 85' lang='lat' dir='ltr'><strong>rara</strong></span> <span class='ocrx_word' id='word_1_270' title='bbox 835 3595 890 3646; x_wconf 84' lang='lat' dir='ltr'><strong>et</strong></span> <span class='ocrx_word' id='word_1_271' title='bbox 925 3594 1215 3662; x_wconf 80' lang='lat' dir='ltr'><strong>exquisita,</strong></span> <span class='ocrx_word' id='word_1_272' title='bbox 1264 3595 1355 3648; x_wconf 75' lang='lat' dir='ltr'><strong>aix</strong></span> <span class='ocrx_word' id='word_1_273' title='bbox 1391 3596 1627 3650; x_wconf 79' lang='lat' dir='ltr'><strong>caeteris</strong></span> <span class='ocrx_word' id='word_1_274' title='bbox 1662 3599 1790 3650; x_wconf 86' lang='lat' dir='ltr'><strong>nota</strong></span> <span class='ocrx_word' id='word_1_275' title='bbox 1829 3595 2074 3662; x_wconf 82' lang='lat' dir='ltr'><strong>melodis,</strong></span> <span class='ocrx_word' id='word_1_276' title='bbox 2124 3596 2379 3661; x_wconf 77' lang='lat' dir='ltr'><strong>cumulat,</strong></span> <span class='ocrx_word' id='word_1_277' title='bbox 2431 3611 2495 3649; x_wconf 82' lang='lat' dir='ltr'><strong>ae</strong></span> <span class='ocrx_word' id='word_1_278' title='bbox 2531 3610 2696 3664; x_wconf 77' lang='lat' dir='ltr'><strong>saepe</strong></span> 
     </span>
     <span class='ocr_line' id='line_1_33' title="bbox 436 3670 2692 3745; baseline 0.003 -23"><span class='ocrx_word' id='word_1_279' title='bbox 436 3670 489 3722; x_wconf 83' lang='lat' dir='ltr'><strong>1&#39;n</strong></span> <span class='ocrx_word' id='word_1_280' title='bbox 526 3686 663 3724; x_wconf 76' lang='lat' dir='ltr'><strong>noca</strong></span> <span class='ocrx_word' id='word_1_281' title='bbox 692 3671 1053 3742; x_wconf 79' lang='lat' dir='ltr'><strong>feliciterque</strong></span> <span class='ocrx_word' id='word_1_282' title='bbox 1089 3674 1303 3728; x_wconf 76' lang='lat' dir='ltr'><strong>inventa</strong></span> <span class='ocrx_word' id='word_1_283' title='bbox 1342 3676 1569 3729; x_wconf 79' lang='lat' dir='ltr'><strong>exaltat.</strong></span> <span class='ocrx_word' id='word_1_284' title='bbox 1643 3676 1825 3730; x_wconf 71' lang='lat' dir='ltr'><strong>Nouos</strong></span> <span class='ocrx_word' id='word_1_285' title='bbox 1875 3677 2038 3730; x_wconf 85' lang='lat' dir='ltr'><strong>etiam</strong></span> <span class='ocrx_word' id='word_1_286' title='bbox 2088 3676 2299 3730; x_wconf 76' lang='lat' dir='ltr'><strong>hirmos</strong></span> <span class='ocrx_word' id='word_1_287' title='bbox 2317 3716 2331 3738; x_wconf 86' lang='lat'><em>,</em></span> <span class='ocrx_word' id='word_1_288' title='bbox 2385 3679 2446 3729; x_wconf 77' lang='lat' dir='ltr'><strong>ut</strong></span> <span class='ocrx_word' id='word_1_289' title='bbox 2481 3675 2692 3745; x_wconf 80' lang='lat' dir='ltr'><strong>opinor,</strong></span> 
     </span>
     <span class='ocr_line' id='line_1_34' title="bbox 437 3751 2695 3827; baseline 0.003 -23"><span class='ocrx_word' id='word_1_290' title='bbox 437 3751 673 3818; x_wconf 78' lang='lat' dir='ltr'><strong>induxit,</strong></span> <span class='ocrx_word' id='word_1_291' title='bbox 711 3753 783 3806; x_wconf 82' lang='lat' dir='ltr'><strong>ab</strong></span> <span class='ocrx_word' id='word_1_292' title='bbox 820 3753 1036 3822; x_wconf 80' lang='lat' dir='ltr'><strong>optimis</strong></span> <span class='ocrx_word' id='word_1_293' title='bbox 1072 3758 1309 3809; x_wconf 77' lang='lat' dir='ltr'><strong>veterum</strong></span> <span class='ocrx_word' id='word_1_294' title='bbox 1347 3755 1597 3810; x_wconf 77' lang='lat' dir='ltr'><strong>melodiis</strong></span> <span class='ocrx_word' id='word_1_295' title='bbox 1629 3756 1784 3811; x_wconf 74' lang='lat' dir='ltr'><strong>baad</strong></span> <span class='ocrx_word' id='word_1_296' title='bbox 1819 3757 2135 3827; x_wconf 64' lang='lat' dir='ltr'><strong>deperiere-9.</strong></span> <span class='ocrx_word' id='word_1_297' title='bbox 2209 3756 2276 3810; x_wconf 84' lang='lat' dir='ltr'><strong>In</strong></span> <span class='ocrx_word' id='word_1_298' title='bbox 2304 3757 2511 3826; x_wconf 78' lang='lat' dir='ltr'><strong>primis</strong></span> <span class='ocrx_word' id='word_1_299' title='bbox 2535 3758 2695 3822; x_wconf 80' lang='lat' dir='ltr'><strong>lacet,</strong></span> 
     </span>
     <span class='ocr_line' id='line_1_35' title="bbox 436 3832 2696 3906; baseline 0.002 -21"><span class='ocrx_word' id='word_1_300' title='bbox 436 3832 678 3901; x_wconf 78' lang='lat' dir='ltr'><strong>lucisque</strong></span> <span class='ocrx_word' id='word_1_301' title='bbox 716 3848 894 3886; x_wconf 75' lang='lat' dir='ltr'><strong>usura</strong></span> <span class='ocrx_word' id='word_1_302' title='bbox 944 3833 1021 3887; x_wconf 86' lang='lat' dir='ltr'><strong>ita</strong></span> <span class='ocrx_word' id='word_1_303' title='bbox 1072 3834 1336 3901; x_wconf 78' lang='lat' dir='ltr'><strong>abutitur,</strong></span> <span class='ocrx_word' id='word_1_304' title='bbox 1385 3839 1446 3889; x_wconf 85' lang='lat' dir='ltr'><strong>ut</strong></span> <span class='ocrx_word' id='word_1_305' title='bbox 1469 3838 1654 3906; x_wconf 69' lang='lat' dir='ltr'><strong>sace-3,</strong></span> <span class='ocrx_word' id='word_1_306' title='bbox 1703 3837 1924 3903; x_wconf 80' lang='lat' dir='ltr'><strong>stellas,</strong></span> <span class='ocrx_word' id='word_1_307' title='bbox 1980 3836 2169 3890; x_wconf 79' lang='lat' dir='ltr'><strong>sidera</strong></span> <span class='ocrx_word' id='word_1_308' title='bbox 2207 3836 2398 3906; x_wconf 79' lang='lat' dir='ltr'><strong>plenis</strong></span> <span class='ocrx_word' id='word_1_309' title='bbox 2445 3837 2696 3891; x_wconf 79' lang='lat' dir='ltr'><strong>manibus</strong></span> 
     </span>
     <span class='ocr_line' id='line_1_36' title="bbox 439 3911 2697 3986; baseline 0.003 -22"><span class='ocrx_word' id='word_1_310' title='bbox 439 3911 689 3980; x_wconf 83' lang='lat' dir='ltr'><strong>effundat</strong></span> <span class='ocrx_word' id='word_1_311' title='bbox 699 3929 720 3966; x_wconf 91' lang='lat'><strong>.·</strong></span> <span class='ocrx_word' id='word_1_312' title='bbox 776 3912 891 3967; x_wconf 74' lang='lat' dir='ltr'><strong>sive</strong></span> <span class='ocrx_word' id='word_1_313' title='bbox 928 3917 1108 3967; x_wconf 78' lang='lat' dir='ltr'><strong>autem</strong></span> <span class='ocrx_word' id='word_1_314' title='bbox 1144 3930 1375 3984; x_wconf 76' lang='lat' dir='ltr'><strong>superos</strong></span> <span class='ocrx_word' id='word_1_315' title='bbox 1420 3917 1533 3969; x_wconf 72' lang='lat' dir='ltr'><strong>sire</strong></span> <span class='ocrx_word' id='word_1_316' title='bbox 1569 3920 1825 3971; x_wconf 80' lang='lat' dir='ltr'><strong>terrenos</strong></span> <span class='ocrx_word' id='word_1_317' title='bbox 1850 3917 2029 3986; x_wconf 81' lang='lat' dir='ltr'><strong>flores</strong></span> <span class='ocrx_word' id='word_1_318' title='bbox 2066 3918 2303 3982; x_wconf 78' lang='lat' dir='ltr'><strong>excutit,</strong></span> <span class='ocrx_word' id='word_1_319' title='bbox 2353 3916 2588 3986; x_wconf 71' lang='lat' dir='ltr'><strong>diliqens</strong></span> <span class='ocrx_word' id='word_1_320' title='bbox 2636 3922 2697 3971; x_wconf 82' lang='lat' dir='ltr'><strong>ut</strong></span> 
     </span>
     <span class='ocr_line' id='line_1_37' title="bbox 427 3991 2696 4066; baseline 0.003 -22"><span class='ocrx_word' id='word_1_321' title='bbox 427 3991 628 4060; x_wconf 82' lang='lat' dir='ltr'><strong>pictor,</strong></span> <span class='ocrx_word' id='word_1_322' title='bbox 664 3992 940 4046; x_wconf 79' lang='lat' dir='ltr'><strong>coloribus</strong></span> <span class='ocrx_word' id='word_1_323' title='bbox 974 3993 1163 4060; x_wconf 80' lang='lat' dir='ltr'><strong>instat,</strong></span> <span class='ocrx_word' id='word_1_324' title='bbox 1198 4011 1296 4049; x_wconf 83' lang='lat' dir='ltr'><strong>nec</strong></span> <span class='ocrx_word' id='word_1_325' title='bbox 1328 3995 1536 4050; x_wconf 85' lang='lat' dir='ltr'><strong>recedit</strong></span> <span class='ocrx_word' id='word_1_326' title='bbox 1570 4012 1741 4065; x_wconf 77' lang='lat' dir='ltr'><strong>usque</strong></span> <span class='ocrx_word' id='word_1_327' title='bbox 1767 3996 1892 4050; x_wconf 85' lang='lat' dir='ltr'><strong>dam</strong></span> <span class='ocrx_word' id='word_1_328' title='bbox 1917 3997 2163 4066; x_wconf 80' lang='lat' dir='ltr'><strong>penitus,</strong></span> <span class='ocrx_word' id='word_1_329' title='bbox 2199 3997 2419 4066; x_wconf 84' lang='lat' dir='ltr'><strong>impleta</strong></span> <span class='ocrx_word' id='word_1_330' title='bbox 2443 3997 2677 4066; x_wconf 87' lang='lat' dir='ltr'><strong>periodo</strong></span> <span class='ocrx_word' id='word_1_331' title='bbox 2680 4038 2696 4064; x_wconf 87' lang='lat'><em>,</em></span> 
     </span>
     <span class='ocr_line' id='line_1_38' title="bbox 430 4072 2695 4147; baseline 0.002 -22"><span class='ocrx_word' id='word_1_332' title='bbox 430 4072 745 4140; x_wconf 79' lang='lat' dir='ltr'><strong>penicillum</strong></span> <span class='ocrx_word' id='word_1_333' title='bbox 785 4072 1144 4128; x_wconf 76' lang='lat' dir='ltr'><strong>exsiccaverit</strong></span> <span class='ocrx_word' id='word_1_334' title='bbox 1195 4074 1484 4145; x_wconf 81' lang='lat' dir='ltr'><strong>(Analecta</strong></span> <span class='ocrx_word' id='word_1_335' title='bbox 1535 4093 1700 4131; x_wconf 79' lang='lat' dir='ltr'><strong>sacra</strong></span> <span class='ocrx_word' id='word_1_336' title='bbox 1753 4076 2041 4147; x_wconf 71' lang='lat' dir='ltr'><strong>Spicileqio</strong></span> <span class='ocrx_word' id='word_1_337' title='bbox 2093 4076 2427 4131; x_wconf 81' lang='lat' dir='ltr'><strong>Solesmensi</strong></span> <span class='ocrx_word' id='word_1_338' title='bbox 2460 4080 2695 4146; x_wconf 85' lang='lat' dir='ltr'><strong>parata,</strong></span> 
     </span>
    </p>

    <p class='ocr_par' dir='ltr' id='par_1_8' title="bbox 442 4231 2694 4552">
     <span class='ocr_line' id='line_1_39' title="bbox 624 4231 2694 4308; baseline 0.002 -22"><span class='ocrx_word' id='word_1_339' title='bbox 624 4232 667 4299; x_wconf 87' lang='lat'><strong>¹)</strong></span> <span class='ocrx_word' id='word_1_340' title='bbox 708 4231 920 4287; x_wconf 86' lang='lat' dir='ltr'><strong>Consuli</strong></span> <span class='ocrx_word' id='word_1_341' title='bbox 970 4239 1199 4288; x_wconf 81' lang='lat' dir='ltr'><strong>meretur</strong></span> <span class='ocrx_word' id='word_1_342' title='bbox 1247 4234 1616 4291; x_wconf 64' lang='lat' dir='ltr'><strong>Verfiinski</strong></span> <span class='ocrx_word' id='word_1_343' title='bbox 1654 4231 2209 4308; x_wconf 59' lang='lat' dir='ltr'><strong>Demetriu8‚‘qui</strong></span> <span class='ocrx_word' id='word_1_344' title='bbox 2263 4238 2314 4291; x_wconf 92' lang='lat' dir='ltr'><strong>in</strong></span> <span class='ocrx_word' id='word_1_345' title='bbox 2351 4236 2694 4290; x_wconf 85' lang='lat' dir='ltr'><strong>Kalendario</strong></span> 
     </span>
     <span class='ocr_line' id='line_1_40' title="bbox 452 4311 2692 4387; baseline 0.003 -24"><span class='ocrx_word' id='word_1_346' title='bbox 452 4311 713 4365; x_wconf 76' lang='lat' dir='ltr'><strong>ecclesiae</strong></span> <span class='ocrx_word' id='word_1_347' title='bbox 744 4328 987 4382; x_wconf 65' lang='lat' dir='ltr'><strong>graecae</strong></span> <span class='ocrx_word' id='word_1_348' title='bbox 1023 4314 1342 4382; x_wconf 79' lang='lat' dir='ltr'><strong>orientalis,</strong></span> <span class='ocrx_word' id='word_1_349' title='bbox 1394 4317 1573 4386; x_wconf 85' lang='lat' dir='ltr'><strong>lingua</strong></span> <span class='ocrx_word' id='word_1_350' title='bbox 1608 4319 1842 4371; x_wconf 72' lang='lat' dir='ltr'><strong>russiana</strong></span> <span class='ocrx_word' id='word_1_351' title='bbox 1880 4317 2018 4371; x_wconf 86' lang='lat' dir='ltr'><strong>edito</strong></span> <span class='ocrx_word' id='word_1_352' title='bbox 2055 4318 2318 4387; x_wconf 88' lang='lat' dir='ltr'><strong>Petropoli</strong></span> <span class='ocrx_word' id='word_1_353' title='bbox 2366 4333 2497 4370; x_wconf 87' lang='lat' dir='ltr'><strong>anno</strong></span> <span class='ocrx_word' id='word_1_354' title='bbox 2536 4317 2692 4382; x_wconf 71' lang='lat'>1854,</span> 
     </span>
     <span class='ocr_line' id='line_1_41' title="bbox 442 4390 2694 4470; baseline 0.002 -26"><span class='ocrx_word' id='word_1_355' title='bbox 442 4390 492 4442; x_wconf 85' lang='lat' dir='ltr'><strong>in</strong></span> <span class='ocrx_word' id='word_1_356' title='bbox 528 4392 855 4446; x_wconf 82' lang='lat' dir='ltr'><strong>illustrandis</strong></span> <span class='ocrx_word' id='word_1_357' title='bbox 892 4394 1086 4447; x_wconf 80' lang='lat' dir='ltr'><strong>sanctis</strong></span> <span class='ocrx_word' id='word_1_358' title='bbox 1123 4394 1174 4448; x_wconf 88' lang='lat' dir='ltr'><strong>in</strong></span> <span class='ocrx_word' id='word_1_359' title='bbox 1209 4395 1305 4449; x_wconf 85' lang='lat' dir='ltr'><strong>hoc</strong></span> <span class='ocrx_word' id='word_1_360' title='bbox 1342 4413 1533 4451; x_wconf 87' lang='lat' dir='ltr'><strong>canone</strong></span> <span class='ocrx_word' id='word_1_361' title='bbox 1573 4397 1957 4452; x_wconf 84' lang='lat' dir='ltr'><strong>occurrentibus</strong></span> <span class='ocrx_word' id='word_1_362' title='bbox 1996 4413 2181 4470; x_wconf 82' lang='lat' dir='ltr'><strong>operae</strong></span> <span class='ocrx_word' id='word_1_363' title='bbox 2219 4397 2488 4466; x_wconf 83' lang='lat' dir='ltr'><strong>plurimum</strong></span> <span class='ocrx_word' id='word_1_364' title='bbox 2517 4395 2694 4456; x_wconf 85' lang='lat' dir='ltr'><strong>studii-</strong></span> 
     </span>
     <span class='ocr_line' id='line_1_42' title="bbox 443 4473 1337 4552; baseline 0.01 -31"><span class='ocrx_word' id='word_1_365' title='bbox 443 4486 538 4540; x_wconf 85' lang='lat' dir='ltr'><strong>que</strong></span> <span class='ocrx_word' id='word_1_366' title='bbox 576 4473 899 4545; x_wconf 84' lang='lat' dir='ltr'><strong>consumpsit</strong></span> <span class='ocrx_word' id='word_1_367' title='bbox 934 4489 1017 4546; x_wconf 91' lang='lat' dir='ltr'><strong>pp.</strong></span> <span class='ocrx_word' id='word_1_368' title='bbox 1055 4475 1160 4529; x_wconf 82' lang='lat'><strong>213</strong></span> <span class='ocrx_word' id='word_1_369' title='bbox 1198 4491 1337 4552; x_wconf 84' lang='lat' dir='ltr'><strong>seqq.</strong></span> 
     </span>
    </p>
   </div>
  </div>
 </body>
</html>
