3514 5391
895 514 1000 568 546
1547 514 1706 568 Festa
1742 515 1950 569 mobilia
1987 520 2107 584 post
2144 513 2495 568 Pentecostes.

900 720 1112 796 tatem,
1158 734 1347 797 quarn
1400 713 1567 778 Deus
1616 713 1980 778 fidelissimo
2027 712 2175 778 huic
2207 732 2387 779 servo
2419 733 2531 778 suo
2564 714 2842 791 contulit,
2891 733 3112 797 semper

898 813 1325 878 beatissimum
1375 810 1723 895 Josephum
1773 814 1913 895 post
1938 808 2270 895 Deiparam
2297 810 2622 896 Virginem
2671 811 2804 895 ejus
2832 808 3109 896 Sponsam

904 911 1179 977 Ecclesia
1226 930 1469 975 summo
1518 909 1755 975 honore
1803 931 1875 975 ac
1923 910 2208 976 laudibus
2255 915 2636 995 prosequuta
2664 915 2777 988 est,
2827 910 3110 994 ejusdem-

899 1030 1018 1093 que
1066 1010 1483 1075 interventum
1531 1008 1593 1074 in
1641 1009 1832 1074 rebus
1878 1009 2076 1075 anxiis
2124 1008 2495 1093 imploravit.
2547 1048 2632 1054 —
2684 1008 2914 1075 Verum
2946 1029 3111 1093 quum

898 1107 1272 1177 tristissimis
1318 1108 1492 1172 hisce
1540 1107 1930 1191 temporibus
1977 1106 2260 1173 Ecclesia
2307 1108 2443 1192 ipsa
2502 1108 2577 1173 ab
2617 1107 2915 1175 hostibus
2961 1109 3115 1173 undi-

899 1226 1019 1290 que
1068 1207 1367 1271 insectata
1430 1207 1582 1270 adeo
1628 1206 2020 1291 gravioribus
2069 1206 2459 1291 opprimatur
2515 1206 3003 1285 calamitatibus·‚
3059 1212 3116 1269 nt-

900 1305 1071 1387 impii
1119 1304 1405 1370 homines
1453 1309 1663 1389 portas
1710 1304 1894 1370 inseri
1942 1306 2238 1371 adversus
2302 1325 2437 1370 eam
2485 1306 2736 1372 tandem
2785 1306 3117 1395 praevalere

903 1409 1350 1486 autumarent„
1393 1403 1530 1468 ideo
1580 1403 1989 1468 Venerabiles
2035 1402 2306 1469 universi
2355 1402 2538 1471 Orbis
2586 1403 2874 1470 catholici
2920 1403 3114 1469 Sacro·

900 1523 1036 1567 rum
1090 1502 1418 1567 Antistites
1465 1521 1610 1566 suas
1658 1521 1729 1567 ac
1778 1500 2290 1568 Christifidelium
2343 1523 2556 1569 eorum
2591 1523 2776 1568 curae
2822 1502 3117 1569 concredi-

902 1608 1103 1666 torum
1153 1620 1373 1685 preces
1425 1600 1683 1664 Summo
1731 1600 2018 1667 Pontifici
2068 1607 2494 1686 porrexemnt‚
2553 1603 2781 1686 quibus
2825 1602 3116 1687 petebant,

859 1689 970 1766 'ut
1015 1704 1299 1765 sanctum
1347 1698 1693 1783 Josephum
1742 1698 2062 1766 Ecclesiae
2109 1701 2454 1767 Patronum
2503 1702 2879 1766 constituere
2925 1701 3118 1786 digna·

902 1804 1090 1866 retur.
1182 1798 1424 1863 Deinde
1480 1817 1669 1881 quum
1735 1798 1795 1862 in
1859 1817 2036 1863 sacra
2081 1801 2483 1865 oecumenica
2542 1801 2780 1884 synodo
2845 1798 3120 1863 Vaticana

904 1898 1155 1963 easdem
1206 1896 1650 1982 postulationes
1698 1899 1760 1961 et
1790 1901 1932 1963 vota
1959 1898 2200 1963 enixius
2232 1904 2653 1981 renovassent,
2703 1898 3121 1977 Sanctissimus

906 1996 1209 2060 Dominus
1255 1994 1488 2060 Noster
1532 1993 1685 2059 Pius
1732 1995 1861 2060 ΡΡ.
1909 1995 2020 2062 ΙΧ.
2069 1997 2429 2081 nuperrima
2487 2017 2557 2062 ac
2605 1997 2888 2063 luctuosa
2932 2015 3117 2065 rerum

905 2094 1254 2159 conditione
1303 2098 1678 2171 commotus,
1745 2099 1815 2158 ut
1862 2085 2293 2178 potentissimo
2342 2096 2538 2161 sancti
2586 2093 2986 2161 Patriarchae
3027 2093 3126 2157 Jo-

906 2193 1083 2278 sephi
1144 2193 1484 2277 patrocinio
1533 2211 1600 2257 se
1666 2213 1735 2258 ac
1794 2193 2011 2259 fideles
2060 2214 2278 2261 omnes
2325 2195 2763 2271 committeret,
2813 2193 3120 2259 Sacrorum

906 2292 1273 2357 Antistitum
1320 2291 1479 2356 votis
1526 2292 1887 2357 satisfacere
1935 2293 2146 2371 voluit,
2211 2313 2477 2378 eumque
2527 2291 2882 2359 Catholicae
2926 2290 3122 2356 Eccle-

907 2391 1032 2455 siae
1080 2390 1418 2456 Patronum
1470 2388 1833 2455 solemniter
1879 2390 2246 2469 declaravit;
2295 2392 2584 2476 illiusque
2635 2392 2859 2458 festum
2892 2392 2987 2456 die
3030 2391 3124 2453 de·

908 2491 1233 2555 cimanona
1262 2488 1471 2554 Martii
1512 2507 1866 2567 occurrenS‚
1916 2490 1979 2554 in
2010 2495 2328 2573 posterum
2359 2491 2476 2556 sub
2504 2491 2625 2556 ritu
2657 2491 2887 2575 duplici
2913 2491 3127 2575 primae

908 2589 1143 2666 elassiS,
1195 2593 1469 2653 attamen
1515 2587 1649 2652 sine
1695 2592 1914 2653 octava
1959 2589 2196 2655 ratione
2244 2588 2793 2674 Quadragesimae‚
2851 2586 3124 2654 celebrari

906 2688 1241 2755 mandavit.
1356 2686 1677 2771 Disposuit
1738 2687 2026 2773 insuper,
2093 2693 2162 2753 ut
2219 2688 2340 2754 hac
2403 2688 2503 2754 die
2552 2689 2860 2774 Deiparae
2905 2684 3124 2771 Virgini

907 2786 1354 2852 Immaculatae
1421 2805 1491 2850 ac
1540 2786 1871 2851 castissimi
1922 2786 2181 2872 Josephi
2232 2786 2510 2872 Sponsae
2570 2805 2748 2852 sacra
2794 2781 3126 2870 hujusmodi

909 2885 1242 2951 decla-ratio
1292 2905 1403 2970 per
1450 2904 1744 2966 praesens
1794 2883 2128 2951 Sacrorum
2173 2884 2430 2950 Rituum
2466 2883 2977 2971 congregationis
3021 2882 3128 2947 De·

911 2991 1146 3049 cretum
1198 2982 1425 3068 publici
1467 2983 1626 3066 juris
1673 2983 1872 3049 fieret.
1955 2983 2292 3049 Contrariis
2321 3005 2442 3048 non
2474 2983 2866 3048 obstantibus
2897 2981 3128 3066 quibus·

910 3102 1175 3166 cunque.

1091 3190 1207 3254 Die
1260 3190 1428 3278 VIII.
1478 3190 2038 3283 Decembris-anni
2091 3189 2281 3254 1870.

1077 3331 1141 3397 O.
1196 3331 1542 3417 Episcopus
1592 3332 1828 3400 Ostien.
1876 3339 1937 3397 et
1973 3332 2351 3398 Veliternen.
2405 3332 2585 3399 Gard.
2639 3332 2978 3398 Patrizi.

1750 3440 1812 3505 S.
1865 3439 1940 3504 R.
1988 3439 2054 3505 G.
2107 3439 2311 3505 Praef.

1740 3569 1857 3641 Ἰ).
1909 3574 2347 3650 Bartolini,
2398 3574 2461 3639 S.
2513 3573 2584 3641 R.
2637 3573 2704 3641 G.
2758 3573 3049 3639 Secretar.
