3514 5391
731 501 970 572 Κυριακή
1006 500 1073 553 δ’.
1115 505 1222 554 τῶν
1261 505 1535 566 νηστειῶν.
1593 501 1863 558 Dominiea
1899 502 1987 557 IV.
2025 502 2286 573 Quadrag.
2547 506 2652 561 143

579 699 743 764 Dies
787 700 878 765 ad
920 702 1183 787 quietem
1230 711 1290 766 et
1332 702 1762 769 remissionem
1809 701 2019 767 datm.

576 845 1118 932 Quemadmodum
1156 850 1420 916 ‘ecclesia
1448 871 1676 936 graeca
1704 849 2031 915 Dominica
2066 850 2460 934 praecedenti
2494 850 2646 916 fide-

401 941 558 1008 libus
626 943 931 1027 festivam,
982 969 1252 1034 agonum
1318 948 1944 1039 quadragesimalium
2010 949 2444 1025 remissionem
2506 968 2645 1017 cum

399 1041 705 1125 spirituali
739 1040 1176 1135 >d<÷sleel;atione
1237 1051 1347 1134 τῆς
1393 1044 2113 1135 σταυροπροςκυνὴσεως
2172 1047 2271 1132 p'ie
2320 1049 2645 1125 concessit,

398 1139 478 1204 ita
524 1145 588 1205 et
636 1140 902 1209 ecclesia
947 1144 1346 1210 occidentalis
1394 1146 1578 1211 hodie
1630 1146 2004 1223 christianiS‚
2070 1146 2275 1221 media
2320 1147 2381 1211 in
2432 1147 2646 1212 obser-

399 1239 602 1304 vantia
651 1241 1172 1329 quadragesimali
1223 1244 1593 1315 constitutis,
1661 1252 1939 1310 sanctam
1988 1244 2321 1329 quamdam
2374 1243 2647 1310 oblecta-

399 1337 634 1403 tionem
681 1345 744 1405 et
793 1342 1072 1425 requiem
1120 1341 1320 1422 offert,
1361 1354 1438 1419 ‚ut
1482 1343 1776 1408 nimirum
1829 1343 2117 1408 relaxatis
2147 1342 2398 1428 paulum
2427 1343 2648 1411 animis

399 1437 775 1522 refectisque
824 1440 1208 1525 corporibus,
1272 1441 1601 1506 alacriores
1651 1461 1721 1532 ac
1769 1442 2114 1527 vegetiores
2162 1458 2229 1505 se
2278 1442 2351 1505 ad
2403 1441 2647 1506 residua

389 1535 772 1615 jejuniorum
819 1540 1113 1607 exercitia
1161 1540 1505 1625 accingant.

577 1643 910 1709 Laetitiam
969 1647 1291 1711 annuntiat
1337 1646 1571 1712 Missae
1617 1646 1946 1724 Introitus‚
2011 1644 2334 1731 pulsantur
2394 1667 2644 1733 organa,

400 1742 660 1807 ministri
711 1748 974 1809 utuntur
1020 1744 1417 1822 Dalmaticis,
1487 1762 1642 1829 quas
1703 1750 1781 1810 'ex
1834 1745 1975 1828 jure
2024 1746 2318 1811 canonico
2345 1747 2396 1831 1)
2463 1752 2646 1832 atque

397 1860 467 1904 ex
515 1841 797 1926 probatis
846 1843 1201 1909 auctoribus
1221 1843 1273 1929 ²)
1338 1845 1624 1909 novimus
1673 1864 1811 1909 esse
1837 1835 2268 1909 'solemnitatis
2314 1838 2643 1925 indicium:

397 1936 716 2005 Romanus
783 1939 1104 2019 Pontifex,
1173 1962 1349 2025 rosae
1416 1962 1638 2008 aureae
1704 1962 1932 2027 pompa
1994 1942 2284 2025 fidelibus
2351 1943 2642 2011 exhibita.

397 2056 613 2125 omnes
659 2038 900 2113 invitat,
965 2046 1032 2105 ut
1078 2060 1144 2106 se
1192 2046 1406 2106 saneto
1465 2040 1587 2107 hoc
1635 2040 1992 2125 spectaculo
2039 2045 2354 2121 recreent,
2420 2042 2644 2127 aliique

397 2136 545 2201 ritus
595 2137 951 2223 populareS,
1003 2140 1352 2205 communis
1399 2138 1670 2205 laetitiae
1717 2144 1929 2217 testes,
1979 2138 2163 2204 hodie
2212 2134 2465 2224 impune
2505 2162 2644 2226 per-

397 2235 746 2302 mittuntur.

574 2343 671 2409 De
719 2366 875 2408 rosa
921 2368 1121 2411 aurea
1167 2345 1288 2412 hoc
1334 2347 1433 2412 die
1484 2367 1522 2411 a
1566 2346 1827 2412 Summo
1876 2345 2178 2410 Pontifice
2240 2345 2523 2411 benedici
2572 2368 2643 2412 ac·

397 2441 616 2507 deinde
665 2443 851 2508 alicui
899 2464 1198 2528 personae
1245 2445 1518 2530 Principi
1567 2446 1627 2510 in
1680 2449 2148 2509 monumentum
2180 2443 2646 2510 benevolentiae

403 2540 610 2606 donari
659 2539 846 2606 solita
907 2543 1108 2626 deque
1157 2543 1477 2629 multiplici
1543 2545 1676 2627 ejus
1738 2543 2188 2629 significatione
2255 2562 2331 2607 ex
2377 2544 2644 2628 antiquis

410 2640 665 2706 conferri
715 2646 966 2725 praeter
1012 2642 1467 2716 Durandum
1521 2640 1854 2709 Rational.
1905 2642 1945 2710 l.
1996 2642 2055 2707 6.
2108 2661 2160 2707 c.
2211 2639 2317 2719 53,
2385 2657 2644 2727 possunt.

407 2735 1128 2824 EugeniusPP.III.,
1179 2743 1359 2829 epist.
1411 2742 1500 2806 ad
1548 2741 1957 2828 Alphonsum‚
2007 2740 2374 2827 Hispaniae
2425 2753 2640 2826 reqem‚

399 2834 450 2902 d.
500 2837 567 2902 d.
621 2837 728 2902 28.
784 2838 996 2925 April.
1045 2839 1333 2926 1148³);
1403 2840 1866 2906 Alexander
1922 2839 2047 2905 ΡΡ.
2097 2838 2246 2923 ΙΠ.,
2312 2840 2492 2927 epist.
2557 2842 2644 2905 ad

398 2933 695 3000 Ladovic.
761 2936 924 3016 VIL,
991 2937 1305 3004 Franciae
1349 2960 1571 3024 reqem,
1637 2938 1699 3004 d.
1749 2939 1794 3002 (Ζ
1872 2942 1933 3004 2.
1986 2938 2182 3002 Mart.
2236 2940 2410 3003 1163
2428 2938 2518 3023 ⁴),
2582 2945 2643 3004 et

395 3035 728 3118 praecipue
775 3034 1194 3103 Innocent.
1247 3037 1371 3103 ΡΡ.
1403 3036 1537 3106 ΠΙ..
1588 3038 1690 3121 qui
1741 3037 1989 3122 proprio
2029 3056 2314 3102 sermone
2363 3037 2420 3100 in
2455 3038 2636 3104 Dom.

395 3130 669 3196 Laetare
734 3133 864 3199 sive
925 3133 1006 3197 ἅθ’
1050 3135 1229 3200 Rosa
1250 3134 1304 3220 ⁶)
1371 3135 1570 3201 varias
1634 3134 1823 3218 hujus
1886 3135 2311 3200 caeremoniae
2374 3137 2641 3201 rationes

395 3229 536 3292 fuse
583 3231 998 3315 persequitur,
1049 3253 1124 3299 ex
1170 3254 1292 3318 quo
1341 3253 1539 3318 pauca
1585 3233 1742 3300 haec
1789 3234 2210 3318 excerpimus:

577 3337 680 3401 Ne
717 3336 937 3421 fidelis
975 3340 1255 3427 populus
1294 3350 1561 3429 propter
1607 3343 2015 3428 aspa-itatem
2070 3341 2642 3428 quadraqeaimalis

394 3434 822 3502 abstinentiae
883 3438 998 3503 sub
1059 3441 1353 3505 continuo
1412 3439 1629 3505 labore
1685 3439 2004 3524 deficeret,
2067 3442 2137 3504 in
2182 3440 2296 3503 hac
2344 3440 2640 3504 mediana

580 3660 619 3728 ¹)
658 3660 718 3716 C.
755 3662 846 3716 De
868 3661 1105 3732 jejunia.
1143 3663 1194 3716 3.
1234 3662 1369 3716 Dist.
1408 3663 1493 3717 76.

575 3738 619 3807 ²)
658 3740 851 3810 Hugo
888 3757 920 3794 a
959 3758 1001 3795 s.
1041 3740 1321 3795 Victore
1361 3741 1428 3795 de
1465 3743 1608 3813 offic.
1647 3741 1851 3807 eccles,
1890 3742 1924 3795 l.
1963 3744 2015 3808 3,
2066 3759 2110 3798 c.
2148 3742 2200 3795 4.
2255 3742 2410 3810 (apud
2450 3740 2637 3810 hfigne,

397 3819 538 3874 Patr.
578 3822 667 3876 lat.
708 3827 746 3876 t.
787 3823 909 3888 177,
949 3837 998 3891 p.
1035 3822 1196 3888 441);
1245 3821 1534 3875 Amalar.
1573 3821 1641 3875 de
1678 3822 1863 3875 eccles,
1902 3823 2066 3893 offic„
2116 3822 2149 3875 l.
2188 3821 2238 3889 3,
2289 3837 2333 3874 c.
2371 3822 2444 3875 40
2496 3820 2639 3886 (ibid.

397 3907 438 3953 t.
479 3901 602 3969 105,
655 3917 703 3971 p.
747 3903 942 3968 1159);
1001 3901 1349 3972 Microlog.
1399 3901 1466 3955 de
1505 3902 1690 3956 eccles.
1728 3902 1994 3955 obserrat.
2047 3919 2090 3956 c.
2128 3902 2199 3955 46
2257 3900 2398 3966 (ibid.
2438 3906 2475 3954 t.
2520 3902 2637 3966 151,

575 4064 618 4128 ⁸)
658 4062 851 4132 migne,
890 4061 1035 4116 Patr.
1073 4063 1105 4116 l.
1146 4067 1183 4116 t.
1226 4063 1346 4129 180,
1384 4077 1432 4130 p.
1474 4063 1593 4117 180.
1709 4067 1713 4072 ’

571 4141 615 4206 ⁴)
655 4141 784 4197 Ibid.
825 4149 864 4195 t.
903 4143 1025 4206 200,
1063 4158 1112 4211 p.
1152 4143 1272 4207 198,
1312 4141 1428 4195 coll.·
1465 4158 1515 4211 p.
1552 4142 1638 4196 51.

571 4221 613 4290 Γ’)
655 4222 785 4276 Ibid.
825 4227 866 4275 t.
905 4222 1027 4286 217,
1064 4238 1114 4291 p.
1150 4222 1273 4276 393.
1349 4219 1600 4275 Homiliae
1647 4223 1929 4291 praefixum
1979 4227 2061 4275 est
2099 4223 2304 4275 lemma:
2359 4221 2640 4274 Romanus

399 4301 655 4375 I’onlt'fex
692 4319 796 4357 cm·
835 4303 890 4355 in
931 4302 1214 4358 Dominica
1254 4303 1499 4356 Laetare
1525 4303 1724 4373 florem
1765 4318 1992 4355 auream
2021 4302 2281 4373 fidelibus
2305 4301 2526 4370 populis
2552 4318 2638 4353 re·

385 4387 702 4451 praesentet
712 4398 739 4452 ,·
795 4386 852 4436 et
901 4395 1001 4436 cut·
1047 4383 1101 4436 in
1141 4383 1365 4437 basilica
1413 4387 1636 4438 sanctae
1677 4383 1869 4436 Crucis
1917 4381 2177 4436 ridendas
2213 4380 2550 4434 ostendatur.
2588 4383 2641 4431 e!

394 4463 458 4516 de
491 4464 847 4534 quade-twlici
882 4461 1213 4518 Jerusalem.
1251 4479 1390 4531 qnae
1423 4464 1513 4517 sil.
