3514 5391
925 498 1057 551 600·
1551 502 1728 554 Annus
1767 501 2146 556 ecclesiasticus
2185 503 2544 556 Armenorum.

929 613 1002 617 η
1033 613 1240 618 ——ae—
1265 613 1280 617 -
1309 614 1402 619 ,ψ
1423 614 1432 617 -
1549 614 1564 618 -
1697 612 1783 619 -...,
1820 614 2527 621 —--..--——-—-——
2570 616 2796 622 ——„
2838 617 2849 621 -
2882 611 3130 622 —....--———-

1357 700 1527 754 Sectio
1565 700 1651 754 VI.
1704 699 2114 770 Varapochumn.
2163 700 2459 771 Assumptio
2498 701 2559 755 B.
2586 700 2654 755 M.
2682 701 2762 757 V.

2904 805 3131 815 ——ae

932 881 1187 944 moratio
1247 879 1373 943 Job
1419 880 1627 957 Justi,
1694 900 1881 963 quem
1930 880 2175 947 Mart:
2209 881 2414 947 Rom.
2482 882 2658 966 ponit
2716 884 2776 948 d.
2835 883 2932 948 10.
2980 878 3134 962 Maji:

928 980 1037 1043 sed
1085 979 1281 1045 Men.
1332 981 1452 1043 (ir.
1503 984 1565 1043 et
1611 979 1811 1043 Arm
1863 981 1926 1043 d.
1975 979 2035 1045 6.
2087 979 2366 1060 ejusdem
2418 981 2669 1046 mensis

1107 1157 1149 1222 S
1169 1158 1258 1221 ab
1275 1158 1314 1222 b
1336 1162 1481 1222 ato.
1541 1158 1796 1221 Festum
1828 1167 1919 1221 est
1945 1160 2080 1222 318
2103 1159 2318 1244 Episc.
2353 1159 2527 1222 sacri
2565 1156 2840 1225 Concilii
2876 1156 3135 1225 Nicaem‘.

1106 1274 1367 1338 Festum
1435 1274 1696 1340 Patrum
1772 1275 2032 1340 Nicaeni
2111 1275 2369 1341 Concilii
2432 1277 2621 1344 Men.
2676 1279 2796 1344 Gr.
2878 1276 3036 1362 ponit
3087 1274 3135 1337 d.

930 1375 1044 1438 29.
1087 1373 1259 1456 Maji,
1309 1373 1454 1456 quia
1500 1374 1764 1438 traditur
1812 1372 2159 1439 Concilium
2205 1374 2328 1440 hoc
2375 1375 2567 1441 fuisse
2624 1381 2906 1442 coactum
2953 1371 3139 1440 Domi-

929 1472 1068 1537 nica
1115 1476 1253 1555 post
1299 1473 1768 1547 Ascensionem,
1821 1493 1980 1556 quae
2026 1474 2086 1538 in
2137 1472 2275 1538 illos
2322 1474 2456 1538 dies
2502 1474 2737 1541 incidit.
2812 1474 2988 1539 Unde
3007 1469 3139 1534 Mis·

930 1570 1056 1635 sale
1106 1571 1417 1653 quoddam
1467 1575 1660 1639 vetus,
1713 1572 1789 1635 ad
1838 1571 2115 1657 singulos
2165 1572 2398 1637 mensis
2446 1573 2578 1638 dies
2627 1574 2948 1659 assignans
2986 1572 3138 1641 festa,

929 1670 1014 1734 ita
1061 1669 1182 1733 hoc
1211 1669 1440 1733 festum
1472 1669 1789 1736 inscribit:
1841 1670 1952 1735 29.
1987 1670 2109 1735 M'a
2116 1671 2140 1753 j
2162 1672 2216 1735 i:
2277 1669 2790 1736 Commemoratio
2817 1682 2909 1735 est
2929 1694 2973 1736 s.
3004 1664 3140 1732 Con-

928 1765 1066 1831 eilii
1115 1767 1394 1831 Nicaea-i
1438 1770 1574 1831 318
1621 1791 1700 1833 33.
1754 1769 2034 1849 Patriam,
2086 1770 2194 1855 qui
2240 1772 2602 1855 conyreyati
2646 1780 2795 1834 sunt
2833 1793 2951 1856 per
2981 1766 3141 1854 pium

927 1889 1131 1950 regem
1185 1864 1667 1930 Constantinum
1713 1865 1802 1929 ad
1848 1866 2345 1940 confutationem
2377 1868 2528 1932 Arii
2554 1870 2776 1955 impii,·
2821 1868 2931 1932 sed
2954 1867 3143 1929 horum

916 1964 1162 2049 festum
1217 1966 1553 2050 peraqitur
1600 1966 1943 2029 Dominica
1998 1976 2147 2052 poet
2207 1965 2653 2031 Ascemionem
2700 1967 2984 2041 Domini,
3042 1957 3176 2024 illo'

931 2085 1195 2147 namque
1242 2063 1347 2126 die
1394 2074 1829 2128 conuenerunt.
1928 2064 2374 2130 Verumtamen
2423 2065 2623 2130 Men.
2662 2066 2864 2131 Arm.
2911 2061 3048 2128 illud
3088 2058 3137 2121 d.

933 2162 991 2226 7.
1043 2161 1360 2245 Septemb.
1412 2162 1691 2235 collocat,
1743 2183 1815 2227 ac
1864 2162 2122 2247 proinde
2165 2162 2342 2247 juxta
2388 2164 2665 2230 ordinem
2701 2163 2954 2228 Kalend.
3002 2156 3139 2223 cele-

935 2260 1150 2324 bratur
1196 2259 1299 2324 hic
1349 2280 1541 2344 prope
1591 2261 1761 2325 illum
1812 2262 1996 2326 diem.

1109 2439 1450 2502 Dominica
1497 2439 1616 2504 IV.
1654 2450 1808 2525 poet
1856 2439 2381 2525 Assumptiouem.

1102 2547 1248 2639 Hie,
1299 2565 1358 2629 8.
1406 2564 1810 2647 Septembris,
1860 2585 2253 2650 quocumque
2300 2567 2399 2631 die
2448 2568 2737 2644 occurrit,
2786 2568 3026 2631 Festum
3065 2570 3141 2623 ast

938 2663 1320 2728 Nativitatis
1367 2663 1786 2728 Beatissimae
1847 2664 2015 2750 Viry.
2053 2665 2311 2728 Mariae
2342 2666 2672 2752 Deiparae
2702 2688 2782 2730 eae
2803 2659 3138 2753 parentibus

933 2763 1066 2825 suis
1112 2762 1403 2825 Joachim
1449 2772 1508 2825 et
1553 2761 1765 2827 Anna.

1109 2868 1245 2932 Hoc
1306 2869 1535 2934 festum
1604 2891 1722 2934 non
1792 2876 2049 2955 apparet
2113 2872 2174 2935 in
2241 2872 2681 2937 vetustioribus
2748 2866 3137 2936 Kalendariis:

937 2968 1382 3052 posterioribus
1449 2968 1710 3033 saeculis
1771 2969 1888 3033 fuit
1935 2970 2282 3034 institutum
2331 2989 2455 3034 una
2526 2991 2668 3035 cum
2716 2969 2893 3035 sestis
2940 2965 3140 3032 Conce-

935 3067 1162 3149 ptionis
1224 3087 1295 3131 ac
1355 3066 1881 3142 Praesentationis
1930 3068 2237 3151 Deiparae
2305 3069 2380 3133 ad
2441 3068 2851 3133 imitationem
2902 3066 3142 3132 Graeco-

935 3185 1092 3240 rum,
1142 3185 1300 3249 quae
1331 3166 1582 3248 quidem
1618 3166 1777 3230 festa
1809 3166 2076 3249 primum
2112 3165 2491 3231 collocarunt
2522 3168 2585 3231 in
2615 3166 2920 3250 principio
2946 3159 3146 3229 Kalen-

932 3263 1107 3340 darii,
1177 3269 1358 3346 prout
1407 3263 1632 3327 ibidem
1685 3264 1878 3328 videri
1925 3269 2163 3348 potest:
2230 3259 2447 3350 postea
2505 3269 2713 3329 tamen
2772 3263 3023 3350 singula
3062 3274 3151 3321 8110

933 3362 996 3424 in
1042 3362 1255 3425 ordine
1303 3363 1714 3439 inseruerunt,
1766 3362 1903 3427 ideo
1952 3368 2014 3427 et
2060 3363 2290 3428 festum
2323 3363 2680 3429 Nativitatis
2725 3363 2830 3429 hic
2855 3369 3155 3442 tamquam

937 3459 1184 3543 proprio
1230 3459 1366 3524 loeo
1414 3465 1780 3526 statuerunt.
1860 3461 2093 3526 Verum
2141 3463 2205 3525 in
2251 3462 2371 3526 hoc
2419 3462 2578 3528 festo
2627 3463 3017 3548 assignando
3057 3455 3157 3520 dis·
3213 3533 3217 3538 .

937 3563 1188 3640 crepant
1249 3558 1350 3623 hic
1410 3560 1571 3624 inter
1631 3580 1697 3624 se
1747 3559 2041 3638 Codices;
2110 3560 2385 3625 nonnulli
2447 3561 2610 3625 enim
2675 3565 2946 3640 attento,
3028 3550 3157 3639 quod

937 3656 1271 3738 Conceptio
1321 3657 1624 3740 Deiparae
1681 3658 1859 3740 juxta
1906 3656 2184 3724 Graecos
2246 3664 2308 3723 et
2354 3660 2670 3724 Armenes
2718 3660 3078 3726 celebratur
3112 3650 3156 3712 d·

938 3755 998 3819 9.
1051 3754 1223 3831 Dec„
1275 3754 1678 3820 Nativitatem
1729 3777 1978 3841 quoquc
2027 3758 2159 3840 ejus
2208 3761 2348 3841 post
2394 3757 2434 3820 9
2483 3777 2733 3823 menses
2782 3760 2841 3825 d.
2893 3760 2955 3824 9.
3024 3753 3155 3833 Sept·

937 3852 1336 3928 constituunt,
1403 3874 1524 3918 una
1571 3874 1712 3919 cum
1762 3858 2348 3921 commemoratione
2400 3860 2725 3940 parentum
2776 3858 2929 3941 efflue,
3010 3867 3155 3936 pra&

936 3952 1164 4034 scripto
1213 3951 1486 4035 profesto
1535 3954 1633 4017 die
1681 3955 1741 4020 8.
1791 3955 2065 4038 ejusdem
2112 3955 2363 4026 mensis.
2415 3953 2938 4038 quemadmodum
2990 3949 3153 4015 etiam

939 4048 1163 4114 Graeci
1214 4050 1616 4116 Nativitatem
1666 4053 1725 4116 d.
1761 4053 1818 4118 8.
1849 4053 2017 4136 Sept.
2060 4054 2394 4130 celebrant,
2445 4059 2508 4118 et
2537 4054 2597 4118 9.
2631 4055 2911 4138 ejusdem
2944 4043 3151 4118 mensis

941 4153 1264 4260 parentum
1331 4150 1461 4232 ejus
1525 4154 1719 4234 agunt
1785 4152 2455 4217 commemorationem.
2565 4151 2750 4218 Unde
2812 4152 3001 4236 hujus
3055 4138 3147 4208 diet

941 4249 1162 4311 testum
1199 4248 1286 4312 sie
1313 4248 1661 4334 assignant.
1715 4249 1852 4312 Hoc
1878 4247 2233 4330 intervaZZO,
2276 4253 2340 4314 8.
2369 4248 2771 4335 Septembris,
2821 4248 3138 4350 stoja-ertum

939 4354 1029 4406 est
1077 4345 1463 4409 Natiuitatis
1511 4347 1875 4431 Deiparae:
1923 4348 2024 4411 die
2071 4370 2214 4410 vero
2263 4351 2322 4414 9
2376 4348 2624 4411 Festum
2669 4357 2763 4412 est
2788 4336 3125 4416 Natimtatis

939 4443 1284 4535 Dciparae,
1335 4454 1392 4505 et
1438 4447 1931 4510 commemoratio
1970 4457 2315 4536 parentum
2362 4450 2513 4540 ejus.
