3514 5391
791 460 898 517 270
1435 460 1594 516 Festa
1631 462 1837 517 mobilia
1874 463 1927 516 in
1962 461 2385 532 Quadragesima.

861 660 1036 718 Haec
1074 658 1236 731 parit
1273 675 1482 731 corpus
1518 658 1821 730 caducum,
2041 658 2205 732 Ergo
2243 666 2306 717 te
2347 659 2625 719 coelestis
2662 659 2825 733 Agni

864 739 1135 799 Omnium
1175 757 1278 813 spe
1316 739 1536 811 serius;
2038 738 2386 814 Purpurata
2423 741 2712 814 sanguine

862 821 1262 881 Aeviternum
1300 820 1501 878 reddit
1541 820 1703 890 illud,
2040 820 2206 878 Aula
2241 827 2339 879 ter
2374 819 2537 888 felix,
2579 822 2832 880 adorent

864 901 1138 960 Omnium
1178 918 1281 974 spe
1322 901 1523 973 citius3
2035 898 2247 972 Terra,
2286 907 2515 974 pontus,
2555 903 2835 974 aethera3

861 982 982 1040 Illa
1018 982 1229 1055 pannis
1267 982 1611 1050 involutum,
2035 980 2165 1040 Nec
2203 982 2575 1056 sepulchrum
2616 984 2745 1056 quis
2782 986 3012 1042 vocarit

860 1062 1095 1121 Linteis
1132 1062 1242 1119 hoe
1280 1061 1595 1120 conditum.
2035 1061 2185 1122 Vita
2224 1062 2297 1120 de
2336 1059 2770 1136 quo'nascitur.

862 1224 958 1282 Ex
995 1224 1125 1282 sinu
1165 1224 1376 1282 matris
1412 1221 1673 1281 futuram
2038 1220 2253 1280 Gloria
2290 1229 2352 1280 et
2386 1224 2572 1282 honor
2607 1222 2742 1282 Deo

861 1305 963 1362 Ad
1002 1306 1258 1363 salutem
1297 1304 1593 1372 nascitur-3
2034 1302 2470 1377 Usquequaque
2509 1304 2844 1377 Altissimo‚

862 1385 952 1444 At
987 1386 1183 1444 salute
1214 1384 1340 1457 jam
1380 1391 1614 1457 parata,
2035 1384 2172 1442 Una
2209 1384 2405 1458 Patri,
2444 1385 2737 1459 Filioque,

861 1467 1050 1540 Rupis
1090 1467 1259 1524 alvus
1297 1464 1591 1535 reddidit;
2031 1464 2269 1538 Inclyto
2306 1465 2635 1538 Par-aelim,

861 1547 961 1605 Ad
1002 1562 1234 1605 crucem
1273 1561 1494 1619 parens
1520 1544 1814 1618 produxit,
2034 1544 2145 1603 Cui
2184 1546 2318 1604 laus
2358 1553 2466 1619 est,
2507 1552 2572 1605 et
2607 1554 2875 1621 potestas

860 1630 951 1686 At
986 1628 1139 1686 silex
1177 1626 1254 1684 ad
1290 1625 1559 1699 gloriam.
2032 1624 2157 1684 Per
2181 1626 2470 1686 immensa
2503 1629 2765 1688 saecula.
2819 1629 3022 1687 Amen.

1253 1886 1361 1945 De
1409 1885 1900 1943 caeremoniis
1949 1884 2259 1945 sabbati
2308 1887 2567 1946 sancti.

968 2042 1058 2107 Ex
1107 2040 1422 2106 hodiernis
1471 2039 1876 2105 caeremoniis
1922 2039 2241 2106 Ecclesiae
2270 2040 2497 2106 latinae
2544 2043 2873 2127 praecipue
2918 2043 3024 2107 ad-

789 2141 930 2206 duci
981 2145 1295 2205 merentur
1342 2135 1687 2201 benedictio
1734 2139 1886 2201 ‘novi
1928 2139 2098 2224 iynis
2144 2159 2217 2203 ex
2266 2138 2437 2203 silice
2471 2141 2732 2217 excussi,
2783 2141 2859 2205 de
2907 2161 3025 2225 quo

790 2239 998 2305 statim
1047 2234 1285 2323 triplex
1330 2235 1602 2300 candela
1649 2238 1987 2324 conjuncta-
2034 2237 2430 2314 accendam-,-
2477 2236 2821 2304 benedictio
2870 2241 3030 2303 cerei

784 2336 1113 2426 paschalis
1174 2356 1315 2400 cum
1364 2335 1625 2400 solemni
1675 2339 1857 2399 cantu
1907 2333 2189 2413 Exultat,
2256 2335 2568 2418 inscriptis
2615 2335 2758 2401 olim
2818 2338 2877 2401 in
2926 2357 3024 2401 cc-

790 2458 962 2502 reum
1013 2435 1173 2499 notis
1222 2431 1776 2516 chronopraphieis
1824 2452 1963 2496 cum
2016 2432 2369 2498 authentico
2418 2433 2696 2520 catalogo
2730 2435 3021 2500 festorum

792 2535 932 2600 anni
982 2532 1317 2608 currentis;
1369 2529 1714 2598 benedictio
1745 2528 2001 2615 fontis;
2048 2529 2340 2594 solemnis
2389 2530 2647 2597 collatio
2687 2531 3028 2618 baptisma-

791 2635 905 2712 εἰες
954 2631 1255 2697 Litaniae
1302 2633 1364 2693 et
1410 2629 1620 2691 Missa
1655 2627 1988 2714 paschalis
2036 2645 2076 2693 e*
2117 2631 2400 2712 sequenti
2448 2638 2629 2695 nocte
2664 2632 3024 2716 anticipata3

791 2731 1131 2815 antiquitus
1179 2728 1342 2792 enim
1391 2727 1577 2792 hodie
1624 2726 1823 2791 Missa
1881 2747 2003 2792 non
2051 2727 2464 2793 inchoabatur
2524 2734 2853 2813 antequam
2901 2753 3031 2794 una

791 2853 869 2895 ex
914 2826 1118 2893 stellis
1166 2826 1553 2910 apparuisset
1598 2826 1660 2889 in
1710 2826 1900 2904 coelo,
1966 2825 2205 2910 fuitque
2255 2828 2754 2893 extraordinariis
2810 2829 3028 2893 ritibus

791 2948 988 3012 usque
1035 2927 1112 2990 ad
1162 2925 1431 2989 mediam
1479 2928 1724 2989 noctem
1777 2928 2105 3007 protracta.
2156 2962 2240 2970 —
2300 2924 2421 2990 Sed
2473 2926 2682 2990 omnia
2729 2926 2883 2992 haee
2929 2946 3026 2991 vo·

789 3026 987 3090 lentes
1052 3023 1428 3099 omittimuS‚
1496 3023 1660 3107 quod
1723 3042 1797 3087 ea
1859 3043 1968 3107 pro
2029 3021 2399 3088 scholastica
2445 3025 2891 3089 consuetudine
2952 3025 3025 3089 ad

792 3123 941 3187 alias
988 3120 1349 3204 disciplinas
1390 3120 1522 3203 jam
1570 3119 1775 3185 delata
1821 3140 2167 3187 cernamus,

969 3304 1354 3367 Graecorum
1401 3300 1824 3364 caeremonias
1872 3320 1947 3364 ex
1993 3299 2166 3365 libris
2204 3299 2507 3385 liturgicis
2537 3308 2823 3368 accurate
2854 3322 3029 3386 prae·

794 3400 1013 3465 scribit
1059 3398 1362 3482 Typicum
1414 3395 1534 3461 GP.
1586 3418 1689 3481 pp.
1740 3397 2114 3466 238—240.
2190 3398 2285 3463 Ex
2332 3398 2407 3463 iis
2456 3401 2786 3485 praecipua
2833 3400 3035 3483 capita

794 3499 948 3564 haee
996 3502 1174 3585 sunt;
1225 3495 1395 3560 horis
1444 3495 1755 3563 canonicis
1804 3495 2062 3579 aliisque
2095 3496 2376 3581 plurimis
2419 3517 2494 3562 ex
2525 3517 2702 3563 sacra
2729 3500 3031 3582 scriptura

792 3596 1158 3662 lectionibus
1205 3593 1478 3659 recitatis
1526 3595 1843 3679 peragitur
1890 3594 2137 3680 liturgia
2183 3616 2233 3660 s.
2284 3595 2515 3671 Basilii,
2575 3617 2759 3681 quam
2810 3598 2883 3661 ad
2932 3617 3030 3661 sc·

792 3695 1058 3760 cundam
1124 3712 1322 3775 usque
1370 3692 1570 3756 noctis
1616 3692 1836 3757 horam
1886 3694 2252 3777 producunt.
2349 3692 2483 3774 Qua
2538 3696 2786 3759 demum
2838 3695 3028 3763 finita.

791 3813 910 3856 non
961 3795 1185 3857 exeunt
1232 3789 1512 3868 ecclesia,
1563 3791 1674 3856 sed
1721 3790 1852 3855 suis
1899 3791 2256 3857 insistentes
2303 3792 2557 3857 sedibus
2584 3794 2634 3878 ¹)
2685 3793 2801 3858 alia
2847 3798 3029 3877 atque

790 3891 907 3955 alia
954 3910 1030 3955 ex
1077 3889 1352 3973 patribus
1401 3888 1633 3973 legunt,
1698 3910 2021 3974 quousque
2071 3894 2316 3974 tempus
2373 3892 2690 3958 advenerit
2741 3892 3025 3957 Officium

791 3987 1081 4072 paschale
1129 3987 1444 4065 recitandi,
1495 3988 1708 4071 sicque
1760 3998 1954 4052 totam
2001 3999 2238 4052 noctem
2284 3990 2355 4053 in
2391 3990 2633 4075 vigiliis
2680 3987 3030 4075 (πάνιτχον

791 4080 1174 4172 ἀγρυπνίαν)
1223 4086 1639 4171 transigentes
1687 4090 1748 4150 et
1797 4087 1929 4151 sine
1977 4086 2435 4153 intermissione
2482 4090 2684 4153 sacris
2722 4088 3029 4176 mysteriis

794 4249 830 4256 .-
927 4250 1030 4256 ---
1053 4251 1122 4255 ἡκ
1181 4250 1218 4255 Η

974 4344 1014 4411 ⁸)
1055 4342 1286 4410 Ὀφείλει
1326 4342 1383 4394 δὲ
1421 4344 1577 4411 ἔχειν
1613 4328 1896 4415 ἀκριβείαν
1932 4342 1963 4396 o‘
2002 4342 2400 4414 ἐκκλησιάρχης,
2453 4347 2562 4409 ἵνα,
2612 4345 2747 4399 ὅταν
2784 4344 3022 4414 ἀπολύσῃ

789 4422 820 4489 ἡ
857 4422 1105 4489 ἐκκλησία
1140 4426 1231 4489 τῆς
1268 4423 1622 4494 λειτουργίας,
1671 4424 1897 4496 ὑπάρχῃ
1935 4424 2048 4493 ὥρα
2070 4430 2138 4489 β.
2180 4429 2269 4491 τῆς
2306 4425 2517 4483 νυκτός.
2596 4425 2753 4478 Meni
2793 4424 2851 4477 δὲ
2887 4422 3021 4477 ἀπό·
