3514 5391
919 530 1026 585 634
1543 532 1719 585 Annus
1759 532 2140 587 ecclesiasticus
2178 535 2534 587 Armenorum.

1650 734 1918 803 Proprium
1956 734 2439 805 Transylvaniense.

930 914 1065 978 Die
1114 914 1219 979 ⁶24.
1270 914 1306 978 J
1326 935 1363 978 u
1387 916 1515 979 nii.
1613 915 1765 977 Don
1811 915 2189 1003 dienentjcm
2247 920 2507 1004 serpojn
2558 916 2885 981 Hohavmu
2931 914 3145 998 Meyer-

1099 1011 1340 1076 ditsclzi.
1395 1051 1478 1059 -
1526 1013 1836 1078 Nativitas
1885 1034 1933 1077 S.
1985 1012 2247 1079 Joannis
2296 1015 2558 1098 Baptist.
2611 1015 2711 1079 eh.

929 1137 1064 1201 Die
1095 1136 1266 1299 29.ss
1287 1159 1322 1201 u
1343 1139 1471 1300 ῗιίἰ.
1492 1139 1692 1301 hDon
1723 1142 1977 1226 serpojn
2008 1137 2279 1203 Bedroai
2308 1142 2419 1227 jeu
2448 1139 2705 1205 Bahasi.
2737 1179 2820 1186 —
2856 1140 2964 1204 SS.
2996 1137 3142 1202 Petri

1099 1240 1161 1299 et
1231 1257 1337 1300 ,au
1366 1238 1403 1301 i.
1455 1257 1488 1301 c
1541 1290 1553 1302 .
1606 1238 1649 1300 f.

930 1360 1064 1424 Die
1114 1361 1173 1427 2.
1222 1361 1454 1428 Julii.
1553 1364 1703 1426 Don
1751 1361 2132 1450 Ajczlutyan
2190 1384 2372 1449 serpo
2432 1362 2655 1430 Gusin.
2730 1403 2813 1410 -—
2882 1362 3144 1428 visitatio

1101 1461 1170 1526 B.
1225 1461 1312 1526 Μ.
1365 1462 1438 1527 V.
1491 1461 1589 1527 eh.

922 1584 1149 1651 Sabb.
1217 1592 1363 1653 ant.
1415 1588 1624 1654 Dom.
1676 1586 1792 1651 IV.
1860 1609 1917 1671 p.
1967 1587 2187 1654 Pent.
2298 1587 2479 1677 KJud
2536 1536 2917 1651 neslzarlzaes
2979 1605 3142 1670 serpo

1101 1684 1368 1847 ᾗνίἠὲνί
1427 1686 1937 1809 Lueavortschin.
2006 1724 2089 1732 —-
2160 1685 2221 1753 S.
2285 1686 2624 1773 Gregorius
2688 1686 3066 1752 Illumiuator
3087 1680 3142 1763 ¹).

1108 2069 1150 2135 ¹)
1202 2070 1494 2123 Honoribus
1545 2088 1588 2123 s.
1629 2071 1871 2140 Gregorii
1922 2071 2286 2125 Illuminatoris
2338 2087 2541 2125 sacrum
2590 2071 2724 2141 apud
2775 2070 2999 2125 Graecos
3041 2080 3143 2120 esse

922 2149 1056 2203 diem
1092 2152 1179 2205 30.
1218 2150 1408 2205 mensis
1446 2150 1781 2220 SeptembriS‚
1836 2158 2100 2206 ostensum
2137 2156 2220 2206 est
2256 2157 2396 2206 tomo
2438 2154 2484 2220 1,
2523 2169 2571 2222 p.
2612 2152 2733 2217 290,
2785 2151 2870 2205 ubi
2906 2150 3055 2204 etiam
3087 2146 3142 2198 de

923 2228 1073 2282 titulo
1126 2229 1247 2283 festi
1299 2230 1349 2283 in
1401 2230 1658 2284 codicibus
1708 2232 1927 2301 syriacis
1974 2232 2166 2301 signati
2204 2231 2484 2302 Baptismi
2517 2231 2643 2302 Hoq
2690 2232 3045 2286 Armenorum
3079 2224 3145 2279 ad

912 2309 1120 2377 flumen
1159 2309 1482 2379 Euphraten
1522 2310 1693 2365 doceri
1740 2312 1805 2365 ab
1845 2312 2015 2382 aliquo
2067 2328 2237 2366 rerum
2287 2313 2660 2365 armenicamm
2700 2312 2867 2381 perito
2902 2309 3140 2382 optabam-

921 2387 1018 2453 Qui
1055 2389 1192 2442 votis
1229 2388 1419 2444 nostris
1471 2392 1793 2446 satisfacturi
1844 2392 2061 2462 benigne
2112 2392 2504 2462 responderunt,
2562 2392 2748 2446 testati
2800 2396 2917 2447 sunt
2964 2404 3139 2445 omnes„

921 2469 1126 2523 titulum
1165 2470 1337 2538 istum,
1376 2473 1435 2525 ut
1471 2470 1772 2527 Latinorum
1811 2480 1868 2526 et
1904 2473 2236 2539 Graecorum,
2275 2473 2351 2526 ita
2388 2477 2443 2527 et
2480 2476 2819 2527 Armenorum
2844 2472 2989 2526 fastis
3014 2470 3139 2537 igno·

921 2554 1030 2603 tum
1068 2565 1182 2603 esse
1202 2566 1218 2616 ;·
1271 2551 1442 2621 plures
1488 2553 1947 2621 interpretationes
1998 2559 2171 2608 tamen
2223 2553 2495 2608 divinando
2544 2557 2830 2619 tentamnt,
2882 2568 2943 2605 ex
2977 2549 3141 2621 quibus

919 2631 1046 2684 haec
1084 2636 1226 2685 certe
1264 2630 1673 2687 consideratione
1712 2634 1869 2704 digna
1907 2634 2128 2702 videtur,
2167 2633 2299 2705 quod
2336 2634 2592 2698 nimirum,
2650 2637 2867 2689 notante
2903 2632 3039 2685 Rmo.
3086 2642 3139 2680 ac

921 2712 1080 2767 Clmo.
1120 2713 1250 2767 Dno.
1292 2714 1503 2768 Paulo
1541 2714 1865 2781 Carekin,
1916 2731 1949 2768 a
1987 2715 2239 2784 scriptore
2278 2715 2482 2786 syriaco
2532 2715 2869 2785 probabiliter
2906 2713 3021 2782 Hoq
3065 2724 3139 2779 po-

920 2794 1075 2847 situm
1113 2794 1184 2847 sit
1218 2811 1311 2864 pro
1349 2795 1501 2848 Harl:
1536 2793 1839 2864 (Armeni),
1876 2800 1935 2849 ut
1972 2796 2100 2849 adeo
2139 2796 2330 2849 festum
2366 2795 2622 2849 indicetur
2658 2795 2938 2865 Bapttlsmi
2968 2795 3139 2848 Arme-

920 2889 1111 2927 noram
1159 2875 1399 2928 nationis
1448 2880 1540 2929 aut
1587 2877 1773 2929 saltem
1813 2878 2175 2932 Armenorum
2212 2875 2608 2942 multitudiuis,
2664 2894 2696 2930 a
2733 2893 2777 2931 s.
2815 2874 3140 2930 Inuminatore

921 2953 972 3005 in
1008 2958 1214 3021 gratam
1253 2954 1385 3007 tanti
1423 2954 1654 3009 beneficii
1692 2956 1992 3010 memoriam
2030 2957 2340 3010 institutum.
2418 2955 2609 3009 Postea
2644 2971 2769 3010 vero
2806 2956 2937 3010 idem
2971 2954 3030 3008 cl.
3054 2950 3140 3012 vir,

921 3040 1104 3087 acutus
1140 3034 1203 3087 ad
1243 3036 1638 3103 excogitandum
1676 3042 1734 3089 ut
1773 3041 1870 3100 est,
1910 3037 1959 3089 in
1999 3037 2176 3090 eodem
2214 3041 2524 3105 argumento
2563 3036 2751 3089 iterum
2778 3051 2835 3089 se
2862 3029 3139 3089 exercendo-

925 3113 1175 3182 probabili
1212 3116 1446 3184 opinione
1483 3117 1854 3186 augurabatur,
1894 3119 1944 3171 in
1982 3118 2267 3188 archetypo
2305 3132 2515 3172 armeno
2553 3117 2766 3170 stetisse
2803 3121 2951 3170 notas
2984 3124 3138 3167 nume·

921 3193 1085 3260 rales,
1142 3194 1322 3249 literas
1360 3197 1558 3251 scilicet
1595 3197 1917 3251 declarandis
1955 3197 2180 3251 numeris
2218 3196 2476 3251 adhibitas
2528 3197 2687 3261 (forte
2726 3198 2832 3251 700
2881 3201 2969 3250 aut
3001 3192 3139 3247 etiam

922 3273 1116 3327 70.000
1135 3273 1460 3346 indicantes),
1499 3294 1626 3346 quas
1653 3283 1827 3331 tamen
1853 3278 1916 3332 ab
1943 3278 2181 3347 imperito
2209 3277 2494 3346 interprete
2520 3276 2651 3346 Syro
2689 3278 2799 3331 veri
2819 3277 2978 3331 simile
3003 3273 3066 3328 sit
3095 3270 3138 3322 in

921 3368 1104 3407 nomen
1130 3353 1254 3423 Hoy
1280 3355 1437 3409 fuisse
1463 3356 1791 3426 depravatas.
1822 3389 1881 3394 -
1916 3357 2257 3411 Doctissimus
2294 3357 2342 3412 J.
2370 3357 2707 3411 Martinov
2743 3374 2843 3411 non
2877 3350 3139 3426 spernenda

921 3434 1121 3487 ratione
1147 3435 1311 3500 nixus,
1351 3452 1534 3490 nornen
1561 3438 1818 3506 proprium
1848 3453 1961 3491 esse
1998 3437 2204 3506 conjicit
2240 3438 2292 3490 in
2319 3437 2465 3492 Actis
2503 3437 2752 3493 litorariis
2789 3422 2996 3493 E'tudes
3027 3429 3139 3488 reli·

916 3509 1154 3582 aienses,
1205 3533 1286 3569 an.
1311 3519 1449 3571 1880
1487 3533 1658 3571 mense
1695 3518 1850 3587 Juliog
1888 3535 1938 3588 p.
1980 3520 2099 3584 156,
2138 3534 2290 3589 quum
2328 3534 2512 3572 nomen
2550 3519 2813 3588 proprium
2854 3515 3019 3586 Oqoln'
3041 3515 3135 3583 jam

921 3600 1060 3649 tomo
1077 3599 1123 3649 1.
1163 3597 1277 3650 Kal.
1301 3605 1538 3652 occurrat
1558 3616 1605 3668 p.
1627 3599 1748 3652 257.
1774 3630 1839 3637 -—
1860 3599 1959 3653 Sed
1998 3603 2051 3653 et
2077 3599 2181 3658 alii.
2210 3598 2425 3653 curiosis
2451 3599 2753 3670 quibusdam
2779 3592 3133 3667 interpretatio·

921 3674 1068 3728 nibus
1094 3678 1377 3744 suggestiS,
1415 3679 1540 3732 bene
1567 3679 1630 3732 de
1655 3695 1842 3749 magno
1874 3681 2209 3733 Armenorum
2236 3678 2585 3733 illuminatore
2612 3679 2801 3733 mereri
2825 3675 3133 3732 studuerunt:

921 3773 1008 3808 eas
1047 3761 1218 3810 tamen
1257 3763 1314 3811 ut
1351 3759 1516 3813 minus
1554 3760 1844 3829 probabiles
1897 3765 1947 3813 et
1988 3776 2049 3813 ex
2089 3760 2313 3814 fontibus
2351 3775 2597 3829 perquam
2648 3758 2892 3813 fabulosis
2941 3758 3129 3811 haustas

922 3835 1120 3890 omitto.
1161 3868 1221 3874 —
1265 3837 1458 3892 Eadem
1495 3841 1623 3894 haec
1659 3841 1895 3910 quaestio
1932 3857 2012 3894 me
2050 3857 2249 3911 quoque
2287 3840 2372 3894 diu
2412 3840 2697 3894 exercitum
2734 3839 2911 3895 habuit
2947 3831 3129 3892 investi-

922 3921 1150 3982 gantem,
1206 3920 1444 3987 quidnam
1483 3921 1728 3974 obscurus
1768 3922 1888 3975 festi
1928 3920 2109 3974 titulus
2147 3920 2243 3974 sibi
2280 3919 2479 3974 vellet?
2553 3919 2610 3973 In
2650 3936 2765 3974 eam
2812 3919 3009 3975 tandem
3041 3911 3129 3983 opi·

923 3997 1120 4050 nionem
1148 3997 1345 4064 deveni,
1373 4000 1460 4053 illo
1491 4001 1601 4054 loco
1628 4001 1950 4071 baptismum
1968 4000 2406 4054 Sachiasitarum
2435 4001 2838 4066 commemorari,
2876 3998 3000 4071 quod
3024 3992 3130 4065 ipsis

920 4076 975 4129 in
1009 4078 1238 4147 flumine
1275 4079 1561 4148 Euphrate
1611 4081 1674 4134 ab
1719 4081 1851 4150 Osqi
1907 4081 2319 4150 Chrysistarum
2370 4080 2504 4134 duce
2552 4081 2795 4135 collatum
2842 4095 2988 4149 supra
3024 4072 3127 4128 vidi-

922 4174 1032 4210 mus
1071 4174 1118 4227 p.
1159 4159 1279 4214 573.
1355 4160 1525 4213 Facile
1565 4161 1698 4214 enim
1749 4162 1859 4214 fieri
1900 4162 2093 4230 potuit,
2144 4165 2203 4214 ut
2240 4161 2291 4214 in
2341 4160 2729 4215 transcribendo
2769 4166 2911 4215 textu
2946 4167 3129 4212 armeno

923 4238 1073 4292 litera
1113 4256 1137 4292 s
1185 4239 1432 4294 exciderit
1472 4241 1684 4311 indeque
1721 4240 1919 4313 nomen:
1940 4258 2201 4295 armenum
2235 4241 2382 4310 θερί,
2419 4241 2649 4296 adhibita
2668 4241 2989 4312 aspirationis
3006 4243 3126 4292 nota.

923 4320 972 4372 in
1011 4320 1266 4389 syriaciun
1305 4320 1428 4388 Hos]
1465 4323 1891 4375 transformatum
1930 4322 2016 4374 sit.
2092 4321 2280 4375 Verum
2319 4322 2445 4375 haec
2482 4320 2673 4376 limites
2710 4324 3021 4393 conjecturae
3044 4331 3127 4370 non

923 4400 1189 4453 excedunt.
1265 4401 1467 4470 Aliquid
1505 4407 1719 4466 certum,
1760 4404 1944 4466 fateor,
1985 4401 2153 4455 dicere
2192 4415 2291 4456 non
2330 4401 2493 4455 valeo.
2554 4400 2733 4473 Neque
2761 4402 2913 4473 pudet
2946 4414 3018 4453 me
3050 4411 3124 4449 ne-

923 4479 1071 4544 scire,
1109 4482 1240 4550 quod
1279 4497 1310 4534 a
1337 4482 1459 4536 viris
1497 4483 1648 4552 longe
1688 4484 1941 4554 longeque
1980 4483 2291 4538 doctioribus
2329 4482 2527 4538 definiri
2556 4497 2653 4553 pro
2678 4487 2822 4538 certo
2847 4497 2943 4537 non
2965 4474 3126 4549 potuit.
