3514 5391
923 533 1164 609 Κυριοαῆ
1202 539 1311 592 τῶν
1345 534 1534 602 fldem.
1591 537 1862 593 Dominica
1897 540 1950 593 in
1987 538 2196 593 PalmiS.
2506 593 2513 599 ,
2580 538 2685 593 2οῖ

443 753 567 810 pum
604 736 1062 810 respondentes,
1101 743 1165 795 et
1188 736 1277 795 sic
1302 737 1467 795 lente
1504 740 1569 794 et
1593 736 1776 808 lente,
1815 752 1889 793 ne
1916 735 2179 794 lassetur
2195 735 2472 809 populus;
2511 751 2688 809 porro

437 817 555 888 jam
580 833 722 875 sera
747 818 1105 891 pervenitur
1143 817 1222 875 ad
1250 817 1572 876 Anastase.
1640 816 1753 875 Ubi
1780 832 1952 890 quum
1979 821 2219 875 ventum
2246 814 2448 887 fuerit,
2488 832 2687 889 qnam-

444 898 591 958 libet
624 915 765 957 sero
806 899 890 957 sit
925 905 1130 971 totum,
1168 899 1240 958 fit
1275 899 1621 958 lucernare:
1676 898 1748 956 fit
1799 898 1988 956 denuo
2038 895 2233 956 oratio
2285 896 2363 954 ad
2401 894 2685 968 Crucem3

444 985 503 1036 et
539 978 869 1038 dimittitur
904 979 1204 1054 populus.“

611 1086 825 1164 Ritus,
889 1090 1115 1172 quibus
1163 1088 1425 1154 ecclesia
1485 1087 1886 1153 occidentalis
1950 1085 2137 1171 hujus
2202 1087 2323 1151 diei
2386 1086 2688 1152 solemnia

444 1186 726 1263 celebrat,
778 1187 841 1251 in
875 1187 1055 1252 obvio
1095 1207 1342 1272 quoque
1370 1185 1677 1252 Rationali
1705 1186 2053 1251 divinorum
2088 1185 2456 1262 officiorum,
2507 1206 2685 1270 prae-

442 1285 613 1370 cipue
669 1285 1108 1351 hebdomadae
1170 1290 1454 1364 sanctae,
1522 1285 1835 1369 expositos
1892 1283 2189 1349 invenies.
2282 1283 2681 1368 Splendidam

440 1383 819 1449 functionem
869 1384 1320 1450 benedictionis
1368 1390 1430 1450 et
1475 1383 1931 1449 distributionis
1978 1382 2321 1467 palmarum
2355 1383 2420 1446 in
2451 1382 2687 1467 capella
2755 1467 2761 1472 η

444 1480 699 1547 Romani
746 1481 1072 1548 Pontificis
1132 1503 1305 1548 more
1353 1503 1464 1548 suo
1526 1482 1648 1547 late
1706 1481 2004 1547 describit
2053 1480 2397 1559 Moroni,
2460 1481 2684 1544 Dizio-

440 1582 640 1662 nario,
692 1585 737 1647 t.
780 1580 842 1658 8,
892 1602 996 1666 pp.
1024 1581 1402 1647 278—284.
1454 1619 1540 1627 —
1589 1579 1685 1645 De
1714 1579 2122 1646 caeremoniis
2147 1578 2452 1645 eeclesiae
2482 1581 2683 1643 orien-

439 1678 575 1743 talis
620 1683 836 1744 autem
883 1681 1126 1763 praeter
1158 1677 1309 1743 alios
1339 1681 1624 1743 accurate
1652 1678 1972 1761 disputant
2001 1676 2295 1743 Goariu
2314 1696 2345 1741 s
2393 1677 2451 1741 in
2489 1677 2685 1741 Notis

440 1774 526 1838 ad
570 1773 911 1862 Eucholoq.
966 1775 1372 1860 Graecorum,
1420 1798 1482 1861 p.
1521 1776 1647 1840 743
1697 1782 1760 1841 et
1806 1775 2247 1841 Gretserus
2292 1775 2354 1839 in
2404 1774 2684 1859 pluribus

438 1873 604 1951 lociS,
674 1875 947 1942 maxime
994 1874 1073 1939 de
1118 1876 1323 1940 saevis
1358 1873 1876 1962 processionibus
1923 1873 1962 1939 l.
2019 1874 2074 1952 l,
2140 1894 2192 1940 e.
2247 1874 2363 1951 18,
2426 1874 2534 1938 ubi
2582 1894 2682 1938 so-

438 1970 707 2037 lemnem
754 1973 1214 2058 processionem
1264 1974 1329 2039 in
1377 1973 1516 2038 aula
1554 1971 1891 2039 CPolitana
1935 1971 2057 2038 hoc
2085 1972 2185 2037 die
2233 1972 2525 2037 usitatam
2573 1972 2680 2036 de-

439 2071 651 2136 scribit
676 2069 744 2155 ¹).

613 2195 788 2269 Quae
830 2196 1035 2254 eodem
1063 2197 1261 2269 capite
1286 2194 1341 2255 G
1359 2213 1391 2253 r
1408 2213 1440 2254 e
1458 2202 1527 2254 ts
1545 2212 1577 2253 e
1594 2211 1722 2253 rus
1759 2199 2083 2269 praeterea
2104 2200 2319 2254 narrat
2343 2195 2415 2253 de
2436 2196 2683 2254 solemni

437 2277 813 2348 processione
850 2276 1291 2350 Hierosolymis
1330 2277 1466 2336 olim
1509 2277 1744 2334 institui
1782 2275 1978 2348 solita,
2030 2292 2105 2334 ea
2141 2292 2364 2349 quoque
2402 2293 2515 2333 non
2555 2276 2682 2334 sine

437 2355 858 2415 delectationis
898 2363 962 2415 et
999 2357 1440 2417 aedificationis
1477 2354 1676 2415 fructu
1715 2355 1901 2428 leges.
1978 2356 2199 2416 Verum
2239 2371 2412 2427 quum
2452 2357 2682 2429 supple·

434 2442 632 2494 mento
671 2437 874 2509 aliquo
914 2438 1256 2510 indigeant,
1309 2455 1435 2496 rem
1474 2454 1587 2510 non
1626 2437 1929 2510 ingratam
1978 2453 2083 2495 nos
2119 2436 2386 2495 tacturos
2425 2436 2683 2495 arbitra-

432 2532 579 2588 mur,
632 2517 685 2574 si
726 2517 1165 2576 accuratiorem
1204 2517 1380 2590 hujus
1418 2517 1834 2576 caeremoniae
1873 2516 2334 2591 descriptionem
2373 2533 2446 2574 ex
2485 2516 2682 2589 Qua·

431 2614 623 2655 resm
645 2598 747 2668 io,
787 2598 1063 2669 Elucq'dat.
1108 2599 1316 2654 Terrae
1352 2603 1595 2666 sanctae,
1631 2600 1671 2657 l.
1710 2599 1765 2667 4,
1804 2614 1853 2657 c.
1895 2599 1980 2670 ll,
2021 2597 2403 2656 exhibeamus
2421 2596 2486 2668 ³).

612 2686 721 2760 „In
758 2687 1107 2762 praesentia
1145 2687 1319 2761 hujus
1347 2687 1586 2747 castelli
1599 2685 1645 2760 ⁸)
1685 2688 1842 2746 sicut
1880 2693 1943 2746 et
1965 2686 2339 2762 Bethphage,
2379 2686 2547 2745 nulla
2583 2688 2682 2748 vel

428 2767 952 2827 fundamentorum
994 2769 1258 2827 cernitur
1296 2770 1600 2828 memoria.
1655 2767 1778 2828 Sed
1812 2769 1965 2828 haec
2003 2768 2064 2826 in
2091 2767 2386 2827 mentibus
2413 2767 2677 2827 fidelium

430 2856 885 2908 conservantur.
958 2848 1207 2923 Hocque
1243 2856 1313 2908 ut
1348 2851 1559 2909 melius
1597 2850 1721 2922 fiat,
1762 2855 1830 2908 ut
1867 2849 2102 2923 inquam
2140 2849 2318 2922 hujus
2344 2849 2583 2907 castelli
2622 2855 2685 2907 et

428 2928 788 3003 Bethphage
824 2929 1223 3002 triumphique
1256 2928 1486 2989 Christi
1510 2931 1799 2989 memoria
1826 2936 2231 3003 conservetur,
2269 2929 2518 3002 singulis
2547 2946 2683 3002 quo-

429 3026 542 3083 que
582 3010 757 3068 annis
796 3010 859 3068 in
894 3008 1211 3068 Dominica
1248 3007 1610 3077 Palmarum‚
1651 3008 1909 3068 Praesul
1948 3009 2108 3069 sacri
2134 3008 2349 3067 montis
2369 3007 2511 3068 Sion
2551 3026 2680 3067 cum

431 3089 570 3148 aliis
609 3089 910 3149 fratribus
959 3091 1293 3164 peregrinis
1346 3099 1410 3151 et
1459 3091 1721 3151 caeteris
1771 3090 2339 3164 Hierosolymitanis
2389 3088 2681 3162 fidelibuS,

430 3188 561 3230 cum
601 3169 851 3229 Christo
891 3177 954 3229 et
992 3170 1302 3245 Apostolis
1338 3171 1698 3246 Bethphage
1737 3189 1803 3229 se
1844 3171 2093 3239 confert,
2134 3172 2195 3229 id
2223 3177 2332 3244 est,
2371 3171 2448 3229 ad
2474 3170 2679 3230 horum

430 3251 791 3324 exemplum:
860 3267 972 3324 quo
1033 3268 1206 3323 quum
1258 3253 1636 3327 pervenerit.
1693 3253 1960 3310 omnibus
2014 3251 2075 3310 in
2124 3257 2293 3311 terra
2342 3252 2681 3325 prostratis,

429 3348 605 3389 sacro
656 3333 787 3393 loco
839 3330 1214 3399 deosculato,
1262 3339 1399 3407 post
1445 3332 1614 3393 fusas
1664 3333 1739 3390 ad
1778 3333 1973 3391 Deum
2024 3349 2252 3406 preces,
2305 3332 2565 3392 Praesul
2604 3334 2680 3391 ad

427 3412 706 3485 pusillum
749 3409 980 3471 Christi
1019 3430 1279 3486 gregem,
1334 3414 1410 3472 ad
1451 3414 1767 3473 collectam
1820 3414 1905 3471 ibi
1941 3413 2178 3475 fidelem
2226 3412 2520 3472 familiam
2557 3430 2681 3472 ser-

430 3508 662 3550 monem
700 3489 870 3563 facit,
908 3492 1007 3550 vel
1047 3493 1119 3551 de
1161 3491 1393 3553 Christi
1430 3511 1649 3558 amore,
1701 3494 1800 3553 vel
1841 3494 1913 3551 de
1953 3494 2154 3552 mnndi
2192 3500 2554 3567 contemptu,
2607 3494 2680 3551 de

428 3572 547 3642 via,
599 3588 717 3645 qua
756 3571 881 3631 itur
919 3572 998 3630 ad
1033 3573 1288 3645 gloriam
1339 3580 1402 3631 et
1439 3573 1784 3633 Jerusalem
1827 3573 2174 3645 coelestem,
2224 3575 2324 3633 vel
2376 3574 2449 3632 de
2487 3575 2682 3646 gloria

428 3651 590 3726 ipsa3
629 3652 731 3712 vel
772 3652 1024 3726 deniqne
1063 3653 1215 3712 illud
1251 3653 1425 3713 brevi
1463 3671 1734 3713 sermone
1760 3654 2134 3728 perstringit,
2173 3655 2322 3728 quod
2350 3653 2466 3712 sibi
2491 3655 2680 3727 magis

429 3739 821 3808 opportunum
859 3733 1005 3805 loco,
1058 3735 1313 3808 tempori
1363 3741 1428 3793 et
1464 3735 1835 3793 auditoribus
1864 3735 2117 3808 judicat.
2192 3734 2344 3793 Post
2381 3734 2679 3806 diaconuS,

429 3814 619 3895 sacris
655 3813 929 3874 vestibus
968 3813 1236 3887 indutus,
1286 3815 1483 3889 petita
1534 3832 1571 3874 a
1609 3815 1904 3874 Praesule
1954 3815 2399 3886 benedictione,
2451 3816 2682 3874 salutat

428 3895 704 3971 populum
744 3900 810 3953 et
842 3893 1247 3966 Evangelium
1284 3896 1603 3954 secundnm
1624 3895 1999 3955 Matthaeum
2040 3902 2265 3969 cantat,
2305 3895 2456 3968 quod
2484 3913 2552 3953 eo
2580 3895 2678 3954 die

431 3974 487 4033 in
522 3975 813 4034 Ecclesia
852 3973 1167 4035 decantari
1206 3975 1388 4035 solet:
1437 3977 1536 4049 qui
1576 3993 1747 4050 quum
1790 3977 1866 4035 ad
1906 3993 2036 4035 eum
2076 3978 2268 4036 locum
2305 3975 2678 4049 pervenerit:

429 4172 477 4227 la
515 4178 802 4243 montagne
841 4176 874 4227 a
909 4171 1109 4241 l’eglise
1146 4172 1211 4227 de
1246 4173 1298 4228 la
1334 4173 1726 4242 Resurrectiong
1769 4175 1844 4229 les
1880 4189 2161 4244 personnes
2200 4173 2262 4228 de
2294 4173 2501 4243 qualite,
2539 4173 2678 4226 hom-

428 4267 533 4307 mes
571 4260 627 4308 et
667 4254 906 4318 femmes,
944 4257 1035 4307 ont
1071 4254 1211 4307 aussi
1249 4254 1339 4308 des
1376 4254 1674 4309 montures“
1716 4256 1823 4325 (pp.
1864 4255 2118 4321 93—94).

605 4334 651 4401 ¹)
692 4333 841 4389 Tom.
881 4333 932 4399 5,
970 4349 1021 4403 p.
1058 4333 1145 4389 54.

603 4414 651 4483 ³)
692 4413 837 4468 Edit.
877 4411 1063 4468 Venet.
1101 4430 1184 4467 an.
1224 4415 1379 4481 1881,
1417 4432 1466 4485 p.
1504 4416 1629 4470 254.

605 4495 655 4565 ³)
696 4494 849 4561 Quod
886 4493 1045 4561 vulgo
1082 4493 1373 4563 appellatur
1414 4494 1706 4550 Castellum
1744 4498 1934 4549 contra
1971 4511 2063 4548 ros
2099 4495 2209 4548 sive
2246 4494 2454 4548 asinae.
