3514 5391
608 537 746 605 Κυρ.
770 532 831 589 ε’.
857 536 968 588 τῶν
986 536 1260 601 νηστειῶν.
1318 536 1545 607 Μαρίας
1564 538 1654 601 τῆς
1666 537 1994 604 Αἰγυπτίας.
2051 533 2200 591 Dom.
2220 534 2498 591 Passionis.
2574 535 2678 591 193

446 748 500 786 σε
534 731 890 803 κρεμάμενον
944 731 1014 793 ῶς
1064 733 1373 805 κακουργὸν
1427 737 1503 801 τῷ

443 813 584 880 ξύλῳ,
621 813 723 882 τήν
743 817 852 882 γῆν
870 814 1111 882 ἀσχέτως
1133 811 1501 885 κρεμάσαντα,

442 893 611 962 ἔλεγεν
646 891 679 960 ἢ
718 891 1003 963 πιῖναγνος
1037 894 1316 947 κλαίουσα.

836 1222 990 1291 Ὠιδὴ
1028 1223 1098 1292 γ’.

526 1335 951 1403 Νενεκρωμένην
966 1331 1064 1396 τὴν
1075 1331 1218 1397 ζωὴν
1235 1330 1318 1383 ἐπὶ
1336 1345 1503 1384 σταυ-

444 1416 533 1483 ροῦ
570 1415 879 1482 θεωροῦσα,
917 1415 1005 1463 καὶ
1029 1411 1107 1481 μή
1128 1415 1376 1484 φέρουσα
1397 1415 1504 1465 τῶν

444 1492 773 1562 σπλάγχνων
811 1491 915 1545 τόν
952 1491 1145 1555 πόνον,
1192 1492 1437 1546 ἐδονεῖτο
1472 1491 1503 1557 ἠ

443 1573 603 1643 σεμνὴ
650 1578 934 1644 παρθένος
966 1572 1362 1642 ἀνακράζουσα“
1438 1576 1511 1626 Οἵ

441 1673 547 1723 μοι,
584 1656 670 1707 υἷέ
701 1673 841 1725 μου,
880 1657 941 1705 τί
965 1667 1053 1705 σοι
1079 1653 1254 1723 δῆμος
1275 1652 1507 1724 ἀνόμων

442 1734 735 1794 &ufarmunn-

840 1984 993 2051 :num
1033 1982 1101 2040 ιν.

542 2098 661 2162 Παρ
668 2096 732 2145 θε
740 2096 906 2159 νικῆς,
930 2096 1132 2154 τέκνον,
1155 2092 1211 2144 ἐκ
1222 2111 1264 2162 μ
1274 2090 1432 2163 ἡτρας
1446 2106 1505 2145 σε

442 2173 630 2236 ἔτεκον,
674 2177 767 2225 καὶ
805 2171 991 2244 ὁρῶσα
1026 2171 1168 2239 ξύλῳ
1205 2187 1265 2227 σε
1302 2171 1508 2242 κρεμά-

442 2273 605 2323 μενον
622 2255 886 2324 ἐξαπορῶ,
924 2256 1013 2305 καὶ
1042 2253 1109 2305 οὐ
1134 2257 1349 2324 συνορῶ
1368 2252 1509 2319 ὕψος

443 2338 534 2387 τοῦ
566 2338 909 2405 μυστηρίου,
959 2336 1049 2386 καὶ
1084 2333 1260 2399 βάθος
1295 2334 1511 2386 πολλῶν

442 2415 714 2485 κριμιέτων
748 2430 872 2477 σου,
910 2412 942 2480 ἠ
970 2413 1251 2483 πτίναγνος
1274 2413 1419 2480 ἐβόα,
1446 2414 1511 2480 ἣν

443 2501 644 2565 φωναῖς
680 2493 967 2563 ἆσιγήτοις
1014 2493 1085 2553 ῶς
1119 2497 1327 2566 μητέρα
1369 2498 1513 2549 Θεοῦ

443 2579 844 2648 μακαρίζωμεν.

852 2908 1006 2977 Ὠιδή
1045 2908 1102 2964 ε’.

520 3018 618 3069 Ἐν
632 3021 857 3089 σταυρῷ
866 3021 1161 3088 καθορῶσα
1175 3018 1274 3069 τόν
1289 3015 1325 3067 δ
1326 3016 1362 3067 ι’
1375 3016 1409 3068 ἅ
1414 3034 1513 3085 γα-

449 3098 649 3163 θότητα
664 3099 720 3150 ἐκ
734 3102 856 3161 σοῦ,
878 3096 1157 3168 πανάμωμ
1165 3116 1206 3159 ε,
1226 3096 1363 3167 ὑπὲρ
1378 3100 1517 3151 νοῦν

444 3182 733 3246 τεχθέντα,
771 3178 1099 3249 ἐτιτρώσκου
1125 3180 1189 3231 τα“
1216 3176 1516 3247 σπλάγχνα

445 3261 529 3309 καὶ
566 3259 760 3327 ἔλεγες·
826 3261 900 3311 01
931 3277 1059 3328 μοι,
1111 3263 1273 3313 θεῖον
1310 3261 1515 3320 τέκνον,

446 3342 556 3397 πῶς
596 3337 729 3408 ὑπερ
769 3336 997 3391 πάντων
1020 3336 1289 3390 ὀδυνᾶσαι
1302 3359 1317 3400 ;
1353 3357 1515 3409 προς-

446 3420 589 3469 κυνῶ
623 3432 728 3470 σου
765 3416 835 3470 τό
875 3417 1278 3487 εὔσπλαγχνον·
1328 3417 1514 3489 Κύριε,

449 3501 531 3549 σοὶ
572 3497 600 3563 ἠ
637 3496 792 3564 δόξα.

855 3816 1008 3884 Ὠιδῆ
1046 3817 1111 3884 η’.

556 3930 675 3979 Νῦν
714 3924 788 3984 ὥς
827 3924 1025 3995 ιῖρνίον
1060 3927 1264 3979 ἄκακον
1297 3930 1519 3997 καθορῶ

451 4022 507 4061 σε
543 4007 931 4078 κρεμάμενον,
987 4009 1074 4058 καὶ
1130 4005 1241 4059 ὑπὸ
1290 4005 1520 4076 ἀνόμων

450 4092 523 4155 τῶ
565 4091 788 4159 σταυρῷ
833 4085 1220 4156 πηγνύμενον,
1276 4089 1365 4140 υἱέ
1406 4106 1521 4157 μου

452 4169 807 4240 προάναρχε,
864 4171 979 4226 τοῖς
1015 4166 1284 4239 ὀδυρμοῖς
1320 4166 1522 4236 συγκό-

452 4269 656 4321 πτομαι
693 4252 786 4302 καὶ
814 4253 932 4307 ταῖς
956 4252 1243 4319 μητρικαῖς
1266 4262 1523 4318 περιστα-

452 4335 649 4400 τοῦμαι
688 4328 941 4389 ὀδύναις,
990 4326 1021 4394 ἡ
1060 4326 1343 4397 πάναγνος
1378 4327 1522 4393 ἐβόα,

454 4411 518 4477 ἣν
545 4415 761 4482 φωναῖς
797 4408 1082 4476 ἀσιγῆτοις
1106 4406 1401 4478 ὑμνοῦμεν
1428 4425 1524 4459 κα·

455 4496 706 4564 ταχρέως,
748 4492 828 4548 εἰς
852 4487 1064 4547 πάντας
1089 4487 1217 4547 τούς
1243 4492 1454 4547 αἰῶνας,

1609 735 1776 807 pleta
1813 749 1968 792 sum:
2018 732 2200 792 video
2239 732 2396 790 enim
2446 738 2509 790 te
2548 737 2678 789 tan·

1610 830 1786 887 quam
1824 812 2273 872 malefactorem
2312 812 2374 870 in
2400 812 2562 885 ligno
2588 827 2680 868 su·

1611 911 1904 969 spensum‚
1943 894 2040 968 qui
2059 900 2288 952 terram
2317 895 2538 966 absque
2556 890 2679 949 ullo

1610 974 1962 1033 fulcimento
2002 973 2381 1047 suspendisti.
2443 971 2546 1029 Ita
2584 987 2679 1027 ca-

1612 1056 1879 1113 stissima
1903 1054 2275 1113 illacrimans
2307 1053 2680 1126 loquebatur.

2040 1223 2170 1282 Ode
2207 1223 2260 1283 3.

1721 1331 1914 1404 Quum
1965 1330 2151 1389 vitam
2205 1330 2266 1387 in
2317 1344 2494 1386 cruce
2531 1343 2682 1385 mor·

1613 1417 1776 1470 tuam
1801 1411 1991 1483 Virgo
2030 1409 2376 1469 veneranda
2412 1408 2682 1478 vidisset,

1614 1491 1811 1551 cordis
1849 1491 2111 1549 dolorem
2140 1489 2417 1549 cohibere
2444 1505 2558 1547 non
2581 1505 2684 1548 va-

1614 1573 1762 1645 lens,
1799 1577 1931 1630 tota
1970 1573 2450 1631 commovebatur
2488 1576 2551 1628 et
2588 1586 2683 1628 ex·

1614 1653 1948 1711 clamabat:
1976 1651 2101 1710 Hei
2115 1652 2276 1724 mihi,
2296 1651 2478 1710 filimi
2496 1651 2509 1708 l
2545 1649 2684 1723 quid

1614 1734 1725 1791 tibi
1781 1733 2028 1806 populus
2083 1732 2540 1806 praevaricator
2592 1747 2686 1788 re·

1614 1811 1874 1872 tribuit?

2042 1982 2173 2040 Ode
2210 1981 2263 2039 4.

1722 2089 1820 2147 Ex
1856 2094 2027 2147 utero
2055 2087 2341 2161 virginali
2375 2093 2438 2146 te
2463 2086 2686 2161 peperi,

1617 2188 1649 2229 o
1687 2171 1795 2240 fili,
1834 2176 1896 2228 et
1934 2186 2087 2227 nunc
2111 2168 2321 2227 videns
2346 2174 2410 2225 te
2440 2168 2498 2226 in
2526 2168 2687 2241 ligno

1616 2268 1979 2324 suspensum,
2019 2250 2336 2308 conturbor
2371 2255 2433 2306 et
2456 2248 2687 2319 horreo,

1618 2337 1682 2390 et
1715 2330 2093 2389 altitudinem
2125 2328 2416 2402 mysterii,
2456 2333 2518 2387 et
2545 2329 2688 2386 mul·

1568 2425 1576 2432 ⁴
1618 2418 1809 2471 torum
1860 2411 2218 2483 judiciorum
2274 2416 2508 2468 tuorum
2558 2427 2689 2482 pro·

1618 2492 1981 2552 funditatem
2052 2507 2164 2548 non
2241 2490 2689 2564 comprehendo.

1619 2573 1721 2631 Ita
1737 2572 2078 2631 castissima
2095 2572 2495 2640 exclamabat,
2517 2586 2688 2642 quam

1621 2671 1725 2713 nos
1777 2653 2020 2714 vocibus
2072 2651 2532 2712 incessabilibus
2570 2649 2691 2709 Dei

1621 2740 1874 2793 matrem
1912 2733 2338 2792 beatificemus

2047 2901 2196 2969 Ode,
2213 2903 2265 2962 5.

1732 3011 1924 3084 Quum
1963 3008 2202 3069 videres
2229 3009 2290 3066 in
2320 3024 2495 3066 cruce
2525 3007 2690 3064 illum

1624 3092 1740 3164 qui,
1767 3096 2013 3165 propter
2036 3089 2365 3148 bonitatem
2395 3103 2579 3159 suam,
2621 3105 2694 3145 ex

1625 3178 1702 3240 te,
1725 3189 1760 3231 o
1780 3169 2350 3239 immaculatissima,
2370 3168 2697 3241 incompre-

1624 3253 1905 3312 hensibili
1942 3252 2176 3309 ratione
2216 3254 2392 3307 natus
2421 3254 2531 3321 est,
2569 3249 2695 3308 vul·

1624 3336 1996 3393 nerabantur
2043 3333 2281 3391 viscera
2316 3336 2446 3395 tua,
2501 3346 2573 3387 ac
2611 3331 2696 3387 di·

1625 3415 1838 3472 cebas:
1909 3412 2033 3471 Hei
2088 3411 2256 3482 mihi,
2321 3410 2520 3469 divine
2578 3409 2695 3467 fili!

1625 3494 1910 3566 quomodo
1937 3509 2044 3567 pro
2060 3491 2326 3549 omnibus
2342 3490 2546 3548 dolore
2568 3507 2698 3548 cru·

1626 3574 1840 3632 ciaris!
1915 3573 2217 3632 Pietatem
2271 3576 2432 3631 tuam
2489 3572 2696 3631 adoro;

1625 3654 1899 3725 Domine,
1939 3654 2020 3711 sit
2057 3651 2169 3710 tibi
2206 3651 2417 3724 gloria.

2058 3811 2189 3871 Ode
2226 3813 2278 3869 8.

1737 3923 1929 3996 Quum
1967 3920 2202 3979 videam
2243 3925 2304 3977 te
2340 3933 2510 3980 nunc,
2549 3932 2582 3972 o
2610 3915 2698 3972 fili

1630 4004 1705 4061 mi
1737 4007 2005 4072 aeterne,
2044 4007 2342 4071 tamquam
2372 4012 2586 4069 agnum
2616 3995 2699 4052 in·

1630 4090 1940 4142 nocentem
1972 4096 2332 4154 suspensum,
2374 4083 2436 4135 et
2460 4093 2567 4150 pro
2593 4075 2702 4132 ini·

1630 4164 1761 4238 quis
1779 4165 1840 4221 in
1856 4179 2029 4221 cruce
2043 4161 2350 4233 confixum,
2373 4156 2703 4215 discrucior

1630 4243 1922 4318 querelis,
1974 4250 2035 4300 et
2074 4241 2373 4299 doloribus
2412 4235 2703 4295 maternis

1633 4322 1968 4383 circumdor
1985 4342 1998 4378 ι
2026 4321 2332 4379 clamabat
2345 4316 2701 4387 castissima,

1632 4421 1806 4477 quam
1877 4401 2118 4460 vocibus
2183 4397 2436 4455 assiduis
2500 4396 2703 4454 debite

1634 4483 1946 4543 laudamus
1985 4480 2045 4537 in
2085 4478 2284 4536 omnia
2321 4475 2582 4534 saecula.

554 4582 826 4641 Ninos,
864 4575 1264 4648 ’Κυρτυλόγιυη
1306 4581 1374 4628 11.
1432 4578 1575 4627 Edit.
1614 4592 1719 4625 sec.
2421 4567 2489 4621 13
