3514 5391
1078 512 1369 576 Σάββατον
1406 517 1505 565 τοῦ
1542 512 1850 566 εἰκαθίστου
1893 513 2089 582 ὕμνου.
2605 517 2704 571 167

636 710 953 769 Terminus
988 710 1133 768 οἶκος
1172 711 1226 766 in
1257 711 1431 768 libris
1472 711 1767 780 liturgicis
1794 727 2112 769 occurrens
2143 713 2292 770 satis
2320 713 2586 770 difficilis
2614 723 2708 770 est

463 809 565 848 nec
606 792 909 849 modernis
948 792 1204 850 Graecis
1245 796 1577 864 compertus
1608 792 1857 849 omnino,
1914 791 2117 850 Duces
2145 793 2336 850 secuti
2365 793 2523 850 viros
2549 795 2706 867 peri-

464 872 721 930 tissimos
780 873 1147 930 reconditum
1206 871 1334 944 ejus
1401 889 1633 929 sensum
1689 879 2011 944 penetrare
2071 873 2398 932 studuimus
2455 879 2609 930 tomo
2657 875 2704 936 1.

460 970 549 1027 pp.
588 952 964 1022 Lx-LXL‚
1022 953 1245 1010 additis
1297 970 1448 1025 quae
1503 954 1577 1011 ab
1631 953 1882 1011 illorum·
1919 955 2222 1012 sententia
2275 955 2477 1012 aliena
2515 955 2706 1012 tradit

460 1033 677 1091 Card.
726 1033 980 1101 Pitra‚
1033 1034 1514 1103 Hymnoyraphie.
1563 1052 1618 1107 p.
1656 1034 1756 1104 453
1824 1035 1922 1106 qui
1978 1034 2131 1092 idem
2183 1034 2704 1093 Eminentissimus

462 1122 682 1186 auctor,
722 1114 1131 1187 quaestionem
1172 1115 1696 1173 novis-luminibus
1744 1116 2155 1174 illustraturus
2210 1116 2267 1172 in
2312 1115 2589 1170 Analectis
2625 1122 2703 1174 ci-

462 1197 620 1265 tatis,
658 1195 1066 1254 reconditiora
1105 1195 1283 1253 etiam
1327 1195 1400 1252 de
1440 1196 1702 1268 ejusdem
1740 1196 2012 1254 vocabuli
2055 1195 2307 1266 notione,
2348 1196 2699 1269 praesertim

461 1277 514 1333 in
558 1276 908 1344 Aeathisto,
960 1276 1281 1346 ingeniosis
1322 1276 1681 1347 conjecturis
1721 1277 1937 1334 statuit
1972 1294 2028 1349 p.
2066 1275 2206 1346 XL,
2263 1284 2329 1333 ut
2368 1293 2523 1348 ecce,
2564 1277 2705 1345 qnod

458 1357 756 1411 sedenlium
794 1373 1039 1420 scamna,
1076 1356 1372 1411 cathedrae
1388 1397 1406 1423 ,
1456 1356 1699 1410 exedrae
1749 1357 1927 1411 dictae
1962 1357 2076 1410 sint
2110 1355 2246 1408 οἲκοι
2263 1377 2278 1417 ;
2334 1356 2495 1426 quod,
2540 1373 2701 1426 quam

459 1437 533 1490 ita
572 1439 894 1507 compositas
925 1437 1110 1507 fuerit
1143 1437 1387 1492 scenicus
1423 1441 1744 1507 apparatas,
1794 1437 2033 1491 maxime
2069 1438 2124 1491 in
2164 1437 2445 1491 Acatkisto
2456 1477 2473 1504 ,
2521 1441 2582 1491 ut
2617 1454 2705 1491 ca-

458 1517 744 1571 re'arenlar
786 1533 1179 1588 saepenumero
1204 1533 1502 1587 personae.
1550 1519 1666 1573 loca
1682 1559 1698 1584 ,
1752 1518 2058 1587 speclacula
2081 1558 2093 1574 .
2146 1518 2397 1588 sinyulae
2444 1518 2703 1587 strophae

458 1597 746 1651 habaet-iat
782 1615 919 1652 suas
956 1598 1236 1652 aediculas
1259 1599 1543 1668 proprias.
1618 1598 1841 1656 Verum
1900 1598 2219 1656 timendum
2261 1605 2353 1654 cst
2388 1598 2584 1669 valde,
2637 1607 2704 1655 ut

458 1677 602 1735 haec
633 1679 890 1736 Graecis
931 1678 1243 1736 arrideant
1270 1678 1725 1750 assensioneque
1767 1679 2085 1738 videantur
2111 1679 2309 1752 digna,
2350 1695 2520 1752 quum
2548 1680 2707 1750 ejus·

461 1759 611 1815 modi
651 1760 947 1817 vocabula
985 1755 1259 1817 technica
1291 1757 1550 1818 inlibris
1578 1760 1700 1817 suis
1728 1759 2090 1817 authenticis
2119 1760 2237 1826 alio
2263 1776 2504 1833 prorsus
2533 1761 2701 1818 modo

461 1855 530 1895 ex
568 1839 893 1898 traditione
935 1845 1172 1897 asserta
1210 1845 1386 1911 atque
1427 1840 1732 1898 elucidata
1770 1846 2070 1898 tueantur.
2127 1839 2416 1914 Exemplo
2442 1841 2563 1898 sint
2588 1840 2700 1899 duo

461 1918 597 1976 libri
625 1920 751 1991 jam
796 1920 1073 1978 adducti:
1116 1920 1364 1973 Τυπικὸν
1401 1920 1838 1986 ἐκκλησιασιικὸν
1874 1921 2323 1994 patriarchatus
2363 1919 2698 1992 CPolitani‚

464 1999 681 2057 editum
736 2018 829 2057 an.
870 2001 1043 2066 1874,
1101 2001 1252 2074 quod
1304 2009 1485 2059 antea
1527 2003 1654 2072 ‚iam
1710 2003 1785 2058 ab
1835 2000 2125 2074 episcopis
2179 2003 2350 2073 regni
2399 2003 2698 2060 Graeciae

461 2081 844 2152 approbatum
886 2088 1024 2138 erat
1054 2082 1319 2140 Decreto
1358 2082 1631 2155 synodali
1672 2082 1726 2139 d.
1754 2081 1807 2138 (1.
1839 2083 1920 2139 16.
1951 2081 1995 2138 J
2000 2082 2234 2139 aunarii
2263 2082 2428 2153 1869;
2471 2089 2533 2140 et
2558 2099 2699 2156 opus

460 2159 796 2232 liturgicum
854 2163 1114 2216 Oratoriu
1168 2162 1425 2235 episcopi
1475 2161 2033 2227 Melchisedek,
2092 2160 2327 2233 Oar010,
2367 2162 2698 2221 Rumeniae

458 2239 723 2313 principi,
767 2241 1126 2299 dedicatum.
1202 2242 1294 2299 En
1335 2259 1476 2312 ergo
1527 2259 1675 2315 quae
1716 2241 1975 2315 episcopi
2014 2242 2220 2313 graeci
2259 2243 2318 2301 iu
2356 2247 2487 2310 οἴκῳ
2532 2260 2700 2317 repe·

459 2322 647 2379 rerint
707 2322 999 2395 mysteria
1048 2340 1100 2396 p.
1149 2323 1282 2380 270:
1356 2322 1511 2381 Οἶκος
1560 2325 1801 2391 λέγεται,
1867 2321 2052 2389 ἐπειδὴ
2100 2322 2284 2381 καθώς
2328 2322 2360 2375 0‘
2410 2322 2552 2382 οἶκος
2601 2343 2698 2377 πε-

460 2405 627 2470 ριέχει
666 2403 766 2467 τήν
804 2406 1131 2472 περιουσίαν
1169 2406 1267 2455 τοῦ
1303 2404 1548 2470 ἔχοντος,
1587 2402 1732 2476 οξὶιω
1778 2406 1868 2455 καὶ
1905 2402 1935 2454 ὁ
1975 2401 2117 2462 οἶκος
2154 2406 2396 2473 περιέχει
2433 2406 2491 2457 ἐν
2528 2405 2701 2472 ἑαυτῷ

458 2479 669 2535 ἅπαντα
719 2482 784 2534 πὶ
825 2487 925 2535 τοῦ
962 2482 1130 2551 ιῖγίου
1174 2486 1261 2535 καὶ
1302 2488 1393 2548 τῆς
1428 2483 1627 2554 ἑορτῆς,
1682 2484 1711 2550 ἢ
1746 2483 1930 2542 καθώς
1966 2486 2020 2534 οἱ
2057 2483 2275 2553 ‹intepes-
2310 2489 2699 2556 περιφέρονται

463 2565 538 2613 καὶ
575 2567 860 2617 κινοῦνται
898 2564 957 2617 ἐν
995 2568 1108 2622 τοῖς
1143 2563 1257 2615 κατ’
1295 2563 1537 2635 οὐρανὸν
1572 2566 1930 2633 καλουμένοις
1967 2567 2138 2622 οἴκοις
2175 2564 2383 2624 αὐτῶν,
2431 2565 2574 2619 οὕτω
2610 2570 2699 2618 καὶ

465 2645 505 2693 οι·
540 2641 695 2713 ἅγιοι
734 2647 921 2711 ronta}
960 2644 1113 2704 ὅντες
1148 2647 1381 2715 μένουσι
1428 2649 1517 2698 καὶ
1555 2650 1838 2699 κινοῦνται
1890 2645 1947 2698 ἐν
1985 2649 2098 2705 τοῖς
2135 2648 2305 2705 οἴκοις
2343 2649 2441 2699 τοῦ
2478 2646 2698 2717 στερεώ-

458 2742 623 2791 ,acetos-
661 2729 751 2791 τῆς
788 2726 1063 2792 ἐκκλησίας
1100 2726 1131 2791 ἢ
1166 2731 1257 2778 καὶ
1294 2728 1352 2780 ἐν
1389 2732 1505 2786 ταῖς
1541 2728 1827 2797 οὐρανίαις
1859 2732 2076 2797 μονιιῖς.

627 2805 820 2864 Minus
861 2809 1228 2878 abstrusam,
1285 2806 1393 2865 sed
1445 2809 1633 2880 magis
1686 2826 1722 2865 a
1762 2808 2109 2866 Cardinalis
2161 2808 2338 2866 Pitra
2389 2811 2692 2869 sententia

463 2886 898 2959 discrepantem
949 2888 1403 2960 explicationem
1457 2889 1563 2947 dat
1601 2888 2149 2956 Melchisedek,
2191 2907 2243 2962 p.
2289 2890 2403 2948 100.
2456 2889 2696 2948 Icosn.

460 2966 532 3023 Se
561 2967 739 3025 crede
767 2984 839 3025 ca
867 2968 961 3025 ele
988 2968 1050 3025 la
1075 2967 1355 3041 inceputu
1381 2986 1525 3026 eran
1565 2969 1866 3027 destinate
1906 2976 2120 3043 pentru
2155 2970 2524 3041 rugaciunile
2563 2988 2697 3042 par-

459 3047 727 3119 ticulare,
767 3064 835 3106 ce
875 3046 1053 3105 facea
1091 3049 1331 3107 santulu
1372 3049 1667 3120 (Romanu
1702 3049 2026 3117 Melodulu)
2064 3050 2124 3107 in
2165 3067 2306 3108 casa
2342 3048 2537 3122 (οἶκος)
2574 3069 2694 3119 sea,

460 3133 668 3197 pentru
707 3145 848 3186 care
888 3128 1012 3185 le-a
1049 3129 1101 3186 si
1126 3131 1500 3203 suprascrisu
1539 3147 1610 3189 cu
1638 3131 1871 3188 numele
1899 3129 2056 3191 οἶκος,
2097 3149 2232 3204 spi-e
2273 3132 2581 3190 deosebire
2623 3133 2694 3191 dc

461 3208 730 3269 condace,
784 3226 926 3267 care
967 3210 1040 3266 de
1078 3211 1141 3268 la
1176 3210 1455 3284 inceputu
1508 3228 1582 3269 au
1619 3210 1741 3270 fost
1779 3211 2081 3269 destinate
2119 3217 2336 3285 pentru
2374 3214 2695 3273 serviciulu

462 3287 655 3347 diviun
693 3291 1060 3349 bisericescu
1083 3289 1141 3360 ¹).

630 3369 751 3429 Sed
788 3378 856 3428 tu
892 3370 1150 3444 relegas»,
1201 3388 1352 3444 quae
1393 3370 1648 3443 Goario,
1706 3372 1979 3445 Quirinio
2019 3372 2268 3445 aliisque
2317 3373 2507 3431 doctis
2547 3375 2694 3434 viris

462 3447 645 3509 facem
686 3452 855 3510 nobis
882 3451 1368 3524 praeferentibus
1395 3452 1468 3509 de
1495 3452 1727 3510 ratione
1757 3452 1999 3510 termini
2026 3451 2167 3511 οἶκος
2198 3453 2325 3525 jam
2353 3456 2693 3529 scripsimus

464 3535 609 3589 tomo
651 3534 697 3601 1,
737 3532 776 3589 l.
818 3549 869 3590 c.

620 3675 1022 3754 Ἀκάθιστος
1088 3678 1148 3742 in
1196 3679 1404 3743 officio
1454 3678 1873 3742 ecclesiastico
1935 3698 2056 3742 non
2115 3679 2407 3742 recitatur
2453 3680 2694 3764 integer

464 3777 743 3841 continua
791 3778 971 3852 serie,
1022 3777 1129 3840 sed
1179 3778 1239 3841 in
1289 3782 1554 3860 quatuor
1601 3782 1808 3859 partes
1869 3797 1976 3840 seu
2026 3777 2320 3840 stationes
2370 3776 2691 3861 (στάσεις)

464 3892 530 3936 ex
576 3894 770 3958 aequo
819 3875 1169 3956 distinctus»,
1218 3875 1445 3958 quibus
1496 3874 1687 3939 multa
1720 3874 1842 3939 alia
1871 3874 2110 3939 cantica
2156 3880 2218 3939 et
2249 3875 2472 3959 psalmi
2501 3877 2688 3940 inter-

630 4151 673 4219 ¹)
712 4152 792 4206 De
831 4152 1034 4205 ratione
1074 4151 1230 4221 ipsius
1267 4154 1558 4202 κοντακίου
1597 4152 1778 4205 scribit
1803 4168 1852 4222 p.
1880 4154 1979 4205 96:
2020 4152 2354 4207 Condacnn
2414 4150 2691 4202 Κοντιίκιιι

459 4248 510 4285 se
546 4233 747 4286 numiau
785 4230 1045 4286 tomurile
1081 4236 1168 4286 seu
1207 4232 1463 4286 columele
1512 4232 1574 4285 de
1612 4238 1981 4301 pergamentu,
2033 4249 2094 4301 pe
2133 4248 2251 4285 care
2290 4233 2459 4286 scriau
2496 4232 2688 4285 anticii.

459 4311 510 4364 In
546 4314 722 4366 cartile
762 4311 1062 4366 bisericesci
1100 4330 1154 4367 se
1191 4329 1432 4366 numescu
1470 4312 1582 4366 asia
1619 4312 1852 4365 imnurile
1893 4352 1904 4363 .
1944 4352 1956 4365 .
1998 4350 2010 4365 .
2062 4309 2292 4364 condat-e
2339 4312 2398 4364 de
2440 4312 2486 4364 la
2525 4312 2689 4364 forma

459 4394 699 4447 ester-iura
736 4410 769 4447 a
808 4391 1181 4462 pergaminului
1220 4409 1283 4462 pe
1321 4409 1439 4447 care
1479 4410 1603 4447 eran
1642 4393 1804 4446 scrisc
1842 4398 1886 4443 si
1926 4391 2114 4459 depuse
2152 4406 2270 4459 spre
2298 4391 2689 4447 intre-buintiare

457 4472 507 4525 la
540 4473 783 4528 biserica:
823 4487 931 4526 unu
970 4472 1101 4525 micu
1137 4473 1257 4526 calu
1296 4473 1635 4543 (κονιιὲκιον)
1673 4489 1764 4525 seu
1802 4472 2025 4525 column.
