3514 5391
910 529 978 586 47
982 532 1015 584 2
1546 529 1706 583 Festa
1742 530 1954 609 mobilia
1987 534 2106 599 post
2142 530 2503 583 Pentecosten.

913 733 1163 800 namque
1203 744 1423 786 coenae
1451 727 1712 796 Domini,
1751 744 1862 799 quo
1904 728 2000 786 die
2037 728 2165 801 ipse
2191 726 2468 786 Christus
2504 728 2616 785 hoc
2653 727 2920 785 instituit
2952 744 3137 785 sacra-

918 814 1201 881 mentum,
1261 808 1622 867 universalis
1673 808 1956 866 Ecclesia
2013 825 2119 882 pro
2170 808 2599 882 poenitentium
2649 806 3137 876 reconciliatione,

913 890 1072 948 sacri
1112 888 1480 948 confectione
1521 889 1862 947 chrismatis
1884 889 1960 960 ¹),
2015 889 2437 963 adimpletione
2474 888 2744 947 mandati
2784 888 2947 946 circa
2981 889 3136 946 lotio·

916 987 1048 1029 uem
1085 971 1296 1044 pedum
1339 980 1401 1027 et
1439 970 1604 1041 aliis,
1658 970 2146 1043 quamplurimum
2186 975 2506 1042 occupata,
2563 969 2738 1042 plene
2783 984 3001 1027 vacare
3037 985 3139 1026 non

874 1057 1114 1125 ‘potest
1163 1050 1556 1109 celebrationi
1611 1050 1785 1122 hujus
1841 1050 2084 1108 maximi
2134 1050 2514 1109 sacramenti.
2600 1049 2736 1107 Hoc
2786 1048 2940 1106 enim
2991 1049 3140 1107 circa

917 1137 1172 1202 sanctos,
1212 1148 1353 1204 quos
1390 1148 1500 1204 per
1538 1131 1677 1188 anni
1718 1131 2000 1189 circulum
2039 1147 2412 1197 veneramur,
2461 1131 2594 1203 ipsa
2629 1132 2918 1188 observat
2946 1129 3140 1187 Eccle-

920 1212 1027 1279 sia,
1066 1217 1135 1269 ut
1172 1210 1464 1284 (quamvis
1502 1210 1563 1268 in
1600 1211 1846 1269 litaniis
1872 1218 1935 1269 et
1972 1211 2183 1281 missiS,
2237 1228 2308 1268 ac
2347 1211 2485 1269 aliis
2524 1212 2704 1270 etiam
2746 1210 2998 1284 ipsorum
3035 1227 3141 1267 me·

917 1292 1161 1350 moriam
1200 1292 1438 1364 saepius
1476 1290 1851 1362 renovemus)
1899 1291 2278 1350 nihilominus
2327 1297 2526 1349 tamen
2567 1292 2823 1364 ipsorum
2872 1289 3144 1348 natalitia

917 1373 1099 1431 certis
1140 1372 1347 1430 diebus
1384 1389 1493 1445 per
1531 1389 1747 1431 annum
1785 1372 2102 1430 solemnius
2140 1373 2389 1439 recolat,
2429 1371 2590 1430 festa
2629 1376 2874 1445 propter
2896 1370 3005 1429 hoc
3040 1371 3142 1428 eis-

919 1454 1053 1510 dem
1092 1450 1300 1510 diebus
1339 1453 1629 1526 specialia
1667 1453 2041 1511 celebrando.
2115 1453 2203 1512 Et
2239 1453 2378 1525 quia
2415 1453 2477 1511 in
2513 1453 2606 1511 his
2643 1450 2821 1510 festis
2859 1451 3022 1510 circa
3055 1466 3140 1508 so·

917 1532 1248 1590 lemnitatis
1300 1532 1563 1591 debitum
1617 1534 1843 1606 aliquid
1894 1552 2003 1606 per
2052 1535 2483 1608 negligentiam
2542 1539 2647 1592 aut
2694 1533 2786 1591 rei
2835 1530 3144 1590 familiaris

918 1613 1390 1686 occupationem,
1445 1620 1551 1672 aut
1589 1615 1741 1672 alias
1781 1632 1854 1672 ex
1890 1616 2149 1672 humana
2185 1613 2527 1687 fragilitate
2575 1613 2898 1673 omittitur:
2943 1611 3147 1670 statuit

919 1694 1052 1765 ipsa
1088 1699 1283 1751 mater
1318 1693 1599 1753 Ecclesia
1638 1701 1865 1753 certam
1895 1695 2066 1767 diem,
2105 1696 2167 1753 in
2207 1711 2322 1768 qua
2346 1693 2721 1768 generaliter
2746 1693 2995 1751 omnium
3021 1709 3145 1751 sau·

919 1780 1144 1833 ctorum
1185 1776 1657 1835 commemoratio
1696 1775 1888 1847 fieret,
1926 1780 1993 1834 ut
2030 1776 2089 1833 in
2126 1776 2241 1834 hac
2272 1776 2531 1849 ipsorum
2571 1773 2974 1833 celebratione
3003 1789 3144 1831 com·

918 1854 1094 1926 muni,
1122 1854 1402 1927 quidquid
1428 1856 1489 1913 in
1513 1855 1772 1928 propriis
1797 1856 2055 1929 ipsorum
2082 1855 2518 1914 festivitatibus
2545 1854 2820 1912 omissum
2847 1852 3143 1922 existeret,

920 1937 1271 1995 solveretur.
1346 1935 1667 1994 Potissime
1705 1935 1894 2008 igitur
1933 1935 2335 2008 exequendum
2375 1943 2471 1994 est
2520 1951 2667 2009 erga
2711 1934 2824 1991 hoc
2858 1932 3145 1993 vivificum

921 2022 1357 2074 sacramentum
1398 2017 1661 2089 corporis
1714 2022 1777 2074 et
1813 2017 2120 2089 sauguinis
2157 2016 2310 2075 Jesn
2349 2015 2609 2086 Christi,
2661 2016 2759 2088 qui
2798 2020 2892 2072 est
2927 2018 3147 2072 sancto·

921 2112 1049 2153 rum
1088 2095 1341 2153 omnium
1380 2097 1576 2168 gloria
1614 2114 1686 2155 ac
1724 2114 1959 2169 corona,
1997 2105 2064 2156 ut
2100 2097 2438 2158 festivitate
2487 2114 2558 2154 ac
2596 2095 2953 2154 celebritate
2989 2110 3147 2168 prae·

922 2176 1156 2246 fulgeat
1193 2176 1460 2249 speciali,
1501 2184 1791 2250 quatenus
1839 2179 1902 2235 in
1942 2196 2041 2250 eo,
2098 2178 2250 2250 quod
2296 2178 2360 2235 iu
2409 2179 2545 2236 aliis
2592 2176 2909 2234 missarum
2946 2172 3148 2233 officiis

923 2256 1087 2314 circa
1124 2256 1563 2316 solemnitatem
1602 2264 1695 2316 est
1732 2258 1990 2316 forsitan
2025 2258 2533 2332 praetermissum,
2585 2257 2812 2315 devota
2844 2254 3150 2328 diligentia

921 2337 1287 2410 suppleatur,
1325 2342 1388 2395 et
1424 2337 1634 2396 fideles
1674 2337 2038 2409 (festivitate
2064 2339 2196 2413 ipsa
2220 2337 2511 2409 instante)
2549 2339 2711 2396 intra
2737 2355 2802 2396 se
2828 2337 3149 2411 praeterita

924 2422 1349 2488 memoranteS,
1406 2418 1468 2476 id
1519 2420 1671 2490 quod
1722 2420 1782 2477 in
1834 2421 1979 2493 ipsis
2018 2420 2326 2478 missarum
2368 2419 2693 2489 solemniiS‚
2750 2417 3148 2476 saecularibus

922 2496 1129 2555 forsan
1166 2497 1414 2569 agendis
1453 2498 1759 2571 impliciti,
1814 2506 1918 2558 aut
1955 2500 2108 2558 alias
2156 2517 2231 2558 ex
2268 2499 2639 2572 negligentia
2685 2499 2786 2557 vel
2821 2496 3150 2571 fragilitate

921 2578 1183 2635 humana
1220 2579 1408 2635 miuus
1434 2579 1621 2656 ‘plene
1658 2586 1990 2653 gesserunt,
2030 2587 2170 2639 tunc
2198 2586 2433 2638 attente
2460 2580 2522 2638 in
2547 2579 2889 2637 humilitate
2916 2577 3149 2651 spiritus

908 2664 986 2732 ,et
1024 2657 1206 2717 animi
1242 2658 1508 2732 puritate
1559 2666 1920 2720 restaurent.
1993 2660 2411 2721 Intelleximus
2451 2666 2652 2720 autem
2692 2660 2877 2732 alias,
2926 2659 3060 2717 dum
3094 2658 3148 2716 in

922 2739 1134 2796 minori
1175 2756 1436 2797 essemus
1475 2739 1672 2798 officio
1706 2742 2031 2812 constituti,
2071 2742 2221 2815 quod
2247 2741 2452 2800 fuerat
2475 2741 2824 2815 quibusdam
2851 2739 3151 2799 catholicis

925 2819 1208 2877 divinitus
1244 2821 1596 2893 revelatum,
1633 2820 1853 2880 festum
1892 2822 2224 2895 huiusmodi
2261 2822 2633 2895 generaliter
2659 2821 2721 2879 iu
2745 2821 3030 2880 Ecclesia
3067 2835 3148 2877 ce-

927 2900 1275 2958 lebrandum
1298 2899 1361 2969 ²).
1450 2900 1573 2959 Nos
1630 2902 1832 2974 itaque
1896 2903 1971 2959 ad
2026 2904 2566 2962 corroborationem
2627 2908 2691 2960 et
2741 2902 3151 2960 exaltationem

1112 3121 1150 3184 ¹)
1190 3116 1316 3171 Can.
1354 3116 1583 3170 Literas
1622 3118 1705 3171 18.
1744 3116 1917 3170 Dist.
1955 3121 2006 3171 3.
2046 3119 2106 3170 de
2145 3121 2280 3172 Con
2296 3137 2337 3170 s.

1104 3195 1149 3264 ³)
1189 3189 1428 3251 Urbanus
1464 3197 1548 3250 hic
1585 3197 1710 3250 dicit
1747 3197 2001 3252 celebrem
2039 3199 2180 3252 illam
2217 3200 2282 3252 ad
2317 3197 2498 3254 Leodii
2545 3204 2722 3268 portas
2758 3198 3152 3268 hospitalimiam

925 3278 1131 3332 beatam
1168 3277 1499 3332 Julianam
1554 3295 1585 3330 a
1634 3282 1857 3331 mon'te
1909 3278 2355 3346 Cornelione,
2412 3295 2543 3349 quae
2593 3280 2798 3334 ineunte
2836 3278 3043 3333 saeculo
3078 3277 3153 3336 13,

926 3358 1137 3412 coelesti
1193 3358 1390 3411 visione
1439 3357 1700 3411 admonita
1756 3362 1815 3411 ut
1852 3359 2097 3428 peculiari
2137 3360 2425 3414 festivitate
2477 3360 2804 3414 sanctissima
2841 3356 3154 3414 Eucharistia

926 3439 1211 3505 coleretur,
1268 3437 1331 3491 de
1369 3454 1432 3494 ea
1470 3438 1785 3491 instituenda
1824 3439 2077 3493 consuluit
2115 3440 2383 3508 theologos
2435 3445 2490 3494 et
2526 3440 2811 3510 episcopos,
2865 3440 3005 3493 inter
3037 3451 3154 3508 quos

927 3523 1043 3574 erat
1079 3518 1380 3575 Jacobus
1417 3517 1776 3585 Pantaleo,
1816 3518 2087 3574 Trecensis
2127 3520 2389 3590 (Troyes),
2428 3521 2816 3576 archidiaconus
2852 3518 3155 3580 Leodiensis,

926 3600 1107 3655 deinde
1145 3600 1414 3669 episcopus
1449 3598 1786 3653 Virdunensis
1824 3616 1906 3653 an.
1947 3600 2102 3666 1252,
2141 3605 2323 3669 postea
2347 3601 2646 3670 patriarcha
2669 3600 3155 3671 Hierosolymitauus

927 3700 1008 3738 au.
1050 3682 1206 3748 1255,
1252 3680 1489 3734 Summus
1526 3680 1741 3749 denique
1781 3679 2020 3734 Pontifex
2058 3698 2139 3734 an.
2180 3682 2336 3748 1261,
2390 3681 2696 3735 Urbanus
2733 3680 2821 3735 IV.
2859 3680 3158 3750 appellatum,

926 3768 1160 3818 mortuus
1196 3778 1278 3816 an.
1320 3760 1476 3815 1264.
1519 3792 1582 3798 -—
1622 3762 1900 3816 Caeterum
1937 3761 2095 3815 adisis
2133 3762 2268 3815 Acta
2304 3761 2413 3829 SS.,
2451 3762 2527 3816 ad
2561 3761 2705 3816 diem
2741 3763 2796 3816 5.
2835 3761 3034 3832 April„
3077 3760 3153 3831 qui

926 3845 1106 3899 honori
1141 3845 1326 3898 beatae
1364 3841 1598 3898 Julianae
1636 3845 1718 3895 est
1755 3846 1991 3896 sacratus
2031 3843 2278 3912 (ejusdem
2315 3843 2505 3896 mensis
2541 3847 2582 3896 t.
2627 3846 2672 3909 1,
2719 3858 2804 3912 pp.
2841 3842 2948 3897 459
2984 3842 3154 3911 seqq.),

927 3926 1012 3979 ubi
1051 3929 1252 3991 cuncta,
1290 3938 1421 3992 quae
1458 3924 1525 3976 ad
1560 3923 1657 3976 hoc
1694 3926 2054 3992 argumentum
2091 3924 2369 3992 pertinent,
2416 3923 2576 3977 habes
2613 3924 2677 3978 ab
2715 3923 3041 3978 Henscheuio
3075 3937 3152 3976 ex·

927 4006 1120 4076 plicata
1158 4003 1450 4072 diligenter.
1526 4001 1647 4056 Inde
1686 4007 1928 4056 enotasse
1965 4003 2242 4070 suffecerit,
2281 4003 2651 4057 revelationem
2692 4004 2883 4058 factam
2921 4003 2983 4058 de
3019 4001 3153 4056 iusti·

929 4085 1118 4140 tuendo
1146 4085 1280 4138 festo
1301 4083 1544 4152 Corporis
1564 4083 1757 4137 Christi
1797 4084 1873 4137 ita
1909 4084 2138 4137 narrari:
2181 4084 2466 4153 „Tempore
2498 4084 2791 4154 juventutis
2815 4100 2937 4138 suae
2964 4083 3152 4155 quoties

929 4165 1124 4222 Christi
1160 4165 1310 4230 virgo
1335 4164 1541 4219 Juliana
1572 4164 1795 4219 orationi
1818 4164 2161 4230 incumbebat,
2199 4180 2441 4232 magnum
2467 4164 2562 4218 Dei
2601 4165 2806 4234 signum
2842 4168 2897 4218 et
2934 4161 3152 4217 mirabile

930 4247 1232 4317 apparebat.
1289 4246 1604 4314 Apparebat,
1637 4245 1858 4315 inquam,
1898 4246 1943 4299 ei
1970 4246 2090 4299 luna
2116 4246 2167 4299 in
2192 4246 2480 4315 splendore,
2519 4261 2631 4300 cum
2658 4245 3153 4315 aliquantulatamen

931 4329 1010 4383 sui
1048 4326 1302 4397 sphaerici
1342 4326 1571 4396 corporis
1610 4326 1891 4392 fractione,
1942 4342 2094 4396 quam
2139 4342 2292 4397 quum
2329 4326 2490 4380 multo
2528 4330 2761 4396 tempore
2798 4325 3152 4395 conspexisset,

930 4408 1217 4463 mirabatur
1253 4406 1496 4473 multum,
1550 4408 1795 4475 ignorans
1832 4406 1951 4476 quid
1989 4407 2064 4461 illi
2100 4407 2449 4477 portenderet.
2522 4406 2720 4461 Exinde
2758 4423 2800 4460 s.
2836 4405 3040 4460 Juliana
3073 4405 3152 4457 hu-

933 4489 1079 4546 miles
1115 4503 1297 4563 preces
1335 4487 1446 4541 Deo
1484 4488 1821 4560 profundenS,
1873 4487 2028 4542 divini
2068 4488 2264 4543 consilii
2303 4487 2565 4560 particeps
2602 4488 2713 4542 fieri
2751 4485 2951 4543 meruit.
3023 4484 3153 4539 Time
