<?xml version="1.0" encoding="UTF-8"?>
<!DOCTYPE html PUBLIC "-//W3C//DTD XHTML 1.0 Transitional//EN"
    "http://www.w3.org/TR/xhtml1/DTD/xhtml1-transitional.dtd">
<html xmlns="http://www.w3.org/1999/xhtml" xml:lang="en" lang="en">
 <head>
  <title>
</title>
<meta http-equiv="Content-Type" content="text/html;charset=utf-8" />
  <meta name='ocr-system' content='tesseract 3.04.00' />
  <meta name='ocr-capabilities' content='ocr_page ocr_carea ocr_par ocr_line ocrx_word'/>
</head>
<body>
  <div class='ocr_page' id='page_1' title='image "./kalendariummanu00nillgoog_0070.png"; bbox 0 0 3514 5391; ppageno 0'>
   <div class='ocr_carea' id='block_1_1' title="bbox 821 471 2490 542">
    <p class='ocr_par' dir='ltr' id='par_1_1' title="bbox 821 471 2490 542">
     <span class='ocr_line' id='line_1_1' title="bbox 821 471 2490 542; baseline -0.001 -14"><span class='ocrx_word' id='word_1_1' title='bbox 821 474 891 528; x_wconf 85' lang='lat'>34</span> <span class='ocrx_word' id='word_1_2' title='bbox 1418 472 1577 528; x_wconf 77' lang='lat' dir='ltr'>Festa</span> <span class='ocrx_word' id='word_1_3' title='bbox 1612 473 1822 529; x_wconf 82' lang='lat' dir='ltr'>mobilia</span> <span class='ocrx_word' id='word_1_4' title='bbox 1858 477 1979 528; x_wconf 82' lang='lat' dir='ltr'>ante</span> <span class='ocrx_word' id='word_1_5' title='bbox 2017 471 2490 542; x_wconf 79' lang='lat' dir='ltr'>Quadragesi&#39;mam.</span> 
     </span>
    </p>
   </div>
   <div class='ocr_carea' id='block_1_2' title="bbox 1933 587 2182 593">
    <p class='ocr_par' dir='ltr' id='par_1_2' title="bbox 1933 587 2182 593">
     <span class='ocr_line' id='line_1_2' title="bbox 1933 587 2182 593; baseline 0 0"><span class='ocrx_word' id='word_1_6' title='bbox 1933 587 2182 593; x_wconf 95' lang='lat' dir='ltr'> </span> 
     </span>
    </p>
   </div>
   <div class='ocr_carea' id='block_1_3' title="bbox 814 670 3076 1841">
    <p class='ocr_par' dir='ltr' id='par_1_3' title="bbox 814 670 3076 1841">
     <span class='ocr_line' id='line_1_3' title="bbox 824 670 3075 760; baseline -0.001 -22"><span class='ocrx_word' id='word_1_7' title='bbox 824 696 903 738; x_wconf 76' lang='lat' dir='ltr'>ecc</span> <span class='ocrx_word' id='word_1_8' title='bbox 930 671 1127 760; x_wconf 81' lang='lat' dir='ltr'>falsa</span> <span class='ocrx_word' id='word_1_9' title='bbox 1170 673 1412 760; x_wconf 71' lang='lat' dir='ltr'>virqine</span> <span class='ocrx_word' id='word_1_10' title='bbox 1458 696 1539 736; x_wconf 76' lang='lat' dir='ltr'>ex</span> <span class='ocrx_word' id='word_1_11' title='bbox 1588 670 1757 737; x_wconf 76' lang='lat' dir='ltr'>tribu</span> <span class='ocrx_word' id='word_1_12' title='bbox 1804 671 1961 736; x_wconf 78' lang='lat' dir='ltr'>Dan</span> <span class='ocrx_word' id='word_1_13' title='bbox 2007 671 2252 736; x_wconf 72' lang='lat' dir='ltr'>orituro</span> <span class='ocrx_word' id='word_1_14' title='bbox 2319 681 2505 757; x_wconf 78' lang='lat' dir='ltr'>atque</span> <span class='ocrx_word' id='word_1_15' title='bbox 2550 673 2621 735; x_wconf 78' lang='lat' dir='ltr'>in</span> <span class='ocrx_word' id='word_1_16' title='bbox 2654 672 3075 758; x_wconf 73' lang='lat' dir='ltr'>phantastica</span> 
     </span>
     <span class='ocr_line' id='line_1_4' title="bbox 824 769 3066 860; baseline -0.001 -24"><span class='ocrx_word' id='word_1_17' title='bbox 824 796 1013 838; x_wconf 78' lang='lat' dir='ltr'>earne</span> <span class='ocrx_word' id='word_1_18' title='bbox 1061 774 1444 860; x_wconf 65' lang='lat' dir='ltr'>appar-ituro</span> <span class='ocrx_word' id='word_1_19' title='bbox 1475 770 1520 856; x_wconf 93' lang='lat'>¹)</span> <span class='ocrx_word' id='word_1_20' title='bbox 1569 772 1725 836; x_wconf 89' lang='lat' dir='ltr'>duos</span> <span class='ocrx_word' id='word_1_21' title='bbox 1772 789 1995 857; x_wconf 83' lang='lat' dir='ltr'>graves</span> <span class='ocrx_word' id='word_1_22' title='bbox 2044 790 2285 836; x_wconf 88' lang='lat' dir='ltr'>errores</span> <span class='ocrx_word' id='word_1_23' title='bbox 2331 770 2622 855; x_wconf 84' lang='lat' dir='ltr'><strong>proponit</strong></span> <span class='ocrx_word' id='word_1_24' title='bbox 2642 770 2730 855; x_wconf 74' lang='lat'>²):</span> <span class='ocrx_word' id='word_1_25' title='bbox 2782 769 3066 847; x_wconf 84' lang='lat' dir='ltr'>alterum,</span> 
     </span>
     <span class='ocr_line' id='line_1_5' title="bbox 830 868 3076 957; baseline -0.003 -20"><span class='ocrx_word' id='word_1_26' title='bbox 830 872 992 957; x_wconf 87' lang='lat' dir='ltr'>quod</span> <span class='ocrx_word' id='word_1_27' title='bbox 1042 890 1279 956; x_wconf 83' lang='lat' dir='ltr'>poenae</span> <span class='ocrx_word' id='word_1_28' title='bbox 1327 871 1759 935; x_wconf 81' lang='lat' dir='ltr'>damnatorum</span> <span class='ocrx_word' id='word_1_29' title='bbox 1808 875 1952 954; x_wconf 86' lang='lat' dir='ltr'>post</span> <span class='ocrx_word' id='word_1_30' title='bbox 1996 870 2201 935; x_wconf 85' lang='lat' dir='ltr'>carnis</span> <span class='ocrx_word' id='word_1_31' title='bbox 2246 870 2761 936; x_wconf 81' lang='lat' dir='ltr'>resurrectionem</span> <span class='ocrx_word' id='word_1_32' title='bbox 2796 888 2919 934; x_wconf 91' lang='lat' dir='ltr'>non</span> <span class='ocrx_word' id='word_1_33' title='bbox 2952 868 3076 933; x_wconf 86' lang='lat' dir='ltr'>sint</span> 
     </span>
     <span class='ocr_line' id='line_1_6' title="bbox 824 967 3073 1055; baseline -0.003 -19"><span class='ocrx_word' id='word_1_34' title='bbox 824 989 1175 1055; x_wconf 79' lang='lat' dir='ltr'>corporeae,</span> <span class='ocrx_word' id='word_1_35' title='bbox 1225 969 1335 1033; x_wconf 87' lang='lat' dir='ltr'>sed</span> <span class='ocrx_word' id='word_1_36' title='bbox 1385 967 1674 1032; x_wconf 76' lang='lat' dir='ltr'>tenebrae</span> <span class='ocrx_word' id='word_1_37' title='bbox 1723 977 1987 1048; x_wconf 75' lang='lat' dir='ltr'>tantum,</span> <span class='ocrx_word' id='word_1_38' title='bbox 2035 978 2096 1032; x_wconf 81' lang='lat' dir='ltr'>et</span> <span class='ocrx_word' id='word_1_39' title='bbox 2125 968 2254 1033; x_wconf 75' lang='lat' dir='ltr'>Dei</span> <span class='ocrx_word' id='word_1_40' title='bbox 2287 968 2575 1054; x_wconf 74' lang='lat' dir='ltr'>privatio</span> <span class='ocrx_word' id='word_1_41' title='bbox 2623 977 2684 1030; x_wconf 84' lang='lat' dir='ltr'>et</span> <span class='ocrx_word' id='word_1_42' title='bbox 2712 967 3073 1031; x_wconf 76' lang='lat' dir='ltr'>animarum</span> 
     </span>
     <span class='ocr_line' id='line_1_7' title="bbox 814 1061 3072 1156; baseline -0.003 -23"><span class='ocrx_word' id='word_1_43' title='bbox 814 1079 1085 1156; x_wconf 79' lang='lat' dir='ltr'>propter</span> <span class='ocrx_word' id='word_1_44' title='bbox 1148 1066 1565 1131; x_wconf 74' lang='lat' dir='ltr'>conscientiae</span> <span class='ocrx_word' id='word_1_45' title='bbox 1629 1065 1917 1130; x_wconf 73' lang='lat' dir='ltr'>stimulos</span> <span class='ocrx_word' id='word_1_46' title='bbox 1981 1067 2371 1152; x_wconf 70' lang='lat' dir='ltr'><strong><em>consumptio</em></strong></span> <span class='ocrx_word' id='word_1_47' title='bbox 2444 1063 2764 1151; x_wconf 72' lang='grc' dir='ltr'><strong><em>(βάσανον</em></strong></span> <span class='ocrx_word' id='word_1_48' title='bbox 2828 1061 2900 1127; x_wconf 77' lang='grc' dir='ltr'>δὲ</span> <span class='ocrx_word' id='word_1_49' title='bbox 2963 1062 3072 1128; x_wconf 81' lang='grc' dir='ltr'>καὶ</span> 
     </span>
     <span class='ocr_line' id='line_1_8' title="bbox 823 1159 3073 1249; baseline -0.002 -19"><span class='ocrx_word' id='word_1_50' title='bbox 823 1165 1053 1241; x_wconf 82' lang='grc' dir='ltr'><strong><em>σκότος</em></strong></span> <span class='ocrx_word' id='word_1_51' title='bbox 1110 1161 1218 1228; x_wconf 78' lang='grc' dir='ltr'>καὶ</span> <span class='ocrx_word' id='word_1_52' title='bbox 1264 1161 1346 1228; x_wconf 81' lang='grc' dir='ltr'>τὰ</span> <span class='ocrx_word' id='word_1_53' title='bbox 1390 1166 1696 1244; x_wconf 76' lang='grc' dir='ltr'>τοιαῦτα,</span> <span class='ocrx_word' id='word_1_54' title='bbox 1756 1161 1873 1227; x_wconf 75' lang='grc' dir='ltr'>τὸν</span> <span class='ocrx_word' id='word_1_55' title='bbox 1918 1160 2074 1227; x_wconf 77' lang='grc' dir='ltr'>ἀπὸ·</span> <span class='ocrx_word' id='word_1_56' title='bbox 2107 1164 2275 1228; x_wconf 82' lang='grc' dir='ltr'><strong><em>Θεοῦ</em></strong></span> <span class='ocrx_word' id='word_1_57' title='bbox 2331 1159 2735 1249; x_wconf 80' lang='grc' dir='ltr'><strong><em>μακρυσμόν,</em></strong></span> <span class='ocrx_word' id='word_1_58' title='bbox 2798 1160 2907 1226; x_wconf 79' lang='grc' dir='ltr'>καὶ</span> <span class='ocrx_word' id='word_1_59' title='bbox 2959 1159 3073 1249; x_wconf 77' lang='grc' dir='ltr'>τὴν</span> 
     </span>
     <span class='ocr_line' id='line_1_9' title="bbox 822 1254 3070 1351; baseline -0.001 -22"><span class='ocrx_word' id='word_1_60' title='bbox 822 1269 950 1329; x_wconf 80' lang='grc' dir='ltr'>τῶν</span> <span class='ocrx_word' id='word_1_61' title='bbox 1008 1254 1237 1351; x_wconf 70' lang='grc' dir='ltr'><strong><em>’ψυχῶν</em></strong></span> <span class='ocrx_word' id='word_1_62' title='bbox 1300 1260 1411 1325; x_wconf 81' lang='grc' dir='ltr'>διὰ</span> <span class='ocrx_word' id='word_1_63' title='bbox 1472 1266 1589 1326; x_wconf 77' lang='grc' dir='ltr'>τοῦ</span> <span class='ocrx_word' id='word_1_64' title='bbox 1653 1260 2023 1339; x_wconf 82' lang='grc' dir='ltr'><strong><em>συνειδότος</em></strong></span> <span class='ocrx_word' id='word_1_65' title='bbox 2086 1259 2452 1349; x_wconf 78' lang='grc' dir='ltr'><em>δαπάνην),·</em></span> <span class='ocrx_word' id='word_1_66' title='bbox 2531 1261 2829 1339; x_wconf 77' lang='lat' dir='ltr'>alterum,</span> <span class='ocrx_word' id='word_1_67' title='bbox 2907 1262 3070 1345; x_wconf 88' lang='lat' dir='ltr'>quod</span> 
     </span>
     <span class='ocr_line' id='line_1_10' title="bbox 824 1359 3074 1447; baseline -0.002 -18"><span class='ocrx_word' id='word_1_68' title='bbox 824 1369 1070 1447; x_wconf 88' lang='lat' dir='ltr'>tempus</span> <span class='ocrx_word' id='word_1_69' title='bbox 1117 1360 1375 1426; x_wconf 80' lang='lat' dir='ltr'>extremi</span> <span class='ocrx_word' id='word_1_70' title='bbox 1414 1361 1652 1445; x_wconf 86' lang='lat' dir='ltr'>judicii,</span> <span class='ocrx_word' id='word_1_71' title='bbox 1702 1360 1848 1426; x_wconf 87' lang='lat' dir='ltr'>licet</span> <span class='ocrx_word' id='word_1_72' title='bbox 1894 1381 1968 1426; x_wconf 83' lang='lat' dir='ltr'>ex</span> <span class='ocrx_word' id='word_1_73' title='bbox 2016 1361 2272 1426; x_wconf 79' lang='lat' dir='ltr'>aliorum</span> <span class='ocrx_word' id='word_1_74' title='bbox 2324 1360 2649 1438; x_wconf 83' lang='lat' dir='ltr'>sententia,</span> <span class='ocrx_word' id='word_1_75' title='bbox 2701 1359 3074 1427; x_wconf 80' lang='lat' dir='ltr'>determinet</span> 
     </span>
     <span class='ocr_line' id='line_1_11' title="bbox 825 1456 3070 1547; baseline -0.002 -20"><span class='ocrx_word' id='word_1_76' title='bbox 825 1462 1068 1547; x_wconf 82' lang='lat' dir='ltr'>ajendo.</span> <span class='ocrx_word' id='word_1_77' title='bbox 1103 1460 1361 1544; x_wconf 80' lang='lat' dir='ltr'>famam</span> <span class='ocrx_word' id='word_1_78' title='bbox 1408 1479 1559 1540; x_wconf 75' lang='lat' dir='ltr'>esse,</span> <span class='ocrx_word' id='word_1_79' title='bbox 1595 1468 1751 1545; x_wconf 77' lang='lat' dir='ltr'>post</span> <span class='ocrx_word' id='word_1_80' title='bbox 1779 1465 2015 1545; x_wconf 77' lang='lat' dir='ltr'>septem</span> <span class='ocrx_word' id='word_1_81' title='bbox 2063 1481 2374 1524; x_wconf 76' lang='lat' dir='ltr'>annorum</span> <span class='ocrx_word' id='word_1_82' title='bbox 2401 1456 2611 1523; x_wconf 84' lang='lat' dir='ltr'>millia</span> <span class='ocrx_word' id='word_1_83' title='bbox 2642 1456 3070 1543; x_wconf 77' lang='lat' dir='ltr'>eoeactafutu-</span> 
     </span>
     <span class='ocr_line' id='line_1_12' title="bbox 822 1552 3071 1643; baseline -0.002 -19"><span class='ocrx_word' id='word_1_84' title='bbox 822 1583 961 1624; x_wconf 73' lang='lat' dir='ltr'>rum</span> <span class='ocrx_word' id='word_1_85' title='bbox 1018 1554 1298 1643; x_wconf 72' lang='grc' dir='ltr'>(λέγεται</span> <span class='ocrx_word' id='word_1_86' title='bbox 1346 1552 1464 1619; x_wconf 80' lang='grc' dir='ltr'>ὅτι·</span> <span class='ocrx_word' id='word_1_87' title='bbox 1509 1553 1673 1637; x_wconf 79' lang='grc' dir='ltr'><strong><em>μετὰ</em></strong></span> <span class='ocrx_word' id='word_1_88' title='bbox 1729 1554 1845 1643; x_wconf 72' lang='grc' dir='ltr'>τὴν</span> <span class='ocrx_word' id='word_1_89' title='bbox 1899 1560 2030 1621; x_wconf 77' lang='grc' dir='ltr'>τῶν</span> <span class='ocrx_word' id='word_1_90' title='bbox 2075 1553 2246 1622; x_wconf 74' lang='grc' dir='ltr'><em>,ἑπτὰ</em></span> <span class='ocrx_word' id='word_1_91' title='bbox 2290 1553 2599 1636; x_wconf 78' lang='grc' dir='ltr'><strong><em>χιλιάδων</em></strong></span> <span class='ocrx_word' id='word_1_92' title='bbox 2643 1554 2886 1639; x_wconf 72' lang='grc' dir='ltr'><strong><em>χρόνων</em></strong></span> <span class='ocrx_word' id='word_1_93' title='bbox 2921 1574 3071 1619; x_wconf 74' lang='grc' dir='ltr'>’πα-</span> 
     </span>
     <span class='ocr_line' id='line_1_13' title="bbox 823 1649 3071 1742; baseline -0.002 -21"><span class='ocrx_word' id='word_1_94' title='bbox 823 1656 1107 1742; x_wconf 79' lang='grc' dir='ltr'>’ρέλευσιν</span> <span class='ocrx_word' id='word_1_95' title='bbox 1152 1649 1390 1737; x_wconf 70' lang='grc' dir='ltr'>ἔσται).</span> <span class='ocrx_word' id='word_1_96' title='bbox 1483 1654 1767 1722; x_wconf 87' lang='lat' dir='ltr'>Priorem</span> <span class='ocrx_word' id='word_1_97' title='bbox 1815 1675 2090 1722; x_wconf 87' lang='lat' dir='ltr'>errorem</span> <span class='ocrx_word' id='word_1_98' title='bbox 2138 1656 2497 1721; x_wconf 85' lang='lat' dir='ltr'>doctissime</span> <span class='ocrx_word' id='word_1_99' title='bbox 2543 1654 2885 1720; x_wconf 79' lang='lat' dir='ltr'>refutatum</span> <span class='ocrx_word' id='word_1_100' title='bbox 2933 1654 3071 1718; x_wconf 87' lang='lat' dir='ltr'>vide</span> 
     </span>
     <span class='ocr_line' id='line_1_14' title="bbox 825 1753 3068 1841; baseline -0.002 -20"><span class='ocrx_word' id='word_1_101' title='bbox 825 1757 988 1841; x_wconf 82' lang='lat' dir='ltr'>apud</span> <span class='ocrx_word' id='word_1_102' title='bbox 1034 1755 1114 1821; x_wconf 87' lang='grc' dir='ltr'>Η.</span> <span class='ocrx_word' id='word_1_103' title='bbox 1165 1754 1501 1831; x_wconf 87' lang='lat' dir='ltr'>Hurter‚</span> <span class='ocrx_word' id='word_1_104' title='bbox 1551 1758 1730 1821; x_wconf 82' lang='lat' dir='ltr'>tract.</span> <span class='ocrx_word' id='word_1_105' title='bbox 1783 1755 1884 1819; x_wconf 86' lang='lat' dir='ltr'>cit.</span> <span class='ocrx_word' id='word_1_106' title='bbox 1937 1774 1991 1820; x_wconf 90' lang='lat' dir='ltr'>c.</span> <span class='ocrx_word' id='word_1_107' title='bbox 2040 1754 2101 1833; x_wconf 82' lang='lat'>2,</span> <span class='ocrx_word' id='word_1_108' title='bbox 2152 1754 2388 1838; x_wconf 88' lang='lat' dir='ltr'>junctis</span> <span class='ocrx_word' id='word_1_109' title='bbox 2436 1753 2793 1820; x_wconf 77' lang='lat' dir='ltr'>auctoribus</span> <span class='ocrx_word' id='word_1_110' title='bbox 2837 1753 3068 1818; x_wconf 87' lang='lat' dir='ltr'>ibidem</span> 
     </span>
    </p>
   </div>
   <div class='ocr_carea' id='block_1_4' title="bbox 824 1850 3070 2029">
    <p class='ocr_par' dir='ltr' id='par_1_4' title="bbox 824 1850 3070 2029">
     <span class='ocr_line' id='line_1_15' title="bbox 824 1850 3070 1944; baseline -0.003 -23"><span class='ocrx_word' id='word_1_111' title='bbox 824 1854 1141 1944; x_wconf 66' lang='lat' dir='ltr'>adductisss</span> <span class='ocrx_word' id='word_1_112' title='bbox 1206 1858 1424 1921; x_wconf 78' lang='lat' dir='ltr'>eontra</span> <span class='ocrx_word' id='word_1_113' title='bbox 1470 1850 1733 1918; x_wconf 86' lang='lat' dir='ltr'>alterum</span> <span class='ocrx_word' id='word_1_114' title='bbox 1781 1851 1959 1936; x_wconf 82' lang='lat' dir='ltr'>plura</span> <span class='ocrx_word' id='word_1_115' title='bbox 2005 1853 2257 1938; x_wconf 84' lang='lat' dir='ltr'>egregie</span> <span class='ocrx_word' id='word_1_116' title='bbox 2317 1853 2594 1936; x_wconf 81' lang='lat' dir='ltr'>disputat</span> <span class='ocrx_word' id='word_1_117' title='bbox 2641 1851 2797 1917; x_wconf 92' lang='lat' dir='ltr'>Leo</span> <span class='ocrx_word' id='word_1_118' title='bbox 2844 1850 3070 1916; x_wconf 86' lang='lat' dir='ltr'>Alla-</span> 
     </span>
     <span class='ocr_line' id='line_1_16' title="bbox 824 1950 1783 2029; baseline -0.003 -11"><span class='ocrx_word' id='word_1_119' title='bbox 824 1954 988 2018; x_wconf 88' lang='lat' dir='ltr'>tius</span> <span class='ocrx_word' id='word_1_120' title='bbox 1034 1951 1073 2016; x_wconf 90' lang='lat' dir='ltr'>l.</span> <span class='ocrx_word' id='word_1_121' title='bbox 1126 1971 1200 2029; x_wconf 59' lang='lat' dir='ltr'>c..</span> <span class='ocrx_word' id='word_1_122' title='bbox 1250 1971 1353 2017; x_wconf 90' lang='lat' dir='ltr'>nn.</span> <span class='ocrx_word' id='word_1_123' title='bbox 1410 1950 1783 2016; x_wconf 79' lang='lat'>142—143.</span> 
     </span>
    </p>
   </div>
   <div class='ocr_carea' id='block_1_5' title="bbox 823 2108 3070 2355">
    <p class='ocr_par' dir='ltr' id='par_1_5' title="bbox 823 2108 3070 2355">
     <span class='ocr_line' id='line_1_17' title="bbox 924 2108 3070 2185; baseline -0.002 -15"><span class='ocrx_word' id='word_1_124' title='bbox 924 2178 929 2184; x_wconf 47' lang='grc'><strong><em>,</em></strong></span> <span class='ocrx_word' id='word_1_125' title='bbox 965 2110 1126 2170; x_wconf 87' lang='lat' dir='ltr'>Loco</span> <span class='ocrx_word' id='word_1_126' title='bbox 1163 2110 1433 2184; x_wconf 83' lang='lat' dir='ltr'>prolixae</span> <span class='ocrx_word' id='word_1_127' title='bbox 1472 2127 1545 2169; x_wconf 84' lang='lat' dir='ltr'>ac</span> <span class='ocrx_word' id='word_1_128' title='bbox 1580 2110 1840 2169; x_wconf 87' lang='lat' dir='ltr'>vitiosae</span> <span class='ocrx_word' id='word_1_129' title='bbox 1872 2109 2198 2185; x_wconf 89' lang='lat' dir='ltr'>Nicephori</span> <span class='ocrx_word' id='word_1_130' title='bbox 2236 2109 2571 2185; x_wconf 81' lang='lat' dir='ltr'>scripturae</span> <span class='ocrx_word' id='word_1_131' title='bbox 2610 2116 2675 2169; x_wconf 90' lang='grc' dir='ltr'>ιιι</span> <span class='ocrx_word' id='word_1_132' title='bbox 2706 2109 2833 2183; x_wconf 83' lang='lat' dir='ltr'>J&#39;am</span> <span class='ocrx_word' id='word_1_133' title='bbox 2864 2108 3070 2182; x_wconf 80' lang='lat' dir='ltr'>accipe</span> 
     </span>
     <span class='ocr_line' id='line_1_18' title="bbox 823 2187 3070 2264; baseline -0.002 -13"><span class='ocrx_word' id='word_1_134' title='bbox 823 2194 1084 2262; x_wconf 88' lang='lat' dir='ltr'>brevem,</span> <span class='ocrx_word' id='word_1_135' title='bbox 1141 2190 1247 2249; x_wconf 89' lang='lat' dir='ltr'>sed</span> <span class='ocrx_word' id='word_1_136' title='bbox 1296 2191 1674 2264; x_wconf 84' lang='lat' dir='ltr'>praeclaram</span> <span class='ocrx_word' id='word_1_137' title='bbox 1725 2189 2085 2250; x_wconf 86' lang='lat' dir='ltr'>catechesim</span> <span class='ocrx_word' id='word_1_138' title='bbox 2136 2208 2182 2249; x_wconf 92' lang='lat' dir='ltr'>s.</span> <span class='ocrx_word' id='word_1_139' title='bbox 2221 2189 2547 2262; x_wconf 82' lang='lat' dir='ltr'>Theodori,</span> <span class='ocrx_word' id='word_1_140' title='bbox 2605 2207 2777 2263; x_wconf 87' lang='lat' dir='ltr'>quam</span> <span class='ocrx_word' id='word_1_141' title='bbox 2833 2206 2937 2247; x_wconf 86' lang='lat' dir='ltr'>nos</span> <span class='ocrx_word' id='word_1_142' title='bbox 2993 2187 3070 2247; x_wconf 86' lang='lat' dir='ltr'>ad</span> 
     </span>
     <span class='ocr_line' id='line_1_19' title="bbox 824 2270 2837 2355; baseline -0.004 -23"><span class='ocrx_word' id='word_1_143' title='bbox 824 2274 979 2332; x_wconf 86' lang='lat' dir='ltr'>hunc</span> <span class='ocrx_word' id='word_1_144' title='bbox 1012 2272 1171 2332; x_wconf 87' lang='lat' dir='ltr'>diem</span> <span class='ocrx_word' id='word_1_145' title='bbox 1212 2288 1345 2330; x_wconf 88' lang='lat' dir='ltr'>esse</span> <span class='ocrx_word' id='word_1_146' title='bbox 1384 2272 1693 2339; x_wconf 84' lang='lat' dir='ltr'>allaturos,</span> <span class='ocrx_word' id='word_1_147' title='bbox 1732 2271 1911 2344; x_wconf 88' lang='lat' dir='ltr'>paulo</span> <span class='ocrx_word' id='word_1_148' title='bbox 1951 2278 2091 2355; x_wconf 83' lang='lat' dir='ltr'>ante</span> <span class='ocrx_word' id='word_1_149' title='bbox 2132 2288 2328 2330; x_wconf 85' lang='lat' dir='ltr'>sumus</span> <span class='ocrx_word' id='word_1_150' title='bbox 2367 2270 2621 2346; x_wconf 82' lang='lat' dir='ltr'>polliciti</span> <span class='ocrx_word' id='word_1_151' title='bbox 2659 2288 2712 2344; x_wconf 90' lang='lat' dir='ltr'>p.</span> <span class='ocrx_word' id='word_1_152' title='bbox 2754 2272 2837 2331; x_wconf 92' lang='grc'>11.</span> 
     </span>
    </p>
   </div>
   <div class='ocr_carea' id='block_1_6' title="bbox 826 2394 3077 2708">
    <p class='ocr_par' dir='ltr' id='par_1_6' title="bbox 829 2394 3077 2471">
     <span class='ocr_line' id='line_1_20' title="bbox 829 2394 3077 2471; baseline -0.001 -19"><span class='ocrx_word' id='word_1_153' title='bbox 829 2401 965 2471; x_wconf 78' lang='grc' dir='ltr'>Περὶ</span> <span class='ocrx_word' id='word_1_154' title='bbox 1020 2402 1109 2464; x_wconf 82' lang='grc' dir='ltr'>τῆς</span> <span class='ocrx_word' id='word_1_155' title='bbox 1157 2394 1396 2468; x_wconf 73' lang='grc' dir='ltr'><em>μεγάλης</em></span> <span class='ocrx_word' id='word_1_156' title='bbox 1451 2399 1541 2449; x_wconf 75' lang='grc' dir='ltr'>καὶ</span> <span class='ocrx_word' id='word_1_157' title='bbox 1590 2396 1895 2468; x_wconf 72' lang='grc' dir='ltr'><strong><em>ἐπιφανοῦς</em></strong></span> <span class='ocrx_word' id='word_1_158' title='bbox 2002 2398 2090 2453; x_wconf 86' lang='lat' dir='ltr'>De</span> <span class='ocrx_word' id='word_1_159' title='bbox 2109 2413 2305 2468; x_wconf 62' lang='lat' dir='ltr'>magno</span> <span class='ocrx_word' id='word_1_160' title='bbox 2330 2401 2384 2453; x_wconf 80' lang='lat' dir='ltr'>et</span> <span class='ocrx_word' id='word_1_161' title='bbox 2413 2396 2626 2452; x_wconf 76' lang='lat' dir='ltr'>illustri</span> <span class='ocrx_word' id='word_1_162' title='bbox 2635 2396 2864 2451; x_wconf 76' lang='lat' dir='ltr'>Domini</span> <span class='ocrx_word' id='word_1_163' title='bbox 2879 2395 3077 2450; x_wconf 69' lang='lat' dir='ltr'>Nostri</span> 
     </span>
    </p>

    <p class='ocr_par' dir='ltr' id='par_1_7' title="bbox 826 2474 3071 2551">
     <span class='ocr_line' id='line_1_21' title="bbox 826 2474 3071 2551; baseline -0.001 -18"><span class='ocrx_word' id='word_1_164' title='bbox 826 2479 1027 2551; x_wconf 72' lang='grc' dir='ltr'><em>ἡμέρας</em></span> <span class='ocrx_word' id='word_1_165' title='bbox 1081 2481 1180 2531; x_wconf 78' lang='grc' dir='ltr'>τοῦ</span> <span class='ocrx_word' id='word_1_166' title='bbox 1233 2482 1446 2549; x_wconf 74' lang='grc' dir='ltr'><strong><em>Κυρίου</em></strong></span> <span class='ocrx_word' id='word_1_167' title='bbox 1501 2476 1659 2547; x_wconf 71' lang='grc' dir='ltr'>ἡμῶν</span> <span class='ocrx_word' id='word_1_168' title='bbox 1706 2476 1894 2543; x_wconf 83' lang='grc' dir='ltr'><strong><em>Ἰησοῦ</em></strong></span> <span class='ocrx_word' id='word_1_169' title='bbox 2000 2478 2136 2533; x_wconf 79' lang='lat' dir='ltr'>Jesu</span> <span class='ocrx_word' id='word_1_170' title='bbox 2180 2479 2393 2533; x_wconf 74' lang='lat' dir='ltr'>Christi</span> <span class='ocrx_word' id='word_1_171' title='bbox 2425 2478 2545 2533; x_wconf 82' lang='lat' dir='ltr'>die:</span> <span class='ocrx_word' id='word_1_172' title='bbox 2599 2477 2744 2533; x_wconf 73' lang='lat' dir='ltr'>dicta</span> <span class='ocrx_word' id='word_1_173' title='bbox 2783 2474 3071 2531; x_wconf 74' lang='lat' dir='ltr'>Domiin‘ca</span> 
     </span>
    </p>

    <p class='ocr_par' dir='ltr' id='par_1_8' title="bbox 834 2554 3034 2708">
     <span class='ocr_line' id='line_1_22' title="bbox 834 2554 3034 2633; baseline -0.001 -19"><span class='ocrx_word' id='word_1_174' title='bbox 834 2564 1099 2631; x_wconf 82' lang='grc' dir='ltr'><strong><em>Χριστοῦ·</em></strong></span> <span class='ocrx_word' id='word_1_175' title='bbox 1158 2558 1390 2627; x_wconf 76' lang='grc' dir='ltr'><strong><em>ῥηθεῖσα</em></strong></span> <span class='ocrx_word' id='word_1_176' title='bbox 1454 2562 1518 2633; x_wconf 80' lang='grc' dir='ltr'>τῇ</span> <span class='ocrx_word' id='word_1_177' title='bbox 1572 2556 1746 2630; x_wconf 73' lang='grc' dir='ltr'><em>ἡμέρᾳ</em></span> <span class='ocrx_word' id='word_1_178' title='bbox 1803 2562 1895 2622; x_wconf 78' lang='grc' dir='ltr'>τῆς</span> <span class='ocrx_word' id='word_1_179' title='bbox 2039 2558 2440 2613; x_wconf 62' lang='lat' dir='ltr'>Emer-realium</span> <span class='ocrx_word' id='word_1_180' title='bbox 2467 2574 2564 2612; x_wconf 80' lang='lat' dir='ltr'>seu</span> <span class='ocrx_word' id='word_1_181' title='bbox 2593 2554 3034 2627; x_wconf 57' lang='lat' dir='ltr'>Carnispriviffl).</span> 
     </span>
     <span class='ocr_line' id='line_1_23' title="bbox 1163 2640 1550 2708; baseline 0.003 -17"><span class='ocrx_word' id='word_1_182' title='bbox 1163 2640 1550 2708; x_wconf 76' lang='grc' dir='ltr'><strong><em>ἀποκρεωσίας.</em></strong></span> 
     </span>
    </p>
   </div>
   <div class='ocr_carea' id='block_1_7' title="bbox 822 2771 3073 3654">
    <p class='ocr_par' dir='ltr' id='par_1_9' title="bbox 825 2771 3073 3654">
     <span class='ocr_line' id='line_1_24' title="bbox 1007 2771 3072 2847; baseline -0.002 -12"><span class='ocrx_word' id='word_1_183' title='bbox 1007 2777 1262 2836; x_wconf 85' lang='lat' dir='ltr'>Fratres</span> <span class='ocrx_word' id='word_1_184' title='bbox 1300 2771 1655 2847; x_wconf 86' lang='lat' dir='ltr'>Patresqne‚</span> <span class='ocrx_word' id='word_1_185' title='bbox 1708 2775 1808 2832; x_wconf 87' lang='lat' dir='ltr'>lex</span> <span class='ocrx_word' id='word_1_186' title='bbox 1846 2779 1941 2833; x_wconf 88' lang='lat' dir='ltr'>est</span> <span class='ocrx_word' id='word_1_187' title='bbox 1974 2773 2335 2832; x_wconf 83' lang='lat' dir='ltr'>universalis</span> <span class='ocrx_word' id='word_1_188' title='bbox 2372 2773 2658 2832; x_wconf 89' lang='lat' dir='ltr'>hodierno</span> <span class='ocrx_word' id='word_1_189' title='bbox 2697 2773 2795 2831; x_wconf 91' lang='lat' dir='ltr'>die</span> <span class='ocrx_word' id='word_1_190' title='bbox 2833 2772 3072 2831; x_wconf 82' lang='lat' dir='ltr'>munda·</span> 
     </span>
     <span class='ocr_line' id='line_1_25' title="bbox 827 2852 3073 2927; baseline -0.004 -9"><span class='ocrx_word' id='word_1_191' title='bbox 827 2876 932 2924; x_wconf 87' lang='lat' dir='ltr'>nos</span> <span class='ocrx_word' id='word_1_192' title='bbox 971 2874 1074 2916; x_wconf 87' lang='lat' dir='ltr'>esu</span> <span class='ocrx_word' id='word_1_193' title='bbox 1113 2854 1377 2914; x_wconf 83' lang='lat' dir='ltr'>carnium</span> <span class='ocrx_word' id='word_1_194' title='bbox 1419 2853 1680 2926; x_wconf 81' lang='lat' dir='ltr'>defungi,</span> <span class='ocrx_word' id='word_1_195' title='bbox 1722 2870 2112 2927; x_wconf 86' lang='lat' dir='ltr'>magnumque</span> <span class='ocrx_word' id='word_1_196' title='bbox 2153 2853 2213 2911; x_wconf 91' lang='lat' dir='ltr'>in</span> <span class='ocrx_word' id='word_1_197' title='bbox 2241 2853 2315 2912; x_wconf 89' lang='lat' dir='ltr'>iis</span> <span class='ocrx_word' id='word_1_198' title='bbox 2354 2855 2708 2913; x_wconf 83' lang='lat' dir='ltr'>voracitatis</span> <span class='ocrx_word' id='word_1_199' title='bbox 2747 2870 2822 2912; x_wconf 82' lang='lat' dir='ltr'>ac</span> <span class='ocrx_word' id='word_1_200' title='bbox 2845 2852 3073 2912; x_wconf 86' lang='lat' dir='ltr'>bibaci-</span> 
     </span>
     <span class='ocr_line' id='line_1_26' title="bbox 825 2932 3073 3007; baseline -0.003 -9"><span class='ocrx_word' id='word_1_201' title='bbox 825 2940 974 2998; x_wconf 84' lang='lat' dir='ltr'>tatis</span> <span class='ocrx_word' id='word_1_202' title='bbox 1013 2943 1319 2996; x_wconf 81' lang='lat' dir='ltr'>certamen</span> <span class='ocrx_word' id='word_1_203' title='bbox 1364 2934 1576 2993; x_wconf 72' lang='lat' dir='ltr'>‘videas</span> <span class='ocrx_word' id='word_1_204' title='bbox 1615 2935 1871 3007; x_wconf 87' lang='lat' dir='ltr'>agitari,</span> <span class='ocrx_word' id='word_1_205' title='bbox 1922 2951 2033 2992; x_wconf 86' lang='lat' dir='ltr'>nec</span> <span class='ocrx_word' id='word_1_206' title='bbox 2070 2951 2186 2991; x_wconf 91' lang='lat' dir='ltr'>non</span> <span class='ocrx_word' id='word_1_207' title='bbox 2225 2940 2290 2991; x_wconf 86' lang='lat' dir='ltr'>et</span> <span class='ocrx_word' id='word_1_208' title='bbox 2325 2932 2505 2992; x_wconf 86' lang='lat' dir='ltr'>foeda</span> <span class='ocrx_word' id='word_1_209' title='bbox 2541 2934 2902 2993; x_wconf 84' lang='lat' dir='ltr'>ludicrorum</span> <span class='ocrx_word' id='word_1_210' title='bbox 2943 2951 3073 3007; x_wconf 85' lang='lat' dir='ltr'>spe-</span> 
     </span>
     <span class='ocr_line' id='line_1_27' title="bbox 828 3013 3073 3089; baseline -0.004 -10"><span class='ocrx_word' id='word_1_211' title='bbox 828 3019 1081 3089; x_wconf 77' lang='lat' dir='ltr'>ctacula,</span> <span class='ocrx_word' id='word_1_212' title='bbox 1139 3032 1288 3088; x_wconf 82' lang='lat' dir='ltr'>quae</span> <span class='ocrx_word' id='word_1_213' title='bbox 1326 3016 1425 3073; x_wconf 87' lang='lat' dir='ltr'>vel</span> <span class='ocrx_word' id='word_1_214' title='bbox 1464 3013 1699 3073; x_wconf 85' lang='lat' dir='ltr'>referre</span> <span class='ocrx_word' id='word_1_215' title='bbox 1739 3022 1915 3087; x_wconf 86' lang='lat' dir='ltr'>turpe</span> <span class='ocrx_word' id='word_1_216' title='bbox 1955 3021 2075 3085; x_wconf 88' lang='lat' dir='ltr'>est;</span> <span class='ocrx_word' id='word_1_217' title='bbox 2130 3031 2203 3073; x_wconf 84' lang='lat' dir='ltr'>ac</span> <span class='ocrx_word' id='word_1_218' title='bbox 2240 3030 2382 3087; x_wconf 90' lang='lat' dir='ltr'>quos</span> <span class='ocrx_word' id='word_1_219' title='bbox 2423 3031 2535 3088; x_wconf 84' lang='lat' dir='ltr'>par</span> <span class='ocrx_word' id='word_1_220' title='bbox 2574 3021 2711 3078; x_wconf 79' lang='lat' dir='ltr'>erat</span> <span class='ocrx_word' id='word_1_221' title='bbox 2747 3014 3073 3087; x_wconf 85' lang='lat' dir='ltr'>frugaliter</span> 
     </span>
     <span class='ocr_line' id='line_1_28' title="bbox 826 3093 3071 3169; baseline -0.004 -9"><span class='ocrx_word' id='word_1_222' title='bbox 826 3101 915 3160; x_wconf 88' lang='lat' dir='ltr'>uti</span> <span class='ocrx_word' id='word_1_223' title='bbox 954 3106 1016 3157; x_wconf 90' lang='lat' dir='ltr'>et</span> <span class='ocrx_word' id='word_1_224' title='bbox 1055 3098 1126 3155; x_wconf 90' lang='lat' dir='ltr'>de</span> <span class='ocrx_word' id='word_1_225' title='bbox 1165 3095 1582 3169; x_wconf 82' lang='lat' dir='ltr'>praesentibus</span> <span class='ocrx_word' id='word_1_226' title='bbox 1617 3093 1752 3154; x_wconf 89' lang='lat' dir='ltr'>Deo</span> <span class='ocrx_word' id='word_1_227' title='bbox 1804 3095 2106 3168; x_wconf 85' lang='lat' dir='ltr'>gratulari</span> <span class='ocrx_word' id='word_1_228' title='bbox 2157 3111 2402 3166; x_wconf 84' lang='lat' dir='ltr'>seseque</span> <span class='ocrx_word' id='word_1_229' title='bbox 2454 3095 2533 3153; x_wconf 84' lang='lat' dir='ltr'>ad</span> <span class='ocrx_word' id='word_1_230' title='bbox 2580 3093 2889 3153; x_wconf 88' lang='lat' dir='ltr'>imminens</span> <span class='ocrx_word' id='word_1_231' title='bbox 2939 3110 3071 3153; x_wconf 89' lang='lat' dir='ltr'>con-</span> 
     </span>
     <span class='ocr_line' id='line_1_29' title="bbox 826 3173 3072 3249; baseline -0.004 -9"><span class='ocrx_word' id='word_1_232' title='bbox 826 3181 1064 3244; x_wconf 72' lang='lat' dir='ltr'>vivium,</span> <span class='ocrx_word' id='word_1_233' title='bbox 1117 3185 1183 3234; x_wconf 84' lang='lat' dir='ltr'>nt</span> <span class='ocrx_word' id='word_1_234' title='bbox 1220 3182 1501 3247; x_wconf 83' lang='lat' dir='ltr'>meretur,</span> <span class='ocrx_word' id='word_1_235' title='bbox 1560 3192 1941 3249; x_wconf 80' lang='lat' dir='ltr'>comparare,</span> <span class='ocrx_word' id='word_1_236' title='bbox 1999 3173 2314 3233; x_wconf 85' lang='lat' dir='ltr'>diabolicis</span> <span class='ocrx_word' id='word_1_237' title='bbox 2369 3174 2489 3233; x_wconf 82' lang='lat' dir='ltr'>acti</span> <span class='ocrx_word' id='word_1_238' title='bbox 2545 3173 2888 3238; x_wconf 82' lang='lat' dir='ltr'>fraudibus,</span> <span class='ocrx_word' id='word_1_239' title='bbox 2946 3175 3072 3233; x_wconf 82' lang='lat' dir='ltr'>alia</span> 
     </span>
     <span class='ocr_line' id='line_1_30' title="bbox 827 3254 3071 3329; baseline -0.003 -9"><span class='ocrx_word' id='word_1_240' title='bbox 827 3261 1022 3320; x_wconf 88' lang='lat' dir='ltr'>omnia</span> <span class='ocrx_word' id='word_1_241' title='bbox 1058 3257 1307 3327; x_wconf 85' lang='lat' dir='ltr'>faciunt,</span> <span class='ocrx_word' id='word_1_242' title='bbox 1347 3257 1525 3314; x_wconf 83' lang='lat' dir='ltr'>alium</span> <span class='ocrx_word' id='word_1_243' title='bbox 1566 3274 1629 3314; x_wconf 87' lang='lat' dir='ltr'>se</span> <span class='ocrx_word' id='word_1_244' title='bbox 1661 3263 2015 3329; x_wconf 81' lang='lat' dir='ltr'>excepturos</span> <span class='ocrx_word' id='word_1_245' title='bbox 2052 3272 2159 3329; x_wconf 89' lang='lat' dir='ltr'>pro</span> <span class='ocrx_word' id='word_1_246' title='bbox 2191 3255 2309 3313; x_wconf 84' lang='lat' dir='ltr'>alio</span> <span class='ocrx_word' id='word_1_247' title='bbox 2341 3254 2834 3314; x_wconf 74' lang='lat' dir='ltr'>demonstrantes,</span> <span class='ocrx_word' id='word_1_248' title='bbox 2884 3255 3071 3329; x_wconf 77' lang='lat' dir='ltr'>Quor·</span> 
     </span>
     <span class='ocr_line' id='line_1_31' title="bbox 826 3335 3070 3410; baseline -0.001 -13.999"><span class='ocrx_word' id='word_1_249' title='bbox 826 3359 949 3399; x_wconf 76' lang='lat' dir='ltr'>sum</span> <span class='ocrx_word' id='word_1_250' title='bbox 989 3340 1141 3397; x_wconf 85' lang='lat' dir='ltr'>haec</span> <span class='ocrx_word' id='word_1_251' title='bbox 1180 3343 1378 3395; x_wconf 82' lang='lat' dir='ltr'>autem</span> <span class='ocrx_word' id='word_1_252' title='bbox 1422 3337 1564 3394; x_wconf 89' lang='lat' dir='ltr'>mihi</span> <span class='ocrx_word' id='word_1_253' title='bbox 1602 3337 1925 3396; x_wconf 79' lang='lat' dir='ltr'>dicuntur?</span> <span class='ocrx_word' id='word_1_254' title='bbox 1977 3343 2044 3395; x_wconf 90' lang='lat' dir='ltr'>ut</span> <span class='ocrx_word' id='word_1_255' title='bbox 2080 3354 2154 3394; x_wconf 90' lang='lat' dir='ltr'>ne</span> <span class='ocrx_word' id='word_1_256' title='bbox 2195 3335 2402 3396; x_wconf 88' lang='lat' dir='ltr'>eodem</span> <span class='ocrx_word' id='word_1_257' title='bbox 2440 3353 2544 3396; x_wconf 91' lang='lat' dir='ltr'>nos</span> <span class='ocrx_word' id='word_1_258' title='bbox 2595 3353 2818 3410; x_wconf 86' lang='lat' dir='ltr'>quoque</span> <span class='ocrx_word' id='word_1_259' title='bbox 2867 3336 3070 3409; x_wconf 88' lang='lat' dir='ltr'>inopes</span> 
     </span>
     <span class='ocr_line' id='line_1_32' title="bbox 822 3413 3068 3490; baseline -0.003 -9.984"><span class='ocrx_word' id='word_1_260' title='bbox 822 3419 1098 3486; x_wconf 87' lang='lat' dir='ltr'>monachi</span> <span class='ocrx_word' id='word_1_261' title='bbox 1136 3424 1390 3476; x_wconf 89' lang='lat' dir='ltr'>mentem</span> <span class='ocrx_word' id='word_1_262' title='bbox 1431 3413 1817 3490; x_wconf 68' lang='lat' dir='ltr'>dimittamu3‚</span> <span class='ocrx_word' id='word_1_263' title='bbox 1857 3434 1971 3476; x_wconf 88' lang='lat' dir='ltr'>neu</span> <span class='ocrx_word' id='word_1_264' title='bbox 2010 3433 2210 3475; x_wconf 87' lang='lat' dir='ltr'>eornm</span> <span class='ocrx_word' id='word_1_265' title='bbox 2250 3416 2551 3475; x_wconf 88' lang='lat' dir='ltr'>desiderio</span> <span class='ocrx_word' id='word_1_266' title='bbox 2578 3416 2881 3487; x_wconf 86' lang='lat' dir='ltr'>ducamur,</span> <span class='ocrx_word' id='word_1_267' title='bbox 2919 3417 3068 3490; x_wconf 89' lang='lat' dir='ltr'>quod</span> 
     </span>
     <span class='ocr_line' id='line_1_33' title="bbox 826 3461 3070 3575; baseline -0.002 -15"><span class='ocrx_word' id='word_1_268' title='bbox 826 3517 1190 3575; x_wconf 84' lang='lat' dir='ltr'>nequaquam</span> <span class='ocrx_word' id='word_1_269' title='bbox 1233 3499 1469 3569; x_wconf 83' lang='lat' dir='ltr'>dignum</span> <span class='ocrx_word' id='word_1_270' title='bbox 1498 3499 1580 3557; x_wconf 90' lang='lat' dir='ltr'>sit</span> <span class='ocrx_word' id='word_1_271' title='bbox 1604 3498 1926 3568; x_wconf 83' lang='lat' dir='ltr'>desiderio,</span> <span class='ocrx_word' id='word_1_272' title='bbox 1964 3498 2071 3558; x_wconf 88' lang='lat' dir='ltr'>sed</span> <span class='ocrx_word' id='word_1_273' title='bbox 2098 3499 2369 3571; x_wconf 80' lang='lat' dir='ltr'>planctu3</span> <span class='ocrx_word' id='word_1_274' title='bbox 2410 3499 2549 3571; x_wconf 89' lang='lat' dir='ltr'>quin</span> <span class='ocrx_word' id='word_1_275' title='bbox 2576 3497 2806 3557; x_wconf 89' lang='lat' dir='ltr'>oculis</span> <span class='ocrx_word' id='word_1_276' title='bbox 2791 3517 2850 3556; x_wconf 84' lang='grc' dir='ltr'>ιιι</span> <span class='ocrx_word' id='word_1_277' title='bbox 2867 3461 3070 3556; x_wconf 62' lang='lat' dir='ltr'>&#39;Evan-</span> 
     </span>
     <span class='ocr_line' id='line_1_34' title="bbox 828 3576 3068 3654; baseline -0.001 -15.996"><span class='ocrx_word' id='word_1_278' title='bbox 828 3583 1002 3652; x_wconf 75' lang='lat' dir='ltr'>gelio,</span> <span class='ocrx_word' id='word_1_279' title='bbox 1044 3580 1193 3654; x_wconf 87' lang='lat' dir='ltr'>qnod</span> <span class='ocrx_word' id='word_1_280' title='bbox 1233 3579 1407 3637; x_wconf 85' lang='lat' dir='ltr'>hodie</span> <span class='ocrx_word' id='word_1_281' title='bbox 1436 3578 1517 3636; x_wconf 85' lang='lat' dir='ltr'>sit</span> <span class='ocrx_word' id='word_1_282' title='bbox 1555 3577 1929 3649; x_wconf 88' lang='lat' dir='ltr'>audiendum,</span> <span class='ocrx_word' id='word_1_283' title='bbox 1969 3577 2197 3649; x_wconf 81' lang='lat' dir='ltr'>defixis,</span> <span class='ocrx_word' id='word_1_284' title='bbox 2238 3578 2310 3636; x_wconf 89' lang='lat' dir='ltr'>de</span> <span class='ocrx_word' id='word_1_285' title='bbox 2340 3595 2449 3651; x_wconf 90' lang='lat' dir='ltr'>quo</span> <span class='ocrx_word' id='word_1_286' title='bbox 2477 3583 2542 3636; x_wconf 87' lang='lat' dir='ltr'>et</span> <span class='ocrx_word' id='word_1_287' title='bbox 2566 3583 2844 3637; x_wconf 82' lang='lat' dir='ltr'>cantatus</span> <span class='ocrx_word' id='word_1_288' title='bbox 2864 3576 3068 3638; x_wconf 85' lang='lat' dir='ltr'>Canon</span> 
     </span>
    </p>
   </div>
   <div class='ocr_carea' id='block_1_8' title="bbox 825 3847 3072 4403">
    <p class='ocr_par' dir='ltr' id='par_1_10' title="bbox 825 3847 3072 4082">
     <span class='ocr_line' id='line_1_35' title="bbox 1012 3847 3072 3920; baseline 0 -17"><span class='ocrx_word' id='word_1_289' title='bbox 1012 3848 1051 3915; x_wconf 85' lang='lat'>¹)</span> <span class='ocrx_word' id='word_1_290' title='bbox 1090 3848 1232 3914; x_wconf 82' lang='lat' dir='ltr'>Quae</span> <span class='ocrx_word' id='word_1_291' title='bbox 1269 3849 1353 3903; x_wconf 89' lang='lat' dir='ltr'>hic</span> <span class='ocrx_word' id='word_1_292' title='bbox 1389 3853 1570 3903; x_wconf 86' lang='lat' dir='ltr'>sancto</span> <span class='ocrx_word' id='word_1_293' title='bbox 1608 3849 1827 3920; x_wconf 76' lang='lat' dir='ltr'>martyri</span> <span class='ocrx_word' id='word_1_294' title='bbox 1866 3847 2145 3919; x_wconf 81' lang='lat' dir='ltr'>Hippolyto</span> <span class='ocrx_word' id='word_1_295' title='bbox 2183 3847 2412 3902; x_wconf 83' lang='lat' dir='ltr'>Romano</span> <span class='ocrx_word' id='word_1_296' title='bbox 2449 3848 2760 3910; x_wconf 84' lang='lat' dir='ltr'>tribuuntur.</span> <span class='ocrx_word' id='word_1_297' title='bbox 2799 3849 3072 3920; x_wconf 79' lang='lat' dir='ltr'>desumpta</span> 
     </span>
     <span class='ocr_line' id='line_1_36' title="bbox 827 3926 3071 3998; baseline 0.001 -18.001"><span class='ocrx_word' id='word_1_298' title='bbox 827 3935 946 3984; x_wconf 69' lang='lat' dir='ltr'>sunt</span> <span class='ocrx_word' id='word_1_299' title='bbox 984 3946 1047 3984; x_wconf 88' lang='lat' dir='ltr'>ex</span> <span class='ocrx_word' id='word_1_300' title='bbox 1085 3945 1238 3998; x_wconf 85' lang='lat' dir='ltr'>opere</span> <span class='ocrx_word' id='word_1_301' title='bbox 1278 3930 1450 3998; x_wconf 85' lang='lat' dir='ltr'>spurio</span> <span class='ocrx_word' id='word_1_302' title='bbox 1487 3933 1608 3998; x_wconf 70' lang='grc' dir='ltr'>περὶ</span> <span class='ocrx_word' id='word_1_303' title='bbox 1649 3934 1738 3996; x_wconf 74' lang='grc' dir='ltr'>τῆς</span> <span class='ocrx_word' id='word_1_304' title='bbox 1774 3932 2086 3989; x_wconf 76' lang='grc' dir='ltr'><strong><em>συντελείας</em></strong></span> <span class='ocrx_word' id='word_1_305' title='bbox 2123 3931 2222 3981; x_wconf 80' lang='grc' dir='ltr'>τοῦ</span> <span class='ocrx_word' id='word_1_306' title='bbox 2255 3926 2486 3998; x_wconf 80' lang='grc' dir='ltr'>κόσιιου</span> <span class='ocrx_word' id='word_1_307' title='bbox 2525 3928 2594 3983; x_wconf 85' lang='lat' dir='ltr'>de</span> <span class='ocrx_word' id='word_1_308' title='bbox 2617 3930 3071 3984; x_wconf 70' lang='lat' dir='ltr'>consummanone</span> 
     </span>
     <span class='ocr_line' id='line_1_37' title="bbox 825 4010 2873 4082; baseline -0.002 -15"><span class='ocrx_word' id='word_1_309' title='bbox 825 4011 1032 4078; x_wconf 57' lang='lat' dir='ltr'>munde}</span> <span class='ocrx_word' id='word_1_310' title='bbox 1068 4027 1153 4065; x_wconf 90' lang='lat' dir='ltr'>nn.</span> <span class='ocrx_word' id='word_1_311' title='bbox 1194 4013 1261 4065; x_wconf 87' lang='lat'>19</span> <span class='ocrx_word' id='word_1_312' title='bbox 1299 4015 1353 4065; x_wconf 90' lang='lat' dir='ltr'>et</span> <span class='ocrx_word' id='word_1_313' title='bbox 1390 4013 1474 4065; x_wconf 87' lang='grc'>22.</span> <span class='ocrx_word' id='word_1_314' title='bbox 1550 4013 1698 4082; x_wconf 86' lang='lat' dir='ltr'>Apud</span> <span class='ocrx_word' id='word_1_315' title='bbox 1736 4012 1925 4082; x_wconf 83' lang='lat' dir='ltr'>Migne‚</span> <span class='ocrx_word' id='word_1_316' title='bbox 1963 4012 2106 4067; x_wconf 85' lang='lat' dir='ltr'>Patr.</span> <span class='ocrx_word' id='word_1_317' title='bbox 2145 4027 2225 4078; x_wconf 86' lang='lat' dir='ltr'>gr.</span> <span class='ocrx_word' id='word_1_318' title='bbox 2263 4017 2302 4064; x_wconf 87' lang='lat' dir='ltr'>t.</span> <span class='ocrx_word' id='word_1_319' title='bbox 2344 4012 2428 4068; x_wconf 89' lang='lat'>10</span> <span class='ocrx_word' id='word_1_320' title='bbox 2467 4026 2551 4080; x_wconf 90' lang='lat' dir='ltr'>pp.</span> <span class='ocrx_word' id='word_1_321' title='bbox 2589 4010 2694 4063; x_wconf 87' lang='grc'>919</span> <span class='ocrx_word' id='word_1_322' title='bbox 2731 4026 2873 4080; x_wconf 87' lang='lat' dir='ltr'>seqq.</span> 
     </span>
    </p>

    <p class='ocr_par' dir='ltr' id='par_1_11' title="bbox 826 4089 3070 4227">
     <span class='ocr_line' id='line_1_38' title="bbox 1007 4089 3070 4162; baseline -0.001 -18"><span class='ocrx_word' id='word_1_323' title='bbox 1007 4091 1050 4159; x_wconf 70' lang='lat'>⁸)</span> <span class='ocrx_word' id='word_1_324' title='bbox 1093 4092 1255 4146; x_wconf 84' lang='lat' dir='ltr'>Ambo</span> <span class='ocrx_word' id='word_1_325' title='bbox 1292 4108 1493 4146; x_wconf 81' lang='lat' dir='ltr'>errores</span> <span class='ocrx_word' id='word_1_326' title='bbox 1542 4093 1784 4162; x_wconf 85' lang='lat' dir='ltr'>expuncti</span> <span class='ocrx_word' id='word_1_327' title='bbox 1836 4098 1956 4147; x_wconf 80' lang='lat' dir='ltr'>sunt</span> <span class='ocrx_word' id='word_1_328' title='bbox 2008 4110 2070 4147; x_wconf 82' lang='lat' dir='ltr'>ex</span> <span class='ocrx_word' id='word_1_329' title='bbox 2122 4092 2399 4162; x_wconf 84' lang='lat' dir='ltr'>synaxario</span> <span class='ocrx_word' id='word_1_330' title='bbox 2449 4089 2686 4144; x_wconf 85' lang='lat' dir='ltr'>editionis</span> <span class='ocrx_word' id='word_1_331' title='bbox 2736 4090 3070 4145; x_wconf 84' lang='lat' dir='ltr'>Bononiensis</span> 
     </span>
     <span class='ocr_line' id='line_1_39' title="bbox 826 4174 1139 4227; baseline -0.01 0"><span class='ocrx_word' id='word_1_332' title='bbox 826 4174 943 4227; x_wconf 80' lang='lat' dir='ltr'>unni</span> <span class='ocrx_word' id='word_1_333' title='bbox 986 4174 1139 4227; x_wconf 79' lang='lat'>1724.</span> 
     </span>
    </p>

    <p class='ocr_par' dir='ltr' id='par_1_12' title="bbox 828 4250 3069 4403">
     <span class='ocr_line' id='line_1_40' title="bbox 1007 4250 3069 4322; baseline 0 -19"><span class='ocrx_word' id='word_1_334' title='bbox 1007 4250 1052 4320; x_wconf 79' lang='lat'>⁸)</span> <span class='ocrx_word' id='word_1_335' title='bbox 1106 4251 1181 4304; x_wconf 85' lang='lat' dir='ltr'>Ex</span> <span class='ocrx_word' id='word_1_336' title='bbox 1222 4253 1646 4322; x_wconf 77' lang='lat' dir='ltr'>interpretatione</span> <span class='ocrx_word' id='word_1_337' title='bbox 1685 4254 1976 4309; x_wconf 82' lang='lat' dir='ltr'>Joannis</span> <span class='ocrx_word' id='word_1_338' title='bbox 2013 4252 2399 4308; x_wconf 81' lang='lat' dir='ltr'>Laevineii.</span> <span class='ocrx_word' id='word_1_339' title='bbox 2453 4267 2503 4305; x_wconf 90' lang='lat' dir='ltr'>n.</span> <span class='ocrx_word' id='word_1_340' title='bbox 2551 4252 2650 4314; x_wconf 71' lang='lat'>50,</span> <span class='ocrx_word' id='word_1_341' title='bbox 2708 4251 2843 4321; x_wconf 86' lang='lat' dir='ltr'>apud</span> <span class='ocrx_word' id='word_1_342' title='bbox 2879 4251 3069 4318; x_wconf 77' lang='lat' dir='ltr'>Migne.</span> 
     </span>
     <span class='ocr_line' id='line_1_41' title="bbox 828 4336 1625 4403; baseline -0.001 -15"><span class='ocrx_word' id='word_1_343' title='bbox 828 4336 968 4388; x_wconf 76' lang='lat' dir='ltr'>Patr.</span> <span class='ocrx_word' id='word_1_344' title='bbox 1008 4350 1087 4399; x_wconf 80' lang='lat' dir='ltr'>gr.</span> <span class='ocrx_word' id='word_1_345' title='bbox 1126 4339 1250 4385; x_wconf 90' lang='lat' dir='ltr'>tom.</span> <span class='ocrx_word' id='word_1_346' title='bbox 1290 4336 1375 4387; x_wconf 72' lang='lat'>99.</span> <span class='ocrx_word' id='word_1_347' title='bbox 1415 4351 1463 4403; x_wconf 89' lang='lat' dir='ltr'>p.</span> <span class='ocrx_word' id='word_1_348' title='bbox 1503 4336 1625 4390; x_wconf 72' lang='lat'>577.</span> 
     </span>
    </p>
   </div>
  </div>
 </body>
</html>
