3514 5391
502 1825 505 1826 f
1322 1702 1727 1789 CAPUT
1793 1706 1911 1789 Π.

469 1879 620 1949 DE
686 1876 1110 1947 FESTIS
1170 1876 1814 1947 MOBILIBUS
1873 1880 2166 1948 POST
2226 1881 2494 1951 PAS(

1504 2094 1515 2102 s
1551 2088 1716 2103 x⁴sx.fx

1040 2251 1435 2321 introductio
1485 2252 1546 2320 in
1597 2251 2224 2329 Pentecostariums

506 2406 868 2464 selectae
919 2401 1290 2474 quaedam
1341 2402 1691 2460 notiones
1740 2403 2136 2474 paschales
2186 2417 2279 2461 ex
2318 2417 2494 2475 com*

1137 2500 1639 2558 ecclesiastico
1688 2501 2099 2571 repetitae..

1499 2708 1710 2722 lvx-asKs-

646 2854 703 2920 Ι.
777 2854 880 2917 De
929 2852 1334 2917 distinctione
1393 2853 1559 2916 inter
1606 2849 2065 2916 solemnitatem
2112 2854 2494 2918 Restm-recti<

450 2954 702 3036 festum
761 2951 1105 3016 Pasckatis

654 3076 1017 3141 vetustiora
1045 3030 1422 3140 Kalendaria
1470 3096 1610 3141 cum
1642 3075 2106 3162 Martyrologiis
2155 3076 2494 3163 plerisque

461 3175 988 3240 &surrectionis
1018 3174 1391 3237 Dominicae
1422 3195 1458 3238 a·
1488 3172 1883 3239 solemnitate
1904 3174 2206 3260 paschali
2229 3175 2494 3260 distingu

459 3274 614 3339 illud
687 3273 856 3337 enim
920 3272 1097 3337 festis
1163 3271 1587 3336 immobilibus
1652 3277 2016 3351 accensent,
2088 3273 2183 3337 cui
2252 3274 2490 3358 agendo

459 3371 571 3436 27.
627 3370 847 3435 Martii
898 3370 1215 3456 assignant
1237 3369 1323 3453 ²);
1374 3370 1621 3435 Pascha
1668 3392 1831 3448 vero,
1883 3375 1951 3435 ut
1984 3375 2124 3435 ante
2148 3372 2454 3457 Hebraeis

459 3470 551 3535 sic
600 3469 839 3534 deinde
889 3467 1258 3535 Christianis
1304 3467 1533 3534 festum
1586 3470 1814 3535 mobile
1863 3491 1971 3535 seu
2007 3472 2494 3554 conceptivums

461 3569 619 3645 fuit;
675 3586 1057 3650 quamquam
1105 3567 1171 3631 hi
1220 3567 1546 3650 aliquando
1595 3569 1659 3632 in
1707 3567 1840 3650 ejus
1887 3569 1986 3632 die
2035 3569 2417 3653 designando
2467 3569 2494 3632 i

466 3697 545 3705 -φ,
563 3698 636 3703 —-
656 3697 708 3702 7—

661 3747 701 3811 ¹)
742 3745 891 3799 Hanc
930 3746 980 3797 in
1018 3761 1126 3799 rem
1166 3745 1474 3799 consulenda
1510 3747 1603 3800 tibi
1642 3750 1764 3800 sunt
1801 3763 1930 3815 quae
1968 3750 2087 3815 post
2123 3746 2491 3800 Bollandia

465 3827 577 3882 dies
619 3827 712 3882 25.
756 3827 936 3894 (supra
974 3841 1024 3893 p.
1061 3825 1191 3891 254)
1232 3835 1286 3877 et
1323 3826 1407 3880 27.
1448 3825 1621 3880 Martii
1661 3826 1912 3896 (ejusdem
1950 3826 2138 3880 mensis
2167 3832 2303 3880 tomo
2328 3828 2379 3894 3,
2418 3843 2466 3896 p.

465 3906 701 3977 antiquis
741 3904 1068 3958 Kalendariis
1106 3903 1462 3973 Neapolitanis
1501 3910 1553 3958 et
1579 3906 1764 3960 Siculis
1803 3908 2036 3960 enotavit
2062 3907 2481 3973 Mazochius,

465 3986 593 4041 dar.
637 3985 914 4054 Neapolit.
953 3982 991 4037 t.
1025 3986 1071 4045 1,
1111 4000 1160 4052 p.
1190 3986 1318 4050 113;
1359 3985 1581 4055 itemque
1607 3986 1857 4056 legendae
1884 3987 2351 4041 animadversiones
2378 3987 2494 4041 Rui

465 4066 522 4120 in
559 4085 611 4121 3.
655 4068 890 4135 Greqor.
934 4063 1220 4130 Toronen„
1256 4063 1469 4118 Histor.
1510 4065 1777 4121 Francor.
1815 4067 1850 4121 l.
1889 4069 1975 4132 10,
2015 4083 2058 4122 c.
2085 4068 2152 4122 31
2196 4067 2350 4136 (apud
2370 4067 2494 4136 Migr

465 4146 560 4200 lat.
605 4151 644 4199 t.
685 4147 772 4211 71,
813 4161 863 4213 p.
903 4144 1057 4210 566);
1115 4160 1208 4197 nec
1245 4144 1409 4197 minus
1446 4146 1665 4202 videnda
1702 4163 1835 4216 quae
1873 4147 2225 4200 Alemanni
2274 4147 2483 4216 scripsit

466 4226 687 4280 lendar.
726 4224 1001 4294 puqtllar.
1057 4223 1121 4276 ad
1170 4223 1217 4276 d.
1257 4225 1341 4277 25.
1379 4224 1532 4281 Mart.
1593 4227 1747 4296 (apud
1787 4226 1920 4293 Mai,
1973 4225 2122 4280 Nova
2161 4226 2260 4280 ΡΡ.
2311 4226 2494 4322 bibliot

468 4311 607 4375 part.
646 4307 697 4372 2,
738 4322 791 4375 p.
832 4298 1099 4369 XXXIX).
1268 4320 1289 4361 ’.

658 4384 703 4453 ⁸)
746 4385 884 4439 Hinc
923 4399 1236 4453 consequens
1274 4386 1388 4453 fuit,
1445 4391 1503 4440 ut
1554 4388 1618 4441 ad
1669 4386 1881 4441 eandem
1931 4386 2128 4439 numeri
2174 4386 2425 4440 rationem
2464 4401 2494 4440 A

468 4466 700 4521 Domini
736 4465 1138 4534 consignaretur
1174 4465 1343 4525 dieb.
1380 4468 1520 4540 maji,
1558 4469 1911 4523 Pentecoste-s
1948 4470 2121 4520 autem
2160 4467 2240 4521 die
2281 4467 2364 4521 15.
