3514 5391
726 523 983 590 Κυριακή
1019 517 1086 584 β’.
1125 524 1235 573 τῶν
1270 522 1546 586 νηστειῶν.
1625 519 1907 579 Dominica·
1932 518 1996 574 Π.
2033 518 2488 588 Quadsagesimae.
2642 518 2746 575 125

493 716 919 779 ecclesiastica
952 717 1210 777 relatum
1237 716 1423 785 vides,
1480 715 1677 779 Exiis
1703 716 1962 789 exempli
1986 731 2173 775 causa
2199 714 2555 789 afferrimus‚
2594 714 2745 787 quod

501 799 989 872 approbationem
1029 796 1386 856 Consistorii
1424 796 1905 858 Cernoviciensis
1941 795 2272 870 praefixam
2311 795 2512 865 habet,
2569 788 2745 850 Galin-

498 879 646 933 dariu
675 896 758 949 pe
800 879 938 934 anal
972 876 1262 933 ordinaria
1303 878 1468 943 1879,
1505 877 1757 949 rediqeat
1795 875 1867 934 de
1905 875 2148 937 Miron
2186 875 2264 937 Μ.
2295 873 2743 947 CalineseU,

494 959 825 1014 secretariul
857 958 1133 1014 societatii
1152 959 1377 1029 pe’ntru
1416 954 1631 1014 cultura
1670 960 1726 1013 st
1757 953 2070 1013 literatura*
2092 959 2306 1012 romtna
2353 959 2411 1011 tn
2450 958 2744 1025 Bne-ovina,

493 1038 585 1097 ubi
637 1038 744 1097 ad·
777 1039 1152 1113 praedictum
1189 1039 1363 1098 -diem
1417 1040 1502 1097 14.
1540 1038 1828 1098 Novemb.
1878 1044 2086 1096 sancto
2130 1034 2419 1112 Philippo
2448 1037 2744 1111 Apostolo

495 1120 802 1188 Gregorius
836 1120 1109 1177 Putamus
1145 1124 1210 1179 et
1247 1119 1403 1179 alius
1441 1118 1679 1192 quidam
1711 1117 1939 1177 dubiae
1966 1117 2107 1177 fidei
2140 1122 2460 1190 neomartyr
2487 1120 2744 1191 Constan-

491 1198 702 1268 tina3¹)
742 1201 892 1258 socii
931 1200 1246 1260 adduntur.
2132 1229 2139 1235 ·
2391 1253 2395 1256 ,

668 1278 998 1339 Caeterum
1037 1288 1245 1352 repete
1297 1296 1447 1353 quae
1501 1280 1574 1358 de
1611 1279 1852 1339 haeresi
1888 1279 2258 1340 Palamitica
2310 1276 2742 1354 disputavimus

493 1370 647 1419 tomo
687 1362 740 1439 l,
791 1370 885 1435 pp.
914 1360 1243 1434 *235—238,
1298 1380 1368 1421 ac
1408 1363 1647 1422 consule
1688 1363 1870 1441 etiam
1913 1367 2189 1436 auctores
2236 1361 2457 1421 ibidem
2506 1362 2741 1420 citatos,

494 1439 645 1514 Legi
699 1447 1038 1513 praeterea·
1077 1449 1324 1517 possunt
1379 1460 1528 1516 quae
1578 1441 1649 1500 L.
1689 1442 2050 1502 Allatius
2105 1442 2177 1500 de
2226 1442 2337 1501 hoc
2377 1440 2575 1500 officio
2620 1443 2745 1501 late

495 1520 708 1579 scribit
745 1521 807 1579 in
844 1522 1124 1577 Examine
1165 1523 1393 1590 Τι’ίοᾱὶἱ,
1442 1532 1538 1580 nn'.
1577 1522 1862 1581 194—218
1910 1522 2091 1595 (apud
2133 1522 2441 1583 Fabric.
2482 1523 2742 1578 Biblioth.

490 1618 578 1671 qr.
613 1602 721 1661 lib.
757 1602 798 1659 ὂ
834 1603 1087 1676 append.
1125 1620 1218 1678 pp.
1257 1603 1585 1693 134-149).
2606 1628 2611 1633 ·

670 1726 799 1786 Per
823 1728 1195 1788 occasionem
1222 1727 1406 1788 officii
1429 1727 1775 1803 praesentis
1790 1727 1913 1786 diei
1926 1692 2274 1800 illessitimis
2301 1728 2744 1789 mutationibus,

495 1814 558 1866 ut
584 1808 809 1868 dictum
837 1815 951 1880 est,
991 1809 1325 1883 depravati,
1365 1808 1478 1869 duo
1503 1807 1654 1867 haee
1680 1807 1945 1867 notanda
1973 1822 2298 1881 censemus,
2327 1824 2477 1881 quae
2498 1809 2744 1868 lectoris

499 1889 885 1963 antiquitatis
924 1890 1340 1971 agnoscendae
1380 1889 1630 1971 studiosi
1668 1906 1841 1949 nosse
1880 1885 2256 1953 interfuerit:

674 1981 721 2037 l.
761 1978 1099 2053 Perperam
1135 1980 1365 2038 omnino
1405 1995 1478 2037 ac
1515 1976 1672 2037 falso
1704 1976 1929 2037 Graeci
1972 1974 2045 2035 de
2083 1970 2344 2049 genuina
2382 1974 2741 2051 antiquitate

495 2059 550 2116 in
592 2059 813 2118 divinis
852 2059 1071 2118 officiis
1129 2065 1306 2132 atque
1345 2059 1405 2117 in
1442 2058 1875 2123 ecclesiasticis
1915 2057 2309 2119 caeremoniis
2348 2059 2563 2132 ubique
2586 2076 2643 2125 ,a
2680 2078 2743 2118 se

495 2146 702 2198 sancte
742 2141 1006 2200 servatis
1043 2139 1294 2212 gloriari
1333 2140 1544 2197 solent.
1617 2138 1737 2197 Vel
1789 2154 1908 2197 una
1956 2137 2108 2196 haec
2158 2138 2390 2198 novitia
2440 2139 2745 2193 ἀκολουθία

494 2220 794 2279 secundae
823 2220 1188 2294 jejuniorum
1226 2218 1599 2290 Dominicae,
1637 2235 1812 2291 quam
1852 2234 1980 2277 cum
2018 2216 2255 2278 sincero
2292 2219 2519 2279 veteris
2558 2222 2744 2280 eccle-

494 2300 618 2359 siae
657 2316 926 2373 graecae
965 2300 1162 2360 officio
1199 2299 1618 2375 poenitentiali
1654 2306 1879 2367 temere
1918 2304 2369 2373 commutarunt,
2420 2317 2525 2371 nos
2562 2319 2742 2361 onere

495 2381 678 2453 levat,
715 2398 848 2440 rem
888 2381 1129 2440 aliunde
1170 2380 1479 2453 probandi.
1555 2380 1780 2454 Quodsi
1818 2386 2020 2439 tamen
2058 2376 2431 2440 collibuisset
2498 2383 2624 2441 alia
2660 2383 2744 2441 in-

497 2479 673 2536 super
721 2462 924 2522 videri
973 2467 1217 2538 possent
1265 2460 1325 2519 in
1368 2460 1619 2520 eandem
1657 2478 1941 2534 graecam
1979 2460 2238 2527 novandi
2278 2425 2667 2537 cupiditatem
2709 2480 2744 2521 a

501 2542 659 2601 nobis
719 2543 1147 2616 animadversa
1201 2542 1263 2599 in
1323 2540 1718 2613 „zeitschrift
1778 2540 1882 2601 fiir
1935 2540 2097 2604 kath.
2140 2540 2529 2625 'Theologie‘ss
2588 2544 2728 2602 1894

507 2637 581 2697 pp.
619 2623 924 2683 267—268
961 2630 1026 2682 et
1061 2623 1361 2682 736—737.
1747 2670 1752 2675 .
1988 2668 1997 2673 -
2148 2673 2152 2677 4
2206 2635 2232 2677 .’

666 2705 721 2764 2.
773 2704 977 2767 Haud·
997 2704 1293 2764 immerito
1329 2703 1515 2763 Russi
1552 2704 1666 2774 illi,
1724 2704 1851 2776 qui,
1894 2704 2143 2778 patriae,
2169 2704 2421 2776 ‘gloriae
2473 2705 2742 2778 studiosi,

500 2800 672 2843 sanas
711 2784 1112 2856 antiquitates
1164 2783 1610 2844 ecclesiasticas
1663 2786 1861 2859 gentis
1900 2785 2371 2857 suae-religiose
2413 2786 2742 2845 custoditas

497 2866 738 2930 vellent.
781 2872 1220 2938 conqueruntur
1258 2882 1330 2924 ac
1369 2865 1703 2940 deplorant,
1742 2865 1895 2939 quod
1933 2863 2245 2924 Slavorum
2283 2867 2741 2939 posterisplen·

497 2945 692 3004 dorem
745 2949 1023 3004 veterum
1081 2962 1153 3006 ac
1204 2946 1589 3019 genuinorum
1648 2947 1933 3006 librorum
1987 2944 2395 3018 liturgicarum
2449 2948 2742 3006 ecclesiae

495 3041 632 3084 suae
660 3024 858 3084 foedis
885 3026 1020 3085 istis
1045 3027 1295 3086 maculis
1319 3026 1557 3100 graecis
1588 3027 1960 3100 asperserint
1995 3042 2067 3084 ac
2091 3026 2468 3086 venerandas
2487 3026 2739 3086 Patrum

497 3106 909 3165 caeremonias
949 3123 1096 3166 ausu
1133 3107 1457 3168 temerario
1494 3106 1839 3180 polluerint.
1913 3106 2141 3167 Videas
2180 3108 2529 3180 exemplum·
2552 3108 2612 3185 in
2641 3109 2738 3166 cit.

497 3184 929 3254 „zeitschrift“
970 3187 1127 3258 1894,
1165 3206 1258 3262 pp.
1284 3187 1573 3247 274—275
1604 3187 1833 3260 junctis
1859 3204 2011 3260 quae
2040 3187 2328 3247 adnotata
2353 3196 2491 3247 sunt
2514 3196 2670 3247 tomo
2694 3190 2741 3247 l.

495 3265 668 3339 hujus
707 3267 932 3340 operiS,
967 3267 1062 3341 pp.
1101 3265 1523 3329 XL1÷XLIL
1623 3339 1628 3344 ¹
2556 3321 2563 3328 .

673 3384 1009 3451 Dominica
1050 3384 1135 3452 ΙΙ.
1192 3385 1751 3473 Quadragesimae,
1817 3386 1894 3451 ab
1939 3384 2203 3452 Introitu
2251 3386 2484 3453 Missae
2534 3387 2739 3453 Remi·

503 3481 762 3563 niscere,
812 3483 890 3548 ab
939 3482 1298 3569 EvangeliO,
1350 3485 1516 3568 quod
1564 3483 1711 3548 olim
1759 3503 1833 3549 ex
1881 3474 2272 3567 praecedenti
2322 3485 2475 3551 feria
2520 3486 2596 3553 V.
2647 3508 2743 3551 re—

503 3580 825 3662 petebatur
846 3581 923 3667 2),
999 3578 1421 3647 Chananaeae
1466 3582 1661 3657 dicta,
1727 3582 1791 3646 in
1854 3583 2122 3666 antiquis
2184 3580 2356 3654 libris
2417 3585 2743 3652 ritualibus

505 3677 816 3746 Ecclesiae
863 3679 1090 3746 latinae
1137 3681 1494 3747 inscribitur
1554 3680 1772 3745 Vacat.
1864 3719 1871 3726 -

677 3787 854 3869 Quod
903 3787 1080 3852 multi
1127 3787 1552 3874 liturgicarum
1584 3808 1792 3853 rerum
1825 3789 2194 3872 interpretes
2225 3808 2367 3854 cum
2392 3751 2739 3855 Durando

507 3882 542 3950 1.
590 3907 641 3951 e.
691 3906 828 3970 cap.
878 3886 987 3964 39,
1035 3907 1094 3952 n.
1149 3887 1207 3952 1.
1258 3888 1460 3971 ajunt,
1523 3887 1601 3950 ob
1667 3906 1804 3952 eam
1853 3887 2157 3960 rationem
2218 3887 2352 3952 dies
2397 3887 2740 3952 dominicos

682 4084 723 4148 ¹)
763 4081 843 4136 De
881 4097 943 4134 eo
980 4083 1226 4137 videndus
1263 4083 1642 4141 Martino'v.
1681 4085 1785 4138 An.
1824 4084 2008 4138 coclea.
2042 4100 2130 4154 qr.
2168 4083 2301 4138 slav.
2339 4085 2404 4138 ad
2442 4083 2491 4138 h.
2531 4083 2579 4137 d.
2653 4083 2739 4137 Di-

505 4160 633 4215 citur
667 4167 846 4216 autem
884 4160 1081 4216 dubiae
1106 4162 1248 4233 fidei
1280 4167 1516 4233 martyr,
1553 4165 1671 4233 quia
1708 4165 1937 4220 lauream
1974 4176 2073 4219 uon
2104 4169 2190 4218 est
2215 4164 2436 4234 adeptus
2471 4165 2740 4233 pugnando

507 4240 734 4311 νομικόν
771 4241 978 4309 ἀγῶνα,
1013 4242 1313 4313 leqitimam
1339 4260 1603 4313 pugnam,
1640 4245 2062 4315 quemadmodum
2088 4245 2221 4300 hanc
2248 4245 2296 4298 in
2322 4246 2460 4297 veris
2488 4243 2581 4297 Dei
2608 4261 2738 4298 mal·-

502 4321 698 4390 tyribus
736 4321 988 4374 describit
1015 4339 1057 4376 S.
1078 4322 1301 4390 Grego
1318 4325 1416 4377 riu
1433 4342 1457 4376 s
1483 4324 1530 4377 N
1545 4326 1804 4379 azianz.
1844 4341 1923 4379 or.
1947 4325 2042 4382 43.
2070 4325 2295 4394 [πηρὸν.
2317 4325 2370 4380 in
2401 4343 2446 4378 s,
2470 4324 2646 4378 Basil.
2663 4325 2738 4378 M.

497 4416 544 4454 n.
581 4403 644 4466 63
684 4401 828 4471 apud
866 4400 1054 4470 Migne,
1091 4402 1234 4456 Patr.
1273 4421 1352 4469 gr.
1392 4410 1430 4458 t.
1469 4407 1555 4470 36,
1594 4422 1677 4474 pp.
1715 4406 2020 4459 499—502.

675 4482 721 4552 ²)
765 4481 878 4535 cfr.
917 4480 1207 4535 Durand.
1247 4484 1279 4536 ι.
1318 4501 1362 4538 0.
1401 4501 1512 4553 cap.
1550 4487 1636 4551 39,
1677 4473 1725 4541 ιἰ.
1768 4487 1817 4539 1.
