3514 5391
778 465 886 528 244
1426 462 1587 528 Festa
1622 465 1832 527 mobilia
1867 465 1919 526 in
1956 462 2379 541 Quadragesima.

1096 669 1247 746 τούς
1292 668 1445 747 σούς
1490 669 1855 755 ὑπερεῖδενς

1079 767 1173 833 ’Ὠ
1219 768 1446 834 πόσων
1492 768 1763 852 ἀγαθῶν

1098 866 1398 956 ἀμνήμων
1445 864 1660 951 ἐγένου
1674 873 1700 932 !

1094 962 1202 1030 καὶ
1250 970 1368 1030 σοῦ
1411 963 1529 1049 μὲν
1578 963 1612 1053 1¹5
1658 964 2003 1051 ἀχάριστος

1095 1061 1526 1150 στηλιτεῦεται
1574 1062 1806 1152 γνώμη·

1097 1160 1292 1227 αὐτοῦ
1338 1160 1408 1226 δὲ
1456 1160 1491 1225 2¹³
1539 1157 1915 1238 ἀνείκαστος

1091 1254 1511 1346 μακροθυμία
1556 1259 1930 1348 κηρύττεται

1093 1357 1202 1423 καὶ
1245 1357 1322 1423 τὸ
1368 1357 1530 1444 μέγα
1576 1353 1773 1434 ἔλεος.

949 1519 1264 1602 Quaenam
1312 1525 1373 1586 te
1421 1521 1607 1598 ratio,
1671 1521 1882 1598 Juda,
1932 1519 2267 1585 Salvatoris
2328 1521 2706 1603 proditorem
2767 1520 3015 1587 effecit?

773 1620 1094 1704 Numquid
1150 1619 1254 1684 ille
1312 1619 1388 1682 ab
1437 1618 1881 1701 Apostolorum
1948 1623 2009 1682 te
2070 1616 2260 1682 choro
2323 1617 2722 1703 segregavit?
2813 1620 3014 1685 Num-

773 1719 920 1802 quid
968 1719 1302 1783 sanitatum
1348 1721 1410 1782 te
1455 1717 1657 1802 gratia
1702 1715 2009 1799 privavit?
2104 1715 2428 1800 Numquid
2489 1736 2682 1800 quum
2730 1723 3018 1784 coenaret

771 1838 893 1882 una
940 1835 1082 1882 oum
1130 1815 1272 1893 illis,
1320 1836 1355 1880 a
1401 1835 1620 1880 mensa
1666 1821 1726 1880 te
1775 1814 2049 1898 expulit?
2140 1814 2464 1898 Numquid
2513 1814 2774 1880 aliorum
2821 1836 3016 1900 quum

769 1915 1037 1993 lavisset,
1097 1915 1288 1999 pedes
1349 1920 1488 1979 tuos
1545 1912 1865 1999 neglexit?
1960 1912 2010 1977 O
2071 1919 2443 1996 quantorum
2505 1913 2707 1979 faetus
2769 1934 2836 1980 es
2896 1915 3010 1980 im·

772 2034 1011 2078 memor
1058 2013 1536 2080 benefic-iorum!
1606 2017 1668 2077 et
1728 2015 1904 2076 tuum
1967 2032 2116 2076 sane
2179 2010 2505 2077 eonsilium
2553 2012 2865 2097 ingratum
2919 2013 3014 2078 in·

771 2110 958 2177 famia
987 2117 1265 2176 notatur:
1316 2111 1481 2177 illius
1520 2116 1725 2177 autem
1760 2112 2152 2195 praedicatur
2182 2111 2687 2197 incomparabilis
2719 2113 3014 2196 patientia

770 2215 832 2274 et
877 2210 1303 2276 misericordia
1349 2230 1595 2295 magna.

1281 2346 1790 2441 Ἀντίφωνον
1839 2351 1916 2441 η’.
2006 2346 2253 2434 Ἢχος
2296 2352 2385 2436 β’.
2417 2353 2485 2439 ¹).

1086 2472 1361 2558 Εἴπατε,
1410 2476 1802 2564 παράνομοι·

1201 2573 1279 2640 Τι’
1328 2574 1639 2663 ἠκούσατε

1194 2674 1374 2761 παρὰ
1420 2679 1536 2740 τοῦ
1588 2678 1882 2762 Σωτῆρος
1928 2673 2140 2763 ἡμιῦνς

1190 2772 1265 2839 οὗ
1310 2772 1535 2859 Νόμον
1581 2772 1870 2855 ἐξέθετο,

1190 2871 1296 2937 καὶ
1342 2878 1471 2938 τῶν
1515 2878 1871 2961 προφητῶν
1914 2872 1998 2937 τὰ
2045 2872 2449 2956 &deifico-coc,-

1191 2975 1333 3049 πῶς
1378 2962 1491 3035 οὖν
1536 2966 1929 3056 ἐλογίσασθε

1189 3068 1459 3155 Πιλάτῳ
1502 3069 1911 3155 παραδοῦναι

1189 3166 1306 3231 τὸν
1351 3165 1421 3231 ἐκ
1474 3169 1641 3233 Θεοῦ
1693 3167 1860 3234 Θεὸν
1905 3166 2152 3250 Λόγον,

1189 3263 1296 3330 καὶ
1350 3265 1703 3353 Λιτρωτιζν
1746 3271 1876 3331 τῶν
1925 3270 2146 3354 ψυχῶν
2191 3263 2399 3353 ἡμιῦνς

942 3427 1163 3505 Dicite,
1198 3427 1412 3510 iniqui,
1455 3428 1753 3513 quidnam
1785 3449 1822 3492 a
1842 3427 2161 3493 Salvatore
2188 3432 2399 3493 nostro
2426 3425 2731 3492 audistis?
2779 3426 3002 3491 Nonne

763 3526 967 3610 legem
1015 3544 1087 3590 ac
1134 3526 1511 3591 documenta
1555 3525 2012 3611 Prophetarum
2063 3526 2394 3611 exposuit?
2487 3526 2809 3608 Quomodo
2855 3545 3002 3610 ergo

768 3623 1061 3700 Verbum,
1124 3624 1289 3708 quod
1337 3643 1413 3689 ex
1461 3624 1594 3689 Deo
1642 3629 1738 3690 est
1785 3630 1848 3689 et
1893 3630 2141 3690 nostras
2190 3625 2428 3689 animas
2474 3625 2740 3701 redimit,
2805 3623 3001 3689 Pilato

763 3722 1009 3787 tradere
1058 3723 1379 3808 cogitastis
1394 3722 1426 3787 ?

1401 3848 1407 3856 ’
1562 3857 1797 3946 Ἢχος
1843 3864 1878 3926 ὃ
1928 3863 2190 3943 αὐτός.

1298 3989 1768 4078 Σταυρωθήτω,
1817 3985 2084 4076 ἔκραζον

1397 4084 1457 4153 οἱ
1506 4091 1635 4151 τῶν
1681 4092 1814 4152 σιῖν
1858 4089 2269 4174 χαρισμάτων

1400 4183 1499 4250 ἀεὶ
1548 4182 1997 4274 ἐντρυφῶντες,

947 4425 983 4492 ⁸)
1025 4424 1146 4479 Tria
1171 4443 1301 4496 quae
1328 4434 1612 4499 sequuntur
1640 4430 1870 4501 troparia
1900 4435 2174 4487 occurrunt
2198 4434 2336 4487 inter
2360 4431 2559 4503 Evang.
2576 4434 2627 4488 3.
2654 4440 2708 4489 et
2735 4433 2993 4502 Evang.4.
