3514 5391
842 489 948 544 424
1557 487 1715 540 Festa
1751 485 1958 540 mobilia
1995 492 2113 555 post
2152 485 2367 539 Pascha.

1880 600 2011 606 -—·--
2122 601 2137 606 -
2218 599 2231 605 -
2250 601 2265 605 -
2296 599 2349 604 -.--
2520 598 2569 604 ..—
2594 596 2837 602 j-Q-4—..-
2974 595 2985 600 -
3036 589 3082 600 -0

1117 601 1372 610 ——-—-————
1441 602 1472 607 -

938 775 1311 863 Κυριακὴ
1369 780 1517 840 τῶν
1579 768 1825 857 ἁγίων
2021 774 2461 839 Dominica
2494 772 2608 839 SS.
2644 772 3083 837 Trinitatis.

1190 893 1543 939 παντων.

1024 1018 1224 1083 Slav.
1279 1018 1560 1106 Nedelja
1602 1018 1779 1084 υεὲοΙι
1810 1017 2127 1106 cujatych;
2174 1037 2467 1082 rumen.
2515 1015 2887 1079 Dominec'a
2934 1023 3088 1079 totu-

843 1141 1000 1182 roru
1047 1115 1398 1220 santilorm
1447 1118 1652 1183 arab.
1705 1116 1930 1217 ᾼσΙιαᾱ
1974 1116 2183 1180 datam&
2226 1112 2620 1201 ‘elqiddin'w

1023 1261 1094 1326 In
1142 1261 1608 1362 Pentecostario
1656 1263 1889 1326 festum
1935 1262 2324 1326 enuntiatur:

960 1391 1052 1474 Τῇ
1082 1385 1355 1473 σήμερον
1385 1383 1604 1473 ἡμέρᾳ,
1652 1389 1918 1472 κυριακῇῚ
2129 1385 2466 1449 Hodierna
2527 1384 2664 1463 die,
2749 1383 3095 1447 Dominica

845 1484 1008 1569 μετὰ
1069 1483 1183 1572 τὴν
1247 1481 1728 1572 Πεντηκοστήν,
1802 1482 1917 1547 τὴν
2013 1494 2166 1571 post
2211 1484 2612 1552 Pentecosten
2631 1532 2647 1564 ‚
2708 1483 2934 1569 ubique
2973 1505 3098 1569 per

843 1588 974 1649 τῶν
1020 1581 1398 1663 ἁπανταχοῦ
1454 1586 1567 1670 τῆς
1619 1576 1914 1665 οἶκουμέ-
2022 1584 2382 1647 universum
2401 1592 2712 1646 terrarum
2736 1581 2947 1646 orbem
2966 1582 3096 1645 ατί-

848 1706 974 1770 νης,
1023 1680 1092 1747 ἐν
1133 1676 1347 1768 Ἀσίᾳ,
1395 1680 1623 1769 Λιβύῃ
1661 1678 1770 1745 καὶ
1803 1677 1914 1744 Εὐ·
2024 1683 2334 1765 utentium,
2382 1683 2510 1746 sive
2555 1682 2628 1746 in
2658 1680 2824 1746 Asia
2866 1682 3099 1746 sivein

846 1779 1063 1870 ρώπῃ,
1127 1783 1342 1867 Βοῤῥᾷ
1398 1804 1470 1844 τε
1528 1777 1637 1844 καὶ
1698 1777 1912 1864 Νότῳ,
2026 1780 2251 1868 Libya,
2285 1780 2503 1845 sivein
2523 1780 2806 1866 Europa,
2833 1778 3098 1866 Septen-

847 1875 1041 1963 ἆγίων
1100 1878 1365 1944 πάντων
1426 1875 1648 1966 ἑορτὴν
1693 1874 1917 1964 ἑορτά·
2028 1879 2230 1944 triom
2277 1889 2464 1964 atque
2511 1877 2768 1958 Austro,
2831 1877 3098 1943 Sancto·

844 1977 1053 2061 ζομεν.
1264 2004 1272 2010 ·
2024 2000 2166 2042 rum
2211 1978 2486 2042 omnium
2531 1976 2698 2043 diem
2727 1977 2976 2065 festum
3008 2002 3098 2043 ce·

2026 2074 2360 2141 lebramus.

1027 2202 1240 2267 Primo
1288 2203 1600 2268 dominico
1647 2203 1767 2281 die,
1818 2203 1922 2287 qui
1970 2202 2270 2268 solemnia
2316 2203 2718 2268 Pentecostes
2766 2202 3101 2288 subsequi·

849 2307 969 2377 tur,
1021 2301 1284 2368 ecelesia
1328 2313 1554 2387 graeca
1600 2302 1843 2388 insiqni
1887 2324 1962 2365 ac
1999 2301 2515 2388 splendidissimo
2547 2300 2725 2388 festo
2753 2303 2802 2386 ¹)
2849 2302 3100 2366 immor·

849 2399 1010 2465 tales
1053 2398 1205 2464 illos
1232 2399 1540 2488 flosculos
1584 2400 1911 2463 universos
1957 2399 2198 2480 recolit,
2264 2421 2416 2485 quos
2466 2408 2630 2462 totus
2678 2399 2849 2463 orbis
2898 2412 3101 2465 terra·

845 2521 1006 2578 rum,
1045 2497 1433 2586 perennibus
1481 2497 1765 2585 Spiritus
1826 2499 2032 2562 sancti
2072 2498 2299 2585 fluviis
2358 2498 2668 2584 irriqatus
2683 2549 2696 2575 ‚
2754 2498 3101 2584 produxit,

850 2599 1378 2683 quemadmodum
1443 2597 1601 2662 Leo
1665 2597 2146 2682 imperator,
2216 2596 2630 2682 (886—911)
2679 2603 3102 2682 cognomento

846 2701 963 2760 τοῦ
1014 2694 1438 2785 Σοφωτάτου,
1507 2695 1818 2779 obJeetum
1884 2695 2221 2762 hodiernae
2282 2694 2692 2762 solemnitatis
2753 2692 2971 2776 effert,
3038 2698 3100 2763 in

849 2806 1012 2862 orat.
1038 2797 1108 2859 in
1133 2818 1342 2859 omnes
1363 2793 1504 2874 SS„
1536 2816 1572 2859 a
1594 2796 1888 2862 Gretsero
1914 2794 2213 2859 translata
2235 2798 2385 2860 tom.
2415 2794 2516 2873 15,
2544 2816 2647 2880 pp.
2670 2794 2801 2860 329
2822 2814 3007 2880 seqq.
3028 2795 3100 2879 ²).

1028 2902 1210 2968 Initio
1259 2903 1510 2987 quidem
1542 2900 1727 2968 OPoli
1777 2903 1911 2968 dies
1956 2921 2133 2967 saeer
2179 2906 2314 2967 erat
2358 2903 2697 2968 memoriae
2744 2913 3104 2991 martyrum

851 3001 1040 3065 totius
1088 3000 1260 3065 orbis
1280 3000 1367 3086 ⁸);
1417 3006 1632 3084 postea
1676 3020 1824 3066 vero
1872 3005 2148 3066 mutatus
2179 3008 2275 3066 est
2320 3000 2461 3066 festi
2497 3001 2712 3066 titulus
2753 3002 3103 3086 appellata·

850 3119 970 3183 que
1018 3098 1378 3167 solemnitas
1408 3102 1536 3162 τῶν
1573 3092 1768 3179 ἁγίων
1808 3096 2090 3177 πάντων,
2142 3097 2519 3163 Sanctorum
2563 3101 2860 3180 omnium,
2911 3121 3099 3186 quam

851 3196 1059 3261 Latini
1109 3196 1353 3280 agimus
1400 3197 1698 3263 Kalendis
1745 3198 2218 3277 novembribu8‚
2283 3199 2807 3282 quemadmodum
2859 3201 3100 3266 dietum

851 3298 946 3359 est
992 3314 1183 3378 supra
1226 3300 1394 3359 tomo
1447 3297 1504 3373 1,
1554 3317 1658 3380 pp.
1708 3294 2162 3381 312—3134).

1037 3482 1075 3551 ¹)
1115 3483 1198 3537 Ita
1244 3482 1343 3547 τήν
1381 3486 1485 3535 νῦν
1532 3486 1790 3552 κειμένην
1839 3481 2151 3554 πανήγυριν
2201 3484 2407 3538 saeculo
2457 3489 2608 3539 sexto
2656 3486 2885 3540 vocabat
2937 3487 3103 3542 Con·

851 3563 1234 3629 stantinus,
1274 3563 1516 3618 diaeonus
1554 3564 1672 3631 GP„
1712 3565 1765 3618 in
1803 3564 2012 3618 exordio
2050 3564 2298 3619 orationis
2335 3580 2454 3619 mox
2491 3565 2744 3620 citandae.

1035 3643 1078 3711 ²)
1119 3644 1266 3713 Apud
1303 3644 1493 3713 Migne,
1533 3642 1676 3698 Patr.
1713 3661 1796 3714 gr.
1836 3650 1875 3699 t.
1917 3646 2035 3712 107,
2075 3661 2123 3714 p.
2146 3645 2447 3699 171—192.

1035 3722 1078 3791 ⁸)
1119 3724 1233 3778 Huc
1281 3724 1510 3794 pertinet
1557 3741 1599 3779 s,
1638 3725 1925 3780 ,Ioannis
1962 3725 2443 3795 Chrysostomi
2486 3724 2795 3794 Ἐγκώμιον
2844 3732 2927 3788 εἰς
2978 3730 3105 3788 τούς

851 3803 1046 3872 ἁγίους
1081 3803 1293 3862 πάντας
1328 3804 1386 3856 ἐν
1422 3802 1531 3871 ὅλῳ
1567 3808 1643 3871 τῷ·
1677 3804 1869 3874 κόσμῳ
1904 3803 2381 3876 μαρτυρήσαντας,
2431 3806 2563 3875 apud
2602 3806 2793 3876 Migne,
2829 3807 2983 3876 Patr.
3022 3827 3103 3880 gr.

1031 3965 1076 4032 ⁴)
1117 3966 1392 4023 Caeterum
1429 3965 1621 4019 Romae
1659 3982 1858 4036 quoque
1895 3967 2016 4020 olim
2042 3970 2350 4037 martyrum
2376 3967 2611 4021 omnium
2648 3970 2931 4024 memoriae
2968 3972 3103 4027 idem

851 4047 947 4100 hoe
987 4048 1176 4099 festum
1214 4049 1331 4101 erat
1366 4046 1685 4114 dedicatum,
1737 4046 1871 4117 quod
1911 4046 2093 4101 deinde
2130 4046 2453 4101 Sanctorum
2492 4048 2727 4102 onmium
2764 4050 3104 4105 solemnitate

852 4129 1207 4181 consecratum
1246 4126 1560 4180 ostendimus
1599 4127 1632 4180 Ι.
1672 4145 1715 4181 c.
1791 4126 1942 4181 Idem
1979 4128 2079 4183 hoc
2104 4130 2336 4198 festum,
2373 4129 2604 4198 inquam;
2643 4128 2763 4199 quia
2802 4132 2941 4185 etin
2961 4130 3102 4187 Urbe

853 4207 1016 4261 Roma
1054 4206 1313 4261 addietum
1352 4211 1467 4261 erat
1504 4208 1754 4262 dominico
1793 4209 1892 4262 diei
1930 4226 1961 4263 a
1998 4208 2253 4264 Pasehate
2291 4214 2493 4278 octavo,
2545 4226 2645 4281 quo
2681 4210 2885 4264 scilieet
2924 4211 2979 4266 in
3013 4212 3101 4266 ho-

852 4304 1028 4342 norem
1067 4288 1289 4341 omnium
1326 4292 1613 4358 martyrum
1632 4289 1901 4344 Pantheon
1940 4290 2037 4343 fuit
2072 4307 2104 4344 a
2130 4308 2172 4345 s.
2192 4290 2460 4345 Bonifacio
2485 4290 2585 4345 ΡΡ.
2612 4290 2698 4344 IV.
2739 4298 3101 4347 consecratum

853 4384 986 4422 anno
1023 4370 1157 4422 609:
1210 4368 1631 4438 quemadmodum
1668 4370 1814 4423 bonis
1851 4370 2136 4427 rationibus
2185 4375 2367 4428 contra
2401 4370 2532 4429 alios
2567 4371 2721 4429 docet
2755 4371 2848 4428 Mo
2869 4372 3099 4441 ruelii,

853 4447 980 4507 Kal.
1022 4449 1152 4516 GP„
1191 4456 1229 4503 t.
1268 4450 1319 4503 2.
1358 4465 1407 4526 p.
1449 4450 1566 4508 147.
