3514 5391
830 589 897 642 Ἡ
931 589 1065 658 ἁγία
1099 593 1186 642 καὶ
1221 592 1434 660 μεγάλη
1471 590 1726 661 ἑβδομιές.
1785 593 2118 648 Hebdomada
2155 596 2333 663 major.

2602 593 2711 648 213

473 789 632 845 moris
676 789 1074 847 observantia
1111 788 1266 846 idem
1316 806 1360 846 s.
1400 789 1997 862 Chrysostomus
2048 791 2235 848 habet
2288 791 2345 848 in
2383 791 2608 845 homilia
2655 792 2712 845 in

463 881 709 937 nuquam
746 868 1142 924 hebdomadam
1180 874 1233 924 et
1266 870 1323 924 in
1349 870 1553 940 psalm.
1592 870 1705 925 145
1735 870 1865 943 ,iam
1906 872 2097 930 citata
2116 871 2185 944 ¹):

570 974 693 1043 Οὐχ
752 975 911 1045 ἡμεῖς
966 976 1025 1029 δὲ
1079 973 1262 1046 μόνον
1328 977 1532 1048 ταύτην

467 1059 709 1125 τιμῶμεν
762 1057 863 1123 τήν
898 1057 1211 1129 ἑβδομάδα,
1259 1057 1395 1110 ἄλλα
1436 1061 1531 1134 ,καὶ

467 1139 513 1187 οἱ
547 1138 789 1201 βασιλεῖς
840 1142 929 1202 τῆς
975 1137 1102 1190 καθ’
1154 1137 1300 1209 ἡμᾶς
1348 1143 1530 1191 οἰκου-

466 1220 636 1282 μέιης,
677 1218 794 1286 οὐχ
831 1217 895 1277 ῶς
936 1219 1150 1287 ἔτυχεν,
1191 1218 1363 1286 αὐτὴν
1391 1238 1530 1272 τετι-

465 1298 727 1367 μήκασιν,
787 1300 1098 1370 ἐκεχειρίαν
1152 1303 1286 1352 πᾶσι
1341 1300 1533 1360 δόντες

468 1384 573 1437 τοῖς
620 1379 684 1431 ια’
732 1380 892 1433 κοινά
942 1385 1052 1434 τῶν
1097 1380 1312 1435 πόλεων
1359 1380 1530 1451 πράτ-

466 1474 615 1512 τουσι
652 1460 983 1530 πράγματα,
1035 1464 1129 1514 ἵνα
1181 1465 1270 1527 τῆς
1317 1463 1531 1518 ἐκεῖθεν

464 1537 870 1601 ἀπολαύσαντες
919 1544 1150 1611 σχολῆς,
1198 1542 1295 1602 τιῖς
1331 1542 1532 1614 ἡμέρας

466 1621 655 1680 ταύτας
677 1621 896 1681 ἁπάσας
920 1628 984 1695 τῇ
1001 1627 1340 1695 πνευματικῇ
1365 1637 1529 1694 προσ-

462 1707 625 1771 έχωσι
684 1706 970 1773 θεραπείᾳ.
1059 1704 1165 1756 Διά
1223 1707 1386 1757 τοῦτο
1440 1707 1526 1755 καὶ

463 1789 567 1837 τῶν
610 1784 978 1854 δικαστηρίω
1028 1783 1124 1844 τοῖς
1172 1784 1349 1856 θύρας
1396 1785 1527 1839 α’πέ-

461 1865 690 1919 κλεισαν.
746 1863 1024 1934 Ἀργείτω,
1055 1869 1211 1935 φασί,
1246 1869 1394 1916 πᾶσα
1417 1865 1527 1934 (ἔμ-

462 1943 779 2014 φισβήτησις
814 1948 905 1996 καὶ
939 1944 1127 2015 μάχης
1156 1943 1298 2003 εἶδος
1332 1948 1418 1996 καὶ
1447 1964 1527 2002 τι-

460 2029 690 2093 μωρίας,
752 2025 1278 2077 ἀναπαυσάσθωσαν
1325 2025 1528 2096 μικρὸν

464 2109 565 2157 τῶν
599 2105 822 2175 δημίων
872 2109 929 2156 αι*
964 2110 1164 2174 χεῖρες.
1243 2105 1418 2158 Κοινιὲ
1458 2107 1524 2157 w*

462 2185 862 2255 κατορθώματα
889 2190 988 2238 τοῦ
1010 2184 1295 2239 Δεσπότου
1316 2190 1523 2254 γέγονε·

462 2270 700 2333 γενεόθω
738 2265 807 2331 δή
847 2285 897 2317 τι
934 2269 1021 2317 καὶ
1062 2265 1186 2337 παρ’
1224 2265 1381 2335 ἡμῶν
1417 2271 1526 2318 τῶν

459 2345 669 2399 δούλων
704 2345 944 2414 ἀγαθόν.
1028 2345 1109 2401 Οὐ
1148 2346 1314 2419 ταύτῃ
1338 2346 1397 2400 δὲ
1422 2346 1524 2417 μό-

462 2446 554 2478 νον
603 2423 777 2492 αὑτήν
826 2426 1144 2495 τετιμήκασι
1199 2431 1264 2499 τῇ
1313 2427 1527 2498 σπουδῇ

459 2511 543 2557 καὶ
584 2511 732 2579 τιμῇ,
771 2505 908 2558 ιῖλλιὶ
946 2510 1033 2558 καὶ
1073 2506 1223 2577 ἑτέρᾳ
1249 2507 1349 2560 οὐκ
1373 2506 1525 2559 ἐλάτ-

460 2606 571 2638 τονι
620 2588 832 2654 ταύτης.
934 2588 1201 2639 Βασιλικιὶ
1251 2593 1527 2657 καταπίμ-

459 2684 655 2720 ποντιιι
694 2668 1015 2738 γράμματα,
1053 2670 1282 2738 λέγοντα
1313 2668 1440 2729 τούς
1465 2670 1551 2731 τό,

457 2748 838 2819 δεσμωτήριον
908 2753 1195 2808 οἰκοῦντας
1253 2748 1527 2820 ιέφίεσθαι

459 2833 561 2881 τῶν
597 2830 840 2900 δεσμῶν.
908 2830 1180 2899 Καθάπερ
1217 2830 1325 2900 γάρ
1362 2828 1392 2882 ὁ
1429 2834 1526 2883 Δε-

458 2908 654 2975 σπότης
704 2908 863 2979 ἡμῶν
912 2910 969 2962 ἐν
1018 2908 1159 2977 ᾅδου
1209 2910 1526 2982 γενόμενος,

460 2989 580 3050 τούς
613 2995 1027 3061 κατεχομένους
1061 2990 1171 3044 ὑπὸ
1210 2995 1309 3044 τοῦ
1346 2991 1526 3045 θανά-

456 3088 549 3123 του
585 3070 796 3132 πάντας
832 3070 1135 3125 olzavam»
1159 3070 1301 3125 οὕτω
1338 3072 1404 3137 δή
1433 3072 1525 3125 καὶ

457 3155 505 3204 οἱ
542 3152 734 3206 δοῦλοι
774 3151 841 3206 τά
880 3153 1013 3204 κατᾰ
1053 3150 1302 3223 δύναμιν
1338 3158 1524 3225 εἰσφέ-

457 3252 664 3302 ροντες,
726 3236 818 3285 καὶ
879 3233 978 3300 τὴν
1032 3234 1373 3298 Δεσποτικιῐν
1426 3253 1523 3304 μι-

455 3313 728 3384 μούμενοι
785 3315 1241 3385 φιλανθρωπίαν,
1301 3314 1525 3384 δεσμῶν

456 3395 757 3449 α’πολύουσι
816 3400 927 3448 τῶν
976 3399 1283 3461 αἰσθητῶν,
1340 3395 1522 3462 ἐπειδὴ

454 3480 560 3528 τῶν
596 3481 810 3541 νοητῶν
845 3475 947 3528 οὐκ
984 3476 1265 3543 ἰσχύουσι.

1749 977 1882 1036 Non
1923 997 2027 1037 nos
2065 980 2251 1037 solum
2303 980 2458 1037 hauc
2495 979 2712 1037 hebdo-

1641 1061 1875 1119 madam
1914 1078 2286 1128 veneramur,
2326 1061 2431 1119 sed
2458 1062 2710 1134 impera-

1640 1148 1805 1200 tores
1843 1142 2003 1201 orbis
2042 1142 2260 1211 nostri,
2312 1160 2421 1200 nec
2470 1138 2710 1214 perfun-

1641 1223 1848 1294 ctorie,
1871 1222 2058 1296 ipsam
2080 1223 2389 1291 honorant,
2408 1221 2706 1293 ,iustitium

1640 1302 1975 1361 indicentes
2021 1303 2288 1361 omnibus
2327 1302 2566 1375 publica
2615 1319 2708 1359 ur-

1640 1384 1797 1442 bium
1862 1385 2106 1456 negotia
2156 1384 2587 1453 tractantibu8‚
2643 1390 2710 1441 ut

1640 1464 1799 1522 curis
1837 1465 2031 1536 vacui,
2070 1466 2175 1524 hos
2209 1482 2409 1523 omnes
2439 1464 2567 1522 dies
2594 1463 2707 1537 spi·

1637 1545 1848 1603 rituali
1870 1546 2030 1604 cultu
2051 1551 2500 1620 prosequantur.
2537 1544 2707 1602 Ideo·

1638 1643 1748 1699 que
1781 1625 1900 1684 fori
1918 1626 2139 1699 januas
2167 1628 2525 1684 clauserunt..
2567 1624 2707 1683 Ces-

1638 1713 1788 1778 sent,
1829 1708 2114 1780 inquiunt,
2152 1708 2310 1776 lites,
2340 1706 2564 1778 jnrgia‚
2592 1722 2707 1761 om-

1637 1787 1844 1860 nisque
1861 1788 2325 1847 concertationis
2346 1804 2417 1846 ac
2432 1786 2705 1860 supplicii

1636 1885 1822 1938 genus
1836 1889 1850 1939 3
1880 1868 2191 1940 quiescant
2204 1868 2499 1942 tantisper
2513 1866 2705 1925 carni-

1638 1947 1811 2006 ficum
1862 1965 2086 2006 manus,
2172 1947 2520 2007 Communia
2570 1953 2707 2005 sunt

1636 2028 1876 2087 Domini
1941 2029 2261 2102 praeclara
2321 2034 2523 2100 gestae
2597 2026 2707 2084 fiat

1637 2110 1817 2170 etiam
1842 2125 1879 2166 a
1898 2110 2067 2167 nobis
2088 2108 2280 2167 servis
2305 2106 2531 2181 aliquid
2548 2107 2704 2165 boni.

1634 2188 1843 2261 Neque
1881 2190 1986 2246 illo
2014 2189 2136 2247 solo
2164 2188 2358 2246 studio
2397 2194 2460 2246 et
2482 2189 2703 2246 honore

1634 2268 1826 2341 ipsam
1876 2277 2270 2340 venerantur,
2325 2268 2434 2326 sed
2482 2274 2546 2326 et
2583 2268 2703 2326 alio

1637 2365 1748 2406 non
1780 2349 2020 2408 minore.
2081 2349 2519 2422 Imperatoriae
2546 2349 2699 2407 enim

1634 2429 1852 2487 literae
1894 2430 2227 2501 mittuntur,
2275 2428 2484 2502 quibus
2523 2429 2704 2487 edici-

1634 2516 1760 2579 tur,
1814 2516 1882 2567 ut
1930 2510 1992 2568 in
2031 2526 2277 2568 carcere
2326 2510 2701 2568 detentorum

1636 2590 1876 2647 vincula
1914 2591 2238 2649 solvantur.
2315 2587 2703 2664 Quemadmo-

1637 2669 1767 2728 dum
1789 2669 1944 2728 enim
1960 2670 2250 2729 Dominus
2272 2677 2487 2738 noster,
2527 2687 2698 2744 quum

1637 2751 1695 2807 in
1721 2749 1972 2810 infernis
1999 2758 2175 2823 esset,
2216 2769 2317 2810 eos
2337 2752 2430 2826 qui
2455 2768 2491 2809 a
2513 2759 2703 2810 morte

1636 2831 2062 2890 detinebantur
2110 2850 2308 2891 omnes
2356 2833 2559 2890 solvit:
2614 2833 2701 2889 ita

1635 2917 1698 2969 et
1734 2912 1911 2979 servi,
1967 2930 2118 2985 quae
2156 2914 2215 2970 in
2255 2929 2362 2970 sua
2400 2919 2700 2986 potestate

1633 2998 1772 3051 suut
1810 2991 2151 3064 afferentes,
2192 3010 2262 3051 ac
2281 2993 2523 3051 Domini
2537 2994 2701 3051 beni·

1632 3073 1920 3145 gnitatem
1957 3074 2282 3144 imitantes,
2322 3091 2358 3130 a
2383 3074 2700 3132 sensilibus

1635 3153 1886 3212 vinculis
1922 3155 2175 3215 solvunt.
2213 3171 2386 3226 quum
2426 3170 2699 3227 nonpos-

1634 3233 1756 3292 sint
1794 3250 1832 3291 a
1868 3234 2295 3307 spiritualibus,

629 3586 725 3651 De
773 3585 911 3650 aliis
958 3584 1310 3650 nominibus
1360 3584 1610 3668 majoris
1658 3584 2086 3650 hebdomadae
2135 3607 2331 3668 pauca
2389 3584 2540 3649 haec
2589 3605 2696 3651 no-

454 3689 612 3749 tasse
659 3682 955 3750 sufficiat.

626 3791 987 3856 Secundum
1056 3790 1410 3856 Honoriu
1432 3812 1493 3854 m
1559 3792 1609 3855 Α
1634 3799 1927 3876 ugusto
1947 3792 2007 3855 d.
2078 3790 2114 3854 Ι.
2181 3812 2231 3856 e.
2301 3790 2694 3855 hebdomada

450 3890 887 3976 indulqentiae
948 3894 1234 3967 vocatur,
1319 3890 1484 3972 quod
1544 3890 1614 3952 in
1675 3910 1752 3951 ea
1802 3891 2202 3975 poenitentes
2264 3887 2691 3955 absobvantur.

450 3988 604 4053 Aliis
653 3992 752 4052 est
781 3985 1175 4051 hebdomada
1197 3998 1390 4067 muta,
1441 3987 1688 4071 proprie
1735 3982 2017 4069 ἑβδομὰς
2063 3984 2409 4069 ἄπρακτος,
2470 3986 2693 4050 hebdo-

448 4085 639 4150 mada
670 4084 1058 4170 inofficiosa,
1088 4086 1253 4169 quod
1282 4091 1459 4151 vacet
1486 4085 1746 4170 strepitu
1776 4084 2005 4150 sorensi
2038 4085 2423 4168 caeterisque
2453 4084 2694 4149 actibus

405 4202 415 4212 '
448 4182 753 4269 publicis;
806 4178 940 4248 aliis
970 4182 1364 4247 hebdomada
1383 4181 1685 4270 poenalis
1717 4194 1777 4247 et
1809 4183 2133 4247 laboriosa
2177 4181 2387 4269 (gall.
2419 4182 2693 4246 semaiae

436 4279 779 4368 peineuse)
800 4330 817 4357 ‚
878 4283 1040 4364 quod
1085 4280 1341 4366 jejuniis
1400 4285 1463 4346 et
1508 4281 1823 4347 laboribus
1871 4280 2272 4366 transigenda
2317 4280 2398 4343 sit
2455 4279 2518 4343 in
2567 4300 2695 4343 me-

446 4379 719 4445 moriam
768 4378 1073 4462 passionis
1121 4379 1372 4455 Christi,
1432 4378 1536 4463 qni
1585 4381 1645 4444 in
1695 4400 1770 4443 ea
1815 4399 2066 4443 crucem
2113 4378 2321 4443 subiit.

2415 4376 2488 4441 ln
2537 4376 2691 4441 Mis-

634 4556 678 4622 ¹)
718 4554 873 4624 Apud
908 4554 1096 4623 lngus,
1134 4554 1279 4610 Patr.
1316 4571 1398 4623 gr.
1436 4560 1476 4610 t.
1514 4557 1601 4622 55,
1640 4571 1690 4624 p.
1728 4556 1851 4610 520.
