3514 5391
841 575 948 628 326
1555 572 1714 626 Festa
1751 572 1959 626 mobilia
1995 575 2116 640 post
2152 570 2369 625 Pascha.

1253 685 1490 692 ———-——-
1515 684 2173 691 —-..———————-——-——-

1020 771 1194 836 Inter
1239 771 1558 837 esculenta
1617 771 1736 836 hoc
1784 776 2063 856 tempore
2112 769 2538 835 benedicenda
2598 768 2801 833 locum
2852 767 3090 852 praeci-

848 891 1040 955 puum
1090 870 1208 935 sibi
1257 870 1568 935 vindicant
1614 892 1752 949 ova,
1830 890 1901 947 „a
1950 869 2176 954 quibus
2230 872 2446 952 utpote
2507 866 2874 944 levioribus,
2936 867 3091 932 inci-

850 968 1147 1054 piendum
1193 968 1329 1033 fore
1376 968 1584 1034 cibum
1633 966 1992 1051 paschalem
2042 966 2494 1033 rationabilitur
2542 965 2717 1030 duxit
2761 965 3091 1031 hominum

847 1068 1229 1134 consuetudo
1295 1067 1373 1131 ad
1438 1065 1703 1133 salutem
1772 1066 2084 1151 corporis“
2118 1066 2200 1149 ¹),
2274 1064 2642 1149 praesertim
2707 1084 2907 1149 quum
2972 1064 3088 1129 sub

847 1167 1276 1234 benedictione
1342 1185 1598 1231 ovorum
1666 1164 2055 1249 paschalium
2124 1163 2332 1248 plures
2397 1183 2619 1230 sensus
2688 1164 2957 1229 morales
3020 1184 3095 1228 ac

847 1265 1096 1350 mystici
1143 1265 1241 1348 pie
1289 1265 1512 1348 subjici
1559 1265 1817 1348 possint,
1867 1264 2393 1347 quemadmodum
2443 1281 2518 1326 ex
2553 1259 2788 1335 Quarti
2834 1261 3095 1346 aliisque

850 1365 1222 1441 auctoribuS‚
1291 1364 1396 1447 qui
1456 1364 1517 1428 in
1579 1363 1916 1428 secretiora
1975 1361 2108 1445 ejus
2168 1361 2323 1425 ritus
2380 1361 2680 1442 mysteria
2736 1360 3098 1447 diligentius

849 1463 1186 1547 inquirunt,
1236 1462 1388 1526 satis
1436 1465 1827 1544 compertum
1874 1466 1986 1528 est.
3128 1525 3131 1528 .

1028 1561 1217 1644 Apud
1246 1561 1521 1627 Graecos
1570 1578 1819 1644 quoque
1866 1562 1962 1623 est
2007 1577 2125 1621 usu
2156 1559 2496 1639 receptum,
2546 1559 2616 1621 ut
2646 1556 2746 1620 die
2769 1555 3101 1622 Paschatls

851 1681 983 1737 ova,
1043 1678 1314 1736 caseum,
1377 1678 1569 1741 panes
1617 1658 1676 1721 in
1728 1656 1991 1722 ecclesia
2036 1655 2442 1732 benedicant,
2506 1659 2568 1720 et
2615 1654 3100 1720 consistentibus

850 1759 916 1822 in
963 1757 1276 1834 narthece‚
1325 1761 1468 1821 ante
1515 1756 1841 1821 lautiorem
1891 1755 2120 1832 cibum,
2170 1754 2558 1838 degustanda
2605 1757 2941 1837 apponant,
2990 1773 3101 1837 pa-

852 1855 1172 1940 schalique
1232 1855 1353 1920 hoc
1414 1856 1553 1920 cibo
1603 1858 1895 1939 percepto
1943 1848 2303 1931 πασχάζειν
2368 1872 2436 1917 se
2496 1851 2725 1917 dicant.
2828 1851 3104 1937 Vulgata

863 1954 1086 2020 Oratio
1135 1954 1223 2019 ad
1269 1976 1515 2019 caseum
1560 1963 1620 2016 et
1664 1975 1785 2016 ova
1833 1950 2257 2015 benedicenda
2304 1946 2483 2037 (εὐχὴ
2526 1943 2620 2025 εἷς
2657 1947 2735 2013 τὸ
2765 1946 3104 2037 εὐλογῆσαι

852 2052 1042 2139 τυρὸν
1086 2050 1196 2117 καὶ
1242 2049 1368 2138 ὠά)
1417 2052 1759 2117 illustratur
1804 2071 1844 2115 a
1888 2051 1994 2116 Go
2015 2070 2113 2115 ar.
2162 2048 2420 2114 Euckol.
2472 2069 2530 2132 p.
2574 2048 2729 2113 568.

1030 2170 1134 2234 Ad
1195 2191 1425 2254 aymam
1477 2163 1842 2254 paschalem
1904 2169 2146 2250 spectat
2199 2165 2425 2229 Oratio
2493 2163 2581 2228 ad
2641 2147 3107 2229 benedicendas

856 2269 1144 2333 carnium
1190 2289 1364 2332 escas
1409 2276 1626 2331 sancto
1675 2276 1734 2330 ct
1779 2287 2002 2350 mayno
2035 2265 2139 2329 die
2169 2265 2447 2329 Paschae
2494 2260 2674 2351 (εὐχὴ
2700 2257 2794 2339 εἷς
2820 2261 2896 2326 τὸ
2925 2260 3105 2327 εὔλο-

855 2370 1045 2452 γῇσαι
1087 2362 1409 2448 ἐδέσματα
1437 2367 1635 2449 κρεῶν
1674 2367 1753 2450 τῇ
1784 2357 1934 2448 ἁγίᾳ
1965 2361 2073 2426 καὶ
2100 2359 2341 2448 μεγάλῃ
2371 2365 2636 2448 κυριακῇ
2665 2365 2782 2424 τοῦ
2810 2358 3105 2447 Πάσχα),

857 2485 1042 2549 quam
1092 2464 1322 2530 ibidem
1370 2483 1596 2550 graece
1643 2468 1706 2528 et
1750 2462 1943 2527 latine
1989 2461 2242 2527 exhibet
2287 2459 2519 2526 Goar.
2569 2480 2673 2544 pp.
2723 2459 3105 2530 566—567.

859 2564 1373 2630 commentarium
1437 2562 1639 2628 taliter
1702 2580 1996 2627 exorsus:
2066 2558 2338 2638 „Christi
2386 2558 2528 2645 agni
2576 2559 2787 2636 divini,
2837 2579 2950 2643 pro
3000 2579 3105 2624 ex-

859 2663 1103 2748 piandis
1149 2662 1366 2728 mundi
1413 2661 1656 2728 delictis
1701 2660 1766 2726 in
1794 2659 2105 2726 Paschate
2154 2656 2486 2724 crudeliter
2516 2658 2722 2737 occisi,
2774 2658 2939 2742 piam
2971 2678 3106 2724 me-

858 2763 1124 2827 moriam
1169 2760 1514 2826 recolentes
1563 2760 1819 2837 Graeci,
1884 2779 1958 2825 ex
2005 2758 2148 2843 agni
2198 2757 2488 2823 carnibus
2549 2756 2850 2823 ecclesiae
2913 2756 3106 2822 bene·

858 2861 1130 2927 dictione
1176 2859 1598 2936 sanctificatis,
1649 2858 1856 2923 cibum
1908 2858 1970 2921 in
2002 2858 2102 2922 die
2126 2855 2454 2921 Paschatis
2502 2875 2679 2921 sacro
2709 2856 3105 2933 sumendum,

858 2959 922 3023 in
970 2957 1263 3041 spiritalis
1322 2956 1591 3023 laetitiae
1653 2960 2093 3042 argumentum
2154 2959 2544 3038 praeparant.
2653 2953 2791 3019 Nec
2838 2953 3107 3019 alienam

861 3057 937 3121 ab
987 3054 1107 3120 hoc
1151 3056 1273 3119 ritu
1322 3056 1721 3140 approbando
1772 3075 1840 3121 se
1886 3057 2102 3120 sancta
2145 3073 2403 3118 romana
2456 3052 2721 3119 ecclesia
2766 3051 3101 3120 declarat.“

1041 3154 1374 3238 Mysticam
1426 3155 1567 3241 agni
1616 3152 1927 3238 paschalis
1974 3152 2491 3238 significationem
2549 3171 2623 3216 ex
2672 3150 2806 3234 ipsa
2849 3170 3111 3215 romana

862 3251 1312 3317 benedictionis
1377 3252 1646 3318 formula
1711 3251 2042 3336 repetitam
2102 3248 2381 3334 pluribus
2445 3250 2755 3333 explicant
2822 3254 3109 3315 auctores

861 3350 1134 3436 liturgici
1181 3350 1244 3415 in
1293 3352 1761 3417 commentariis
1811 3352 1886 3415 ad
1935 3349 2192 3415 Missale
2239 3353 2302 3413 et
2326 3347 2571 3414 Rituale
2618 3346 2954 3432 roman.²)‚
3002 3346 3111 3411 ubi

864 3453 928 3515 et
973 3449 1050 3514 dc
1098 3447 1523 3514 bencdictione
1566 3448 1866 3535 paschali
1899 3449 2101 3535 panis
2149 3451 2340 3533 agunt
2362 3445 2430 3530 ³).

1043 3590 1129 3655 ‘H
1168 3589 1421 3682 ὕψωσις
1465 3595 1577 3679 τῆς
1621 3586 1963 3674 παναγῖας.

1044 3710 1086 3774 S
1104 3710 1232 3777 lav,
1297 3711 1696 3801 Vozvyaenije
1721 3710 1999 3797 panayii
2019 3707 2104 3793 4”);
2154 3727 2316 3772 rum
2337 3727 2447 3775 en.
2499 3704 2858 3770 Inaltiarea
2880 3705 2932 3790 ⁵)
2961 3708 3109 3769 scin-

867 3809 1032 3874 tului
1077 3818 1314 3877 artosu.

1047 3917 1582 3998 Quemadmodum
1631 3914 2147 3982 Pentecostarion
2195 3914 2271 3979 ad
2320 3914 2511 3978 finem
2559 3911 2899 3977 hodiernae
2937 3911 3110 3976 litur-

1058 4060 1094 4127 ι)
1149 4059 1441 4129 Physicam
1499 4059 1631 4112 hanc
1681 4073 1893 4111 ovorum
1942 4056 2258 4126 paschalium
2308 4071 2528 4111 causam
2586 4055 2724 4110 inter
2772 4054 2903 4109 alios
2953 4052 3113 4109 tradit

865 4140 1285 4204 Baruffaldi‚
1329 4139 1470 4193 Com.
1509 4137 1565 4192 in
1604 4137 1716 4192 Rit.
1755 4137 1911 4191 Rom.
1950 4138 2033 4190 tit.
2073 4138 2158 4203 58,
2196 4153 2282 4190 nn.
2322 4137 2478 4190 1—3.

1052 4220 1098 4288 ²)
1137 4220 1284 4289 Apud
1323 4219 1569 4273 Tetam.
1609 4218 1798 4273 Ferd.
1836 4218 1869 4271 l.
1909 4234 1972 4285 c.‚
2010 4233 2094 4271 nn.
2134 4217 2364 4272 55—56.

1048 4300 1092 4369 8)
1133 4301 1211 4354 De
1250 4317 1312 4354 ea
1347 4300 1647 4353 nominatim
1684 4302 1883 4352 tractat
1918 4297 2169 4351 Baruff
2180 4295 2350 4363 aldi,
2390 4296 2422 4350 l.
2461 4313 2524 4361 c.,
2574 4296 2659 4349 tit.
2698 4296 2784 4363 59,
2830 4311 2918 4349 nn.
2958 4294 3108 4353 1-2,

1048 4382 1095 4451 ⁴)
1134 4381 1366 4449 Panagia
1416 4381 1644 4435 Slavis
1701 4379 1859 4433 etiam
1909 4395 1941 4432 a
1989 4378 2259 4448 multiplici
2312 4377 2690 4443 benedictione,
2748 4393 2851 4446 qua
2899 4375 3108 4431 coelitus

874 4464 1027 4533 plena
1063 4478 1178 4518 esse
1217 4461 1458 4521 creditur,
1503 4459 1847 4530 stisaegjatojeae,
1884 4461 2237 4523 tet-sanctum,
2274 4458 2581 4527 appellatur.

1050 4543 1096 4613 ⁶)
1123 4541 1364 4609 Ὓψωσις
1403 4542 1743 4597 rumenice
1796 4540 1895 4594 dici
1945 4555 2143 4611 quoque
2180 4544 2358 4612 posset
2396 4538 2656 4596 ardicare
2706 4539 2818 4596 sive
2862 4536 3109 4595 radicare
