3514 5391
721 518 769 572 X
1668 517 1933 572 Praefatio
1971 523 2024 572 et

1084 631 1381 638 mq—
1420 631 2430 639 -.---——-—-——-———-—————.—
2461 633 2474 637 -
2497 634 2506 637 -
2541 633 2786 639 ———-—-
2803 634 2963 639 -—

898 717 1304 780 Academiam
1360 711 1775 803 ἑορταστικὴν
1834 717 2158 801 speciatim
2221 720 2387 801 quod
2450 718 2700 795 attinet,
2770 740 2843 783 ea
2903 719 2960 782 in

722 814 950 879 scholis
999 813 1363 898 theologicis
1411 815 1691 879 instituta
1736 816 1815 879 ad
1860 814 2029 880 hunc
2060 817 2248 880 finem
2286 820 2399 899 est,
2449 821 2517 880 ut
2548 837 2760 882 sacrae
2792 816 2964 880 theo-

720 913 920 996 logiae
968 913 1279 977 auditores
1328 914 1649 996 utriusque
1698 913 2032 991 ecclesiae,
2102 914 2280 979 statis
2337 934 2449 998 per
2505 914 2962 980 hebdomadem

721 1012 940 1077 diebus
1003 1013 1061 1075 in
1126 1014 1367 1075 coetum
1435 1011 1709 1087 collecti,
1779 1012 1964 1077 variis
2027 1013 2569 1078 exercitationibus
2629 1012 2960 1096 genuinam

720 1108 1083 1174 Kalendarii
1117 1109 1400 1185 formam,
1452 1110 1819 1175 secretiores
1852 1111 2092 1175 dierum
2127 1111 2428 1175 festorum
2460 1112 2729 1175 rationes
2777 1115 2961 1194 atque

720 1208 861 1272 ,inde
909 1227 1155 1272 omnem
1204 1208 1559 1272 interiorem
1610 1228 1680 1273 ac
1730 1210 2111 1273 reconditam
2164 1208 2306 1273 anni
2357 1208 2758 1274 ecclesiastici
2805 1210 2963 1273 noti-

720 1307 871 1369 tiam
919 1306 1455 1390 arctissimamque
1517 1309 1972 1372 occurrentium
2038 1307 2497 1372 solemnitatum
2562 1328 2701 1373 cum
2752 1307 2962 1373 catho—

719 1403 834 1467 lico
883 1406 1171 1488 dogmate
1222 1406 1667 1469 connexionem
1716 1407 2141 1471 addiscerent:
2207 1426 2331 1488 qua
2388 1407 2453 1470 in
2515 1427 2582 1471 re
2647 1406 2797 1471 nihil
2849 1413 2961 1479 est,

720 1502 895 1585 quod·
930 1522 1053 1566 non
1102 1503 1182 1566 sit
1230 1522 1372 1567 cum
1421 1502 1627 1567 divino
1679 1503 1848 1568 cultu
1897 1524 1968 1568 ac
2017 1524 2162 1568 vera
2193 1504 2420 1586 pietate
2456 1504 2872 1587 conjunctum.

896 1608 1085 1673 Plura
1146 1609 1394 1691 quidem
1459 1618 1603 1673 sunt
1665 1630 1980 1674 sacrarum
2046 1610 2512 1693 disciplinarum
2575 1631 2832 1695 genera,
2903 1614 2959 1675 in

719 1709 944 1790 quibus
989 1707 1377 1793 hcortoloyia
1426 1712 1723 1783 versatur,
1775 1712 1842 1772 ut
1889 1713 2069 1793 puta:
2138 1708 2399 1772 historia
2444 1708 2960 1789 ecclesiastica¹),

720 1804 1148 1890 archaeologia
1170 1804 1506 1870 christiana
1523 1806 1595 1890 ²³),
1616 1808 1719 1891 jus
1746 1808 2115 1871 canonicum
2132 1807 2206 1889 ³),
2231 1805 2542 1891 theologia
2564 1807 2868 1890 polemica
2883 1807 2960 1890 4),

722 1903 1045 1987 pastoralis
1070 1904 1156 1985 5)‚
1221 1902 1507 1989 liturgica
1532 1905 1619 1989 6);
1687 1926 1905 1970 verum
1967 1906 2072 1989 qui
2138 1906 2211 1969 iis
2274 1906 2588 1969 tradendis
2647 1905 2958 1969 constituti

719 2006 864 2067 sunt
910 2002 1321 2086 professores,
1371 2010 1625 2087 propter
1672 2004 2133 2068 multitudinem
2181 2024 2388 2068 rerum
2438 2004 2959 2088 explicandarum,

719 2100 1087 2165 solemnium
1137 2100 1375 2165 dierum
1425 2102 1524 2165 vix
1571 2102 1748 2167 aliter
1795 2102 2176 2167 mentionem
2225 2102 2429 2167 facere
2478 2102 2710 2179 solent,
2775 2122 2958 2185 quam

719 2200 806 2264 rei
854 2198 1097 2263 aliunde
1135 2198 1264 2280 jam
1318 2203 1517 2275 notae,
1568 2205 1673 2264 aut
1721 2205 1888 2265 certe
1930 2194 2075 2264 alibi
2105 2192 2595 2283 pertractandae,
2647 2200 2959 2274 extremiS,

718 2303 786 2361 ut
832 2298 1029 2381 ajunt,
1095 2297 1306 2379 digitis
1354 2299 1681 2363 materiam
1727 2299 2011 2383 attigisse
2060 2299 2352 2363 contenti.
2447 2297 2602 2361 Inde
2651 2318 2772 2361 non
2824 2317 2960 2360 raro

720 2396 849 2460 fieri
900 2397 1208 2471 videnmS,
1272 2399 1340 2459 ut
1390 2397 1596 2461 multis
1645 2398 1895 2462 omnino
1944 2398 2266 2480 utriusque
2316 2395 2612 2461 ecclesiae
2664 2395 2962 2458 ministris

718 2493 1102 2558 nobilissima
1147 2492 1302 2557 haec
1351 2494 1609 2559 scientia
1653 2495 1984 2579 peregrina
2030 2496 2363 2579 ignotaque
2412 2498 2658 2558 maneat
2716 2493 2960 2577 provin-

718 2593 831 2657 cia.
927 2590 1038 2657 Oui
1101 2592 1494 2657 incommodo
1562 2596 1629 2657 ut
1692 2592 2032 2657 efficaciter
2091 2596 2483 2667 occurratur,
2552 2593 2956 2673 satagendum

717 2711 864 2756 sane
901 2694 1013 2768 est,
1064 2694 1132 2754 ut
1179 2687 1403 2768 clerici,
1453 2692 1731 2757 discendi
1781 2692 2007 2776 cupidi,
2058 2692 2121 2756 in
2155 2691 2524 2757 academicis
2555 2690 2960 2755 conventibus

716 2790 790 2853 iis
839 2790 1020 2873 plene
1067 2789 1483 2866 instruantur,
1549 2811 1705 2874 quae
1769 2791 1832 2854 in
1879 2790 2207 2855 ordinariis
2255 2789 2680 2873 professorum
2729 2788 2960 2853 scholis

716 2888 1028 2952 succincte
1077 2893 1318 2952 tantum
1367 2893 1472 2952 aut
1517 2889 1769 2953 omnino
1819 2908 1943 2952 non
1992 2889 2334 2953 audierunt.

893 2995 1155 3059 Accedit
1201 2995 1260 3058 in
1310 2995 1900 3080 Austro-Hungaria
1937 3001 2168 3072 nostra,
2218 2995 2384 3078 quod
2417 2995 2678 3059 Armeni
2707 2993 2957 3060 Graeci-

718 3113 857 3176 que,
907 3091 1173 3176 propriis
1220 3096 1464 3157 utentes
1516 3093 1753 3172 ritibus,
1808 3113 2032 3176 magno
2082 3113 2339 3158 numero
2388 3112 2535 3178 cum,
2556 3093 2797 3157 Latinis
2827 3112 2961 3175 per-

719 3190 890 3254 mixti
938 3189 1219 3254 habitent
1266 3191 1608 3274 eademque
1658 3190 2038 3255 Kalendaria
2087 3191 2431 3274 composita
2478 3190 2832 3265 adhibeant,
2882 3189 2958 3252 ad

718 3288 964 3374 regulas
1013 3288 1331 3371 utriusque
1380 3287 1501 3352 stili
1551 3291 1785 3364 exacta,
1852 3309 1922 3352 ac
1973 3287 2202 3352 Christi
2253 3288 2504 3352 Domini
2557 3291 2957 3353 Sanctorum-

903 3511 941 3579 ι)
992 3512 1097 3565 Cfr.
1138 3511 1214 3563 De
1253 3509 1481 3562 Smedt
1531 3507 1582 3561 S.
1622 3508 1703 3576 J.,
1763 3507 2101 3561 Introductio
2150 3507 2436 3577 ,qeneralis
2485 3508 2539 3561 iu
2591 3508 2717 3560 laist.
2774 3507 2959 3561 eccle&

718 3597 872 3647 tract.
911 3594 961 3660 2,
1000 3609 1043 3646 c.
1084 3593 1133 3645 2.
1209 3589 1461 3658 Gandavi,
1501 3588 1761 3655 Poelman,
1803 3590 1958 3643 1876.

899 3671 941 3740 ²)
980 3673 1087 3726 Cfr.
1128 3669 1408 3724 Mannha
1428 3674 1492 3723 rt
1529 3669 1581 3723 S.
1619 3669 1699 3734 J.,
1750 3630 1840 3721 ²De
1877 3667 2291 3737 antiquitatibus
2327 3667 2791 3732 christianorum,
2839 3669 2870 3736 ξ
2908 3667 2957 3719 5.

718 3755 991 3822 Augustae
1027 3750 1247 3816 Vindel.
1294 3749 1699 3818 Rieger‚1767.
1774 3748 2003 3819 Itemque
2043 3749 2157 3802 vide
2196 3748 2522 3816 Augusti,
2562 3747 2956 3816 Denkraetlt·diq-

716 3832 895 3887 hellen
921 3848 1024 3885 aas
1044 3831 1147 3885 der
1165 3831 1264 3884 clu
1265 3831 1373 3884 estl
1396 3829 1808 3898 Archaeoloyie‚
1846 3834 1909 3884 tt.
1933 3832 2090 3885 1—3.
2150 3828 2373 3899 Lipsiae,
2411 3829 2546 3898 D3k,
2586 3827 2956 3883 1817-1820.

903 3910 946 3979 ⁸)
987 3914 1093 3966 Cfr.
1133 3913 1269 3966 Zech
1308 3911 1357 3965 S.
1396 3912 1464 3976 J„
1504 3910 1591 3963 De
1614 3910 1757 3980 jure
1793 3926 1981 3963 rerum
2021 3911 2206 3965 eccles.
2246 3909 2407 3963 sectio
2446 3911 2499 3978 2,
2537 3909 2617 3962 tit.
2647 3908 2732 3961 22.
2787 3906 2956 3976 Ingol-

718 3993 887 4062 stadii,
927 3994 1106 4060 Craez,
1148 3994 1305 4047 1758.

897 4073 940 4140 ⁴)
979 4074 1086 4127 Cfr.
1125 4072 1413 4126 Gretser
1449 4071 1499 4125 S.
1539 4071 1605 4138 J.,
1655 4071 1743 4124 De
1773 4071 1944 4141 festis
1985 4070 2425 4125 Christianorum
2462 4068 2596 4123 libri
2630 4067 2735 4121 duo
2748 4085 2768 4121 .·
2818 4084 2956 4137 oper.

719 4160 841 4209 tom.
880 4155 931 4224 5,
969 4170 1091 4223 pars
1128 4155 1178 4219 2,
1217 4152 1546 4210 Ratisbonae.
1585 4150 1719 4203 Peez
1760 4156 1815 4204 et
1850 4150 2036 4216 Bader,
2080 4150 2235 4205 1735.

896 4233 941 4302 ⁸)
982 4234 1090 4288 Cfr.
1127 4235 1309 4286 Azor.
1348 4233 1399 4284 S.
1420 4232 1487 4296 J.,
1526 4230 1857 4284 Institution.
1883 4231 2077 4285 moral.
2103 4247 2225 4300 pars
2251 4230 2303 4298 2,
2339 4230 2372 4283 l.
2406 4232 2452 4283 1.
2510 4229 2752 4283 Coloniae
2773 4230 2958 4297 Agrip-

717 4316 882 4384 pinae,
922 4314 1121 4381 Hierat,
1160 4315 1316 4367 1608.

899 4395 943 4461 ⁶)
982 4394 1088 4448 Cfr.
1110 4393 1286 4446 Ferd.
1314 4392 1575 4456 Totam„
1605 4392 1864 4445 De'arium
1879 4390 2701 4459 &tumim-themmim-morale,
2722 4395 2784 4443 tt.
2804 4391 2957 4452 1—-8,

718 4474 965 4539 VenetiiS,
1005 4475 1228 4544 Savioni‚
1270 4474 1640 4528 1779—1784.
