<?xml version="1.0" encoding="UTF-8"?>
<!DOCTYPE html PUBLIC "-//W3C//DTD XHTML 1.0 Transitional//EN"
    "http://www.w3.org/TR/xhtml1/DTD/xhtml1-transitional.dtd">
<html xmlns="http://www.w3.org/1999/xhtml" xml:lang="en" lang="en">
 <head>
  <title>
</title>
<meta http-equiv="Content-Type" content="text/html;charset=utf-8" />
  <meta name='ocr-system' content='tesseract 3.04.00' />
  <meta name='ocr-capabilities' content='ocr_page ocr_carea ocr_par ocr_line ocrx_word'/>
</head>
<body>
  <div class='ocr_page' id='page_1' title='image "./kalendariummanu00nillgoog_0532.png"; bbox 0 0 3514 5391; ppageno 0'>
   <div class='ocr_carea' id='block_1_1' title="bbox 865 544 2467 617">
    <p class='ocr_par' dir='ltr' id='par_1_1' title="bbox 865 544 2467 617">
     <span class='ocr_line' id='line_1_1' title="bbox 865 544 2467 617; baseline 0.001 -18"><span class='ocrx_word' id='word_1_1' title='bbox 865 544 973 601; x_wconf 89' lang='lat'>490</span> <span class='ocrx_word' id='word_1_2' title='bbox 1512 546 1672 601; x_wconf 84' lang='lat' dir='ltr'>Festa</span> <span class='ocrx_word' id='word_1_3' title='bbox 1707 547 1915 601; x_wconf 80' lang='lat' dir='ltr'>mobilia</span> <span class='ocrx_word' id='word_1_4' title='bbox 1951 552 2069 617; x_wconf 87' lang='lat' dir='ltr'>post</span> <span class='ocrx_word' id='word_1_5' title='bbox 2106 546 2467 602; x_wconf 74' lang='lat' dir='ltr'><strong>Pentecosten.</strong></span> 
     </span>
    </p>
   </div>
   <div class='ocr_carea' id='block_1_2' title="bbox 894 658 2380 667">
    <p class='ocr_par' dir='ltr' id='par_1_2' title="bbox 894 658 2380 667">
     <span class='ocr_line' id='line_1_2' title="bbox 894 658 2380 667; baseline 0.001 -4"><span class='ocrx_word' id='word_1_6' title='bbox 894 658 981 664; x_wconf 39' lang='grc' dir='ltr'>...κὴ</span> <span class='ocrx_word' id='word_1_7' title='bbox 1146 660 1153 665; x_wconf 83' lang='grc'>-</span> <span class='ocrx_word' id='word_1_8' title='bbox 1192 660 1219 663; x_wconf 58' lang='lat' dir='ltr'>-v</span> <span class='ocrx_word' id='word_1_9' title='bbox 1350 660 1377 667; x_wconf 58' lang='lat'>..1</span> <span class='ocrx_word' id='word_1_10' title='bbox 1518 661 1607 665; x_wconf 33' lang='grc' dir='ltr'>-..ἢ</span> <span class='ocrx_word' id='word_1_11' title='bbox 1696 662 1705 665; x_wconf 78' lang='lat'>-</span> <span class='ocrx_word' id='word_1_12' title='bbox 2067 663 2082 666; x_wconf 48' lang='lat'>⁴</span> <span class='ocrx_word' id='word_1_13' title='bbox 2310 661 2380 665; x_wconf 47' lang='grc' dir='ltr'><strong><em>-.Ἶ-</em></strong></span> 
     </span>
    </p>
   </div>
   <div class='ocr_carea' id='block_1_3' title="bbox 1411 860 2574 922">
    <p class='ocr_par' dir='ltr' id='par_1_3' title="bbox 1411 860 2574 922">
     <span class='ocr_line' id='line_1_3' title="bbox 1411 860 2574 922; baseline 0 -3"><span class='ocrx_word' id='word_1_14' title='bbox 1411 862 1634 920; x_wconf 86' lang='lat' dir='ltr'>Festa</span> <span class='ocrx_word' id='word_1_15' title='bbox 1684 860 1994 919; x_wconf 87' lang='lat' dir='ltr'>mobilia</span> <span class='ocrx_word' id='word_1_16' title='bbox 2044 874 2303 920; x_wconf 85' lang='lat' dir='ltr'>mense</span> <span class='ocrx_word' id='word_1_17' title='bbox 2352 862 2574 922; x_wconf 64' lang='lat' dir='ltr'>sulio.</span> 
     </span>
    </p>
   </div>
   <div class='ocr_carea' id='block_1_4' title="bbox 867 998 3106 1182">
    <p class='ocr_par' dir='ltr' id='par_1_4' title="bbox 867 998 3106 1182">
     <span class='ocr_line' id='line_1_4' title="bbox 1044 998 3106 1082; baseline -0.001 -18"><span class='ocrx_word' id='word_1_18' title='bbox 1044 999 1251 1064; x_wconf 80' lang='lat' dir='ltr'><strong>Habet</strong></span> <span class='ocrx_word' id='word_1_19' title='bbox 1313 998 1518 1063; x_wconf 84' lang='lat' dir='ltr'>Julius</span> <span class='ocrx_word' id='word_1_20' title='bbox 1585 998 1981 1082; x_wconf 67' lang='lat' dir='ltr'>concaptivos</span> <span class='ocrx_word' id='word_1_21' title='bbox 2057 999 2190 1063; x_wconf 90' lang='lat' dir='ltr'>dies</span> <span class='ocrx_word' id='word_1_22' title='bbox 2257 998 2450 1064; x_wconf 85' lang='lat' dir='ltr'>festos</span> <span class='ocrx_word' id='word_1_23' title='bbox 2515 1002 2782 1082; x_wconf 88' lang='lat' dir='ltr'>quatuor</span> <span class='ocrx_word' id='word_1_24' title='bbox 2845 1001 3106 1071; x_wconf 65' lang='lat' dir='ltr'>tantum,</span> 
     </span>
     <span class='ocr_line' id='line_1_5' title="bbox 867 1096 2788 1182; baseline 0.001 -21"><span class='ocrx_word' id='word_1_25' title='bbox 867 1098 1021 1162; x_wconf 89' lang='lat' dir='ltr'>duos</span> <span class='ocrx_word' id='word_1_26' title='bbox 1068 1098 1230 1181; x_wconf 88' lang='lat' dir='ltr'>apud</span> <span class='ocrx_word' id='word_1_27' title='bbox 1280 1097 1553 1163; x_wconf 79' lang='lat' dir='ltr'>Graecos</span> <span class='ocrx_word' id='word_1_28' title='bbox 1600 1097 1984 1182; x_wconf 85' lang='lat' dir='ltr'>totidemque</span> <span class='ocrx_word' id='word_1_29' title='bbox 2032 1098 2093 1162; x_wconf 91' lang='lat' dir='ltr'>in</span> <span class='ocrx_word' id='word_1_30' title='bbox 2127 1097 2442 1163; x_wconf 87' lang='lat' dir='ltr'>Breviario</span> <span class='ocrx_word' id='word_1_31' title='bbox 2490 1096 2788 1162; x_wconf 79' lang='lat' dir='ltr'>Romano,</span> 
     </span>
    </p>
   </div>
   <div class='ocr_carea' id='block_1_5' title="bbox 864 1288 3112 1574">
    <p class='ocr_par' dir='ltr' id='par_1_5' title="bbox 864 1288 3112 1574">
     <span class='ocr_line' id='line_1_6' title="bbox 868 1288 3112 1381; baseline 0.001 -25"><span class='ocrx_word' id='word_1_32' title='bbox 868 1292 1213 1381; x_wconf 84' lang='grc' dir='ltr'><strong><em>Κυριακὴ</em></strong></span> <span class='ocrx_word' id='word_1_33' title='bbox 1256 1298 1404 1358; x_wconf 85' lang='grc' dir='ltr'>τῶν</span> <span class='ocrx_word' id='word_1_34' title='bbox 1434 1288 1665 1376; x_wconf 78' lang='grc' dir='ltr'><strong><em>ἁγίων</em></strong></span> <span class='ocrx_word' id='word_1_35' title='bbox 1695 1291 1936 1358; x_wconf 81' lang='grc' dir='ltr'><strong><em>πατέ-</em></strong></span> <span class='ocrx_word' id='word_1_36' title='bbox 2048 1295 2452 1359; x_wconf 78' lang='lat' dir='ltr'>Dominica</span> <span class='ocrx_word' id='word_1_37' title='bbox 2497 1304 2925 1359; x_wconf 74' lang='lat' dir='ltr'>sanctorum</span> <span class='ocrx_word' id='word_1_38' title='bbox 2975 1295 3112 1358; x_wconf 81' lang='lat' dir='ltr'>Pa-</span> 
     </span>
     <span class='ocr_line' id='line_1_7' title="bbox 864 1387 3112 1479; baseline 0 -24"><span class='ocrx_word' id='word_1_39' title='bbox 864 1415 1013 1477; x_wconf 89' lang='grc' dir='ltr'>ρων</span> <span class='ocrx_word' id='word_1_40' title='bbox 1057 1397 1204 1457; x_wconf 80' lang='grc' dir='ltr'>τῶν</span> <span class='ocrx_word' id='word_1_41' title='bbox 1249 1390 1328 1458; x_wconf 76' lang='grc' dir='ltr'>ἐν</span> <span class='ocrx_word' id='word_1_42' title='bbox 1357 1396 1529 1470; x_wconf 84' lang='grc' dir='ltr'><strong><em>ταῖς</em></strong></span> <span class='ocrx_word' id='word_1_43' title='bbox 1566 1387 1647 1474; x_wconf 60' lang='grc' dir='ltr'>(ἐξ</span> <span class='ocrx_word' id='word_1_44' title='bbox 1677 1387 1935 1458; x_wconf 83' lang='grc' dir='ltr'><strong><em>οἶκου-</em></strong></span> <span class='ocrx_word' id='word_1_45' title='bbox 2049 1403 2236 1457; x_wconf 80' lang='lat' dir='ltr'>trum</span> <span class='ocrx_word' id='word_1_46' title='bbox 2270 1414 2399 1457; x_wconf 74' lang='lat' dir='ltr'>sex</span> <span class='ocrx_word' id='word_1_47' title='bbox 2426 1393 2881 1479; x_wconf 76' lang='lat' dir='ltr'>synodorum</span> <span class='ocrx_word' id='word_1_48' title='bbox 2910 1414 3112 1456; x_wconf 81' lang='lat' dir='ltr'>occu-</span> 
     </span>
     <span class='ocr_line' id='line_1_8' title="bbox 1015 1488 2806 1574; baseline 0.001 -20"><span class='ocrx_word' id='word_1_49' title='bbox 1015 1492 1365 1574; x_wconf 79' lang='grc' dir='ltr'><strong><em>μενικαῖς</em></strong></span> <span class='ocrx_word' id='word_1_50' title='bbox 1412 1488 1792 1569; x_wconf 77' lang='grc' dir='ltr'><strong><em>συνόδοις.</em></strong></span> <span class='ocrx_word' id='word_1_51' title='bbox 2331 1493 2806 1570; x_wconf 71' lang='lat' dir='ltr'>manicarum.</span> 
     </span>
    </p>
   </div>
   <div class='ocr_carea' id='block_1_6' title="bbox 864 1651 3117 1917">
    <p class='ocr_par' dir='ltr' id='par_1_6' title="bbox 864 1651 3117 1917">
     <span class='ocr_line' id='line_1_9' title="bbox 1043 1651 3117 1744; baseline 0 -27"><span class='ocrx_word' id='word_1_52' title='bbox 1043 1652 1245 1717; x_wconf 81' lang='lat' dir='ltr'>Slav.</span> <span class='ocrx_word' id='word_1_53' title='bbox 1320 1653 1600 1744; x_wconf 60' lang='lat' dir='ltr'>Nedelja</span> <span class='ocrx_word' id='word_1_54' title='bbox 1658 1655 1940 1744; x_wconf 75' lang='lat' dir='ltr'>svjatych</span> <span class='ocrx_word' id='word_1_55' title='bbox 2006 1665 2138 1720; x_wconf 78' lang='lat' dir='ltr'>otec</span> <span class='ocrx_word' id='word_1_56' title='bbox 2186 1656 2341 1719; x_wconf 66' lang='lat' dir='ltr'>sesti</span> <span class='ocrx_word' id='word_1_57' title='bbox 2387 1651 2649 1719; x_wconf 78' lang='lat' dir='ltr'>soborov</span> <span class='ocrx_word' id='word_1_58' title='bbox 2695 1651 3117 1733; x_wconf 52' lang='lat' dir='ltr'>melmkiclu</span> 
     </span>
     <span class='ocr_line' id='line_1_10' title="bbox 866 1750 3116 1840; baseline 0 -26"><span class='ocrx_word' id='word_1_59' title='bbox 866 1770 1157 1818; x_wconf 89' lang='lat' dir='ltr'>rumen.</span> <span class='ocrx_word' id='word_1_60' title='bbox 1227 1752 1595 1816; x_wconf 82' lang='lat' dir='ltr'>Dominec&#39;a</span> <span class='ocrx_word' id='word_1_61' title='bbox 1657 1752 1931 1817; x_wconf 62' lang='lat' dir='ltr'>camilon·</span> <span class='ocrx_word' id='word_1_62' title='bbox 1968 1755 2233 1840; x_wconf 76' lang='lat' dir='ltr'>parenti</span> <span class='ocrx_word' id='word_1_63' title='bbox 2279 1751 2554 1831; x_wconf 75' lang='lat' dir='ltr'>aceloru,</span> <span class='ocrx_word' id='word_1_64' title='bbox 2619 1752 2759 1816; x_wconf 81' lang='lat' dir='ltr'>cari</span> <span class='ocrx_word' id='word_1_65' title='bbox 2804 1774 2892 1816; x_wconf 77' lang='lat' dir='ltr'>au</span> <span class='ocrx_word' id='word_1_66' title='bbox 2919 1750 3116 1838; x_wconf 72' lang='lat' dir='ltr'>festu</span> 
     </span>
     <span class='ocr_line' id='line_1_11' title="bbox 864 1848 2304 1917; baseline 0.004 -6"><span class='ocrx_word' id='word_1_67' title='bbox 864 1848 942 1912; x_wconf 83' lang='lat' dir='ltr'>de</span> <span class='ocrx_word' id='word_1_68' title='bbox 991 1849 1135 1917; x_wconf 69' lang='lat' dir='ltr'>face</span> <span class='ocrx_word' id='word_1_69' title='bbox 1183 1850 1251 1914; x_wconf 86' lang='lat' dir='ltr'>la</span> <span class='ocrx_word' id='word_1_70' title='bbox 1298 1848 1424 1914; x_wconf 81' lang='lat' dir='ltr'>cele</span> <span class='ocrx_word' id='word_1_71' title='bbox 1470 1852 1628 1914; x_wconf 71' lang='lat' dir='ltr'>sicce</span> <span class='ocrx_word' id='word_1_72' title='bbox 1675 1852 1897 1915; x_wconf 70' lang='lat' dir='ltr'>sindde</span> <span class='ocrx_word' id='word_1_73' title='bbox 1944 1854 2304 1917; x_wconf 81' lang='lat' dir='ltr'>ecumcm&#39;ce.</span> 
     </span>
    </p>
   </div>
   <div class='ocr_carea' id='block_1_7' title="bbox 861 1973 3113 3844">
    <p class='ocr_par' dir='ltr' id='par_1_7' title="bbox 861 1973 3113 2846">
     <span class='ocr_line' id='line_1_12' title="bbox 1047 1973 3112 2060; baseline 0 -21"><span class='ocrx_word' id='word_1_74' title='bbox 1047 1975 1244 2040; x_wconf 85' lang='lat' dir='ltr'><strong>Unius</strong></span> <span class='ocrx_word' id='word_1_75' title='bbox 1295 1974 1825 2042; x_wconf 77' lang='lat' dir='ltr'>Chalcedonensis</span> <span class='ocrx_word' id='word_1_76' title='bbox 1874 1977 2116 2043; x_wconf 88' lang='lat' dir='ltr'>concilii</span> <span class='ocrx_word' id='word_1_77' title='bbox 2149 1977 2510 2043; x_wconf 78' lang='lat' dir='ltr'>memoriam</span> <span class='ocrx_word' id='word_1_78' title='bbox 2544 1976 2708 2060; x_wconf 91' lang='lat' dir='ltr'>apud</span> <span class='ocrx_word' id='word_1_79' title='bbox 2740 1973 3112 2042; x_wconf 85' lang='lat' dir='ltr'>CPolitanos</span> 
     </span>
     <span class='ocr_line' id='line_1_13' title="bbox 868 2073 3112 2161; baseline 0.001 -24"><span class='ocrx_word' id='word_1_80' title='bbox 868 2073 985 2138; x_wconf 90' lang='lat' dir='ltr'>hoc</span> <span class='ocrx_word' id='word_1_81' title='bbox 1032 2073 1192 2139; x_wconf 84' lang='lat' dir='ltr'>festo</span> <span class='ocrx_word' id='word_1_82' title='bbox 1245 2076 1363 2160; x_wconf 86' lang='lat' dir='ltr'>agi,</span> <span class='ocrx_word' id='word_1_83' title='bbox 1412 2076 1771 2141; x_wconf 90' lang='lat' dir='ltr'>monuimus</span> <span class='ocrx_word' id='word_1_84' title='bbox 1817 2080 1984 2140; x_wconf 89' lang='lat' dir='ltr'>tomo</span> <span class='ocrx_word' id='word_1_85' title='bbox 2037 2078 2094 2155; x_wconf 87' lang='lat'>1,</span> <span class='ocrx_word' id='word_1_86' title='bbox 2146 2098 2205 2161; x_wconf 89' lang='lat' dir='ltr'>p.</span> <span class='ocrx_word' id='word_1_87' title='bbox 2257 2076 2407 2142; x_wconf 81' lang='lat'>217.</span> <span class='ocrx_word' id='word_1_88' title='bbox 2504 2073 2816 2141; x_wconf 77' lang='lat' dir='ltr'>Consonat</span> <span class='ocrx_word' id='word_1_89' title='bbox 2861 2074 3112 2139; x_wconf 76' lang='lat' dir='ltr'>rubrica</span> 
     </span>
     <span class='ocr_line' id='line_1_14' title="bbox 866 2170 3109 2258; baseline 0.001 -23"><span class='ocrx_word' id='word_1_90' title='bbox 866 2170 1087 2237; x_wconf 89' lang='lat' dir='ltr'>Officio</span> <span class='ocrx_word' id='word_1_91' title='bbox 1136 2171 1396 2238; x_wconf 86' lang='lat' dir='ltr'>solemni</span> <span class='ocrx_word' id='word_1_92' title='bbox 1447 2174 1721 2257; x_wconf 82' lang='lat' dir='ltr'>praefixa</span> <span class='ocrx_word' id='word_1_93' title='bbox 1745 2174 1831 2256; x_wconf 82' lang='grc'>1),</span> <span class='ocrx_word' id='word_1_94' title='bbox 1900 2194 2060 2258; x_wconf 78' lang='lat' dir='ltr'>quae</span> <span class='ocrx_word' id='word_1_95' title='bbox 2109 2179 2205 2239; x_wconf 88' lang='lat' dir='ltr'>est</span> <span class='ocrx_word' id='word_1_96' title='bbox 2249 2173 2642 2258; x_wconf 90' lang='lat' dir='ltr'>hujusmodi:</span> <span class='ocrx_word' id='word_1_97' title='bbox 2704 2174 3109 2237; x_wconf 69' lang='grc' dir='ltr'><em>ΕΙΔΗΣΙΣ.</em></span> 
     </span>
     <span class='ocr_line' id='line_1_15' title="bbox 872 2267 3112 2360; baseline 0.001 -28"><span class='ocrx_word' id='word_1_98' title='bbox 872 2267 1059 2333; x_wconf 81' lang='grc' dir='ltr'><strong><em>Κατὰ</em></strong></span> <span class='ocrx_word' id='word_1_99' title='bbox 1105 2268 1218 2357; x_wconf 81' lang='grc' dir='ltr'>τὴν</span> <span class='ocrx_word' id='word_1_100' title='bbox 1263 2274 1367 2352; x_wconf 80' lang='grc' dir='ltr'>ιγ’.</span> <span class='ocrx_word' id='word_1_101' title='bbox 1416 2275 1532 2335; x_wconf 83' lang='grc' dir='ltr'><strong><em>τοῦ</em></strong></span> <span class='ocrx_word' id='word_1_102' title='bbox 1560 2269 1904 2356; x_wconf 78' lang='grc' dir='ltr'><strong><em>παρόντος,</em></strong></span> <span class='ocrx_word' id='word_1_103' title='bbox 1954 2269 2067 2336; x_wconf 73' lang='grc' dir='ltr'>ἐᾶν</span> <span class='ocrx_word' id='word_1_104' title='bbox 2091 2271 2249 2359; x_wconf 84' lang='grc' dir='ltr'><strong><em>τύχῃ</em></strong></span> <span class='ocrx_word' id='word_1_105' title='bbox 2280 2268 2348 2335; x_wconf 76' lang='grc' dir='ltr'>ἓν</span> <span class='ocrx_word' id='word_1_106' title='bbox 2379 2274 2662 2360; x_wconf 82' lang='grc' dir='ltr'><strong><em>κυριακῇ,</em></strong></span> <span class='ocrx_word' id='word_1_107' title='bbox 2709 2267 2857 2359; x_wconf 77' lang='grc' dir='ltr'>ἢτῇ</span> <span class='ocrx_word' id='word_1_108' title='bbox 2887 2267 3112 2357; x_wconf 83' lang='grc' dir='ltr'><strong><em>πρώτῃ</em></strong></span> 
     </span>
     <span class='ocr_line' id='line_1_16' title="bbox 861 2363 3113 2458; baseline 0.001 -29"><span class='ocrx_word' id='word_1_109' title='bbox 861 2363 1002 2449; x_wconf 74' lang='grc' dir='ltr'><strong><em>μετ’</em></strong></span> <span class='ocrx_word' id='word_1_110' title='bbox 1049 2366 1242 2458; x_wconf 78' lang='grc' dir='ltr'><strong><em>αὐτὴν</em></strong></span> <span class='ocrx_word' id='word_1_111' title='bbox 1288 2364 1590 2457; x_wconf 71' lang='grc' dir='ltr'><strong><em>ἐρχομένῃ</em></strong></span> <span class='ocrx_word' id='word_1_112' title='bbox 1613 2370 1687 2455; x_wconf 74' lang='lat'>²),</span> <span class='ocrx_word' id='word_1_113' title='bbox 1742 2369 2060 2457; x_wconf 80' lang='grc' dir='ltr'><strong><em>ψάλλεται</em></strong></span> <span class='ocrx_word' id='word_1_114' title='bbox 2107 2368 2143 2457; x_wconf 81' lang='grc' dir='ltr'>ἡ</span> <span class='ocrx_word' id='word_1_115' title='bbox 2189 2364 2552 2435; x_wconf 76' lang='grc' dir='ltr'><strong><em>ἀκολουθία</em></strong></span> <span class='ocrx_word' id='word_1_116' title='bbox 2595 2374 2723 2434; x_wconf 81' lang='grc' dir='ltr'>τῶν</span> <span class='ocrx_word' id='word_1_117' title='bbox 2769 2368 2865 2450; x_wconf 85' lang='grc' dir='ltr'>χλ’</span> <span class='ocrx_word' id='word_1_118' title='bbox 2916 2363 3113 2451; x_wconf 76' lang='grc' dir='ltr'><strong><em>ἁγίων</em></strong></span> 
     </span>
     <span class='ocr_line' id='line_1_17' title="bbox 862 2463 3104 2556; baseline 0.002 -30"><span class='ocrx_word' id='word_1_119' title='bbox 862 2463 967 2528; x_wconf 85' lang='grc' dir='ltr'><strong><em>καὶ</em></strong></span> <span class='ocrx_word' id='word_1_120' title='bbox 1019 2466 1361 2555; x_wconf 69' lang='grc' dir='ltr'><strong><em>θεοφίρων</em></strong></span> <span class='ocrx_word' id='word_1_121' title='bbox 1400 2466 1699 2552; x_wconf 78' lang='grc' dir='ltr'><strong><em>πατέρων</em></strong></span> <span class='ocrx_word' id='word_1_122' title='bbox 1734 2473 1846 2556; x_wconf 78' lang='grc' dir='ltr'>τῆς</span> <span class='ocrx_word' id='word_1_123' title='bbox 1876 2464 2059 2552; x_wconf 80' lang='grc' dir='ltr'><strong><em>ἁγίας</em></strong></span> <span class='ocrx_word' id='word_1_124' title='bbox 2085 2466 2196 2532; x_wconf 78' lang='grc' dir='ltr'><strong><em>καὶ</em></strong></span> <span class='ocrx_word' id='word_1_125' title='bbox 2228 2463 2665 2552; x_wconf 68' lang='grc' dir='ltr'><strong><em>οἶκουμενικῧς</em></strong></span> <span class='ocrx_word' id='word_1_126' title='bbox 2693 2466 2774 2533; x_wconf 77' lang='grc' dir='ltr'>δ’.</span> <span class='ocrx_word' id='word_1_127' title='bbox 2809 2466 3104 2547; x_wconf 75' lang='grc' dir='ltr'><strong><em>συνόδου,</em></strong></span> 
     </span>
     <span class='ocr_line' id='line_1_18' title="bbox 861 2557 3108 2653; baseline 0.001 -27"><span class='ocrx_word' id='word_1_128' title='bbox 861 2566 972 2649; x_wconf 81' lang='grc' dir='ltr'>τῆς</span> <span class='ocrx_word' id='word_1_129' title='bbox 1018 2560 1087 2628; x_wconf 77' lang='grc' dir='ltr'>ἐν</span> <span class='ocrx_word' id='word_1_130' title='bbox 1131 2557 1258 2629; x_wconf 73' lang='grc' dir='ltr'><strong><em>ἔτει</em></strong></span> <span class='ocrx_word' id='word_1_131' title='bbox 1308 2565 1465 2647; x_wconf 89' lang='grc' dir='ltr'><strong><em>υνα’,</em></strong></span> <span class='ocrx_word' id='word_1_132' title='bbox 1515 2564 1631 2631; x_wconf 74' lang='grc' dir='ltr'>ἐπὶ</span> <span class='ocrx_word' id='word_1_133' title='bbox 1674 2571 1804 2631; x_wconf 83' lang='grc' dir='ltr'>τῶν</span> <span class='ocrx_word' id='word_1_134' title='bbox 1848 2565 2171 2649; x_wconf 77' lang='grc' dir='ltr'><strong><em>βασιλέων</em></strong></span> <span class='ocrx_word' id='word_1_135' title='bbox 2215 2570 2599 2653; x_wconf 84' lang='grc' dir='ltr'><strong><em>Μαρκιανοῦ</em></strong></span> <span class='ocrx_word' id='word_1_136' title='bbox 2657 2564 2765 2630; x_wconf 82' lang='grc' dir='ltr'><strong><em>καὶ</em></strong></span> <span class='ocrx_word' id='word_1_137' title='bbox 2813 2565 3108 2653; x_wconf 77' lang='grc' dir='ltr'><strong><em>Πουλχη-</em></strong></span> 
     </span>
     <span class='ocr_line' id='line_1_19' title="bbox 862 2655 3107 2755; baseline 0.001 -30"><span class='ocrx_word' id='word_1_138' title='bbox 862 2655 1023 2746; x_wconf 84' lang='grc' dir='ltr'><strong><em>ριάς,</em></strong></span> <span class='ocrx_word' id='word_1_139' title='bbox 1073 2660 1614 2755; x_wconf 70' lang='grc' dir='ltr'><strong><em>συγκροτηθείσης</em></strong></span> <span class='ocrx_word' id='word_1_140' title='bbox 1649 2665 1815 2731; x_wconf 83' lang='grc' dir='ltr'><strong><em>κατὰ</em></strong></span> <span class='ocrx_word' id='word_1_141' title='bbox 1844 2667 2161 2749; x_wconf 78' lang='grc' dir='ltr'><strong><em>Εὕτυχοῢς</em></strong></span> <span class='ocrx_word' id='word_1_142' title='bbox 2206 2663 2316 2731; x_wconf 85' lang='grc' dir='ltr'><strong><em>καὶ</em></strong></span> <span class='ocrx_word' id='word_1_143' title='bbox 2351 2664 2710 2754; x_wconf 86' lang='grc' dir='ltr'><strong><em>Διοσκόρου</em></strong></span> <span class='ocrx_word' id='word_1_144' title='bbox 2754 2669 2886 2730; x_wconf 79' lang='grc' dir='ltr'>τῶν</span> <span class='ocrx_word' id='word_1_145' title='bbox 2911 2687 3107 2750; x_wconf 85' lang='grc' dir='ltr'><strong><em>μονο-</em></strong></span> 
     </span>
     <span class='ocr_line' id='line_1_20' title="bbox 866 2765 1171 2846; baseline 0.02 -26"><span class='ocrx_word' id='word_1_146' title='bbox 866 2765 1171 2846; x_wconf 78' lang='grc' dir='ltr'><strong><em>φυσιτῶν.</em></strong></span> 
     </span>
    </p>

    <p class='ocr_par' dir='ltr' id='par_1_8' title="bbox 862 2870 3104 3844">
     <span class='ocr_line' id='line_1_21' title="bbox 1041 2870 3104 2959; baseline 0.003 -25"><span class='ocrx_word' id='word_1_147' title='bbox 1041 2870 1114 2935; x_wconf 92' lang='lat' dir='ltr'>In</span> <span class='ocrx_word' id='word_1_148' title='bbox 1164 2871 1421 2937; x_wconf 89' lang='lat' dir='ltr'>canticis</span> <span class='ocrx_word' id='word_1_149' title='bbox 1468 2875 1721 2957; x_wconf 88' lang='lat' dir='ltr'>quidem</span> <span class='ocrx_word' id='word_1_150' title='bbox 1772 2875 1960 2940; x_wconf 88' lang='lat' dir='ltr'>etiam</span> <span class='ocrx_word' id='word_1_151' title='bbox 1989 2876 2265 2958; x_wconf 87' lang='lat' dir='ltr'>synodus</span> <span class='ocrx_word' id='word_1_152' title='bbox 2296 2885 2470 2940; x_wconf 80' lang='lat' dir='ltr'>sexta</span> <span class='ocrx_word' id='word_1_153' title='bbox 2498 2874 2710 2958; x_wconf 83' lang='lat' dir='ltr'>paucis</span> <span class='ocrx_word' id='word_1_154' title='bbox 2745 2873 3104 2959; x_wconf 85' lang='lat' dir='ltr'>attingitur:</span> 
     </span>
     <span class='ocr_line' id='line_1_22' title="bbox 865 2969 3102 3057; baseline 0.002 -26"><span class='ocrx_word' id='word_1_155' title='bbox 865 2969 972 3031; x_wconf 85' lang='lat' dir='ltr'>sed</span> <span class='ocrx_word' id='word_1_156' title='bbox 1022 2971 1419 3052; x_wconf 83' lang='lat' dir='ltr'>synaxarium</span> <span class='ocrx_word' id='word_1_157' title='bbox 1486 2973 1562 3036; x_wconf 83' lang='lat' dir='ltr'>ad</span> <span class='ocrx_word' id='word_1_158' title='bbox 1622 2992 1812 3037; x_wconf 87' lang='lat' dir='ltr'>unam</span> <span class='ocrx_word' id='word_1_159' title='bbox 1877 2971 2449 3039; x_wconf 82' lang='lat' dir='ltr'>Chalcedonensem</span> <span class='ocrx_word' id='word_1_160' title='bbox 2512 2971 2884 3057; x_wconf 75' lang='lat' dir='ltr'>pertinet⁸);</span> <span class='ocrx_word' id='word_1_161' title='bbox 2953 2971 3102 3038; x_wconf 88' lang='lat' dir='ltr'>nihil</span> 
     </span>
     <span class='ocr_line' id='line_1_23' title="bbox 867 3065 3104 3155; baseline 0.002 -26"><span class='ocrx_word' id='word_1_162' title='bbox 867 3065 1030 3130; x_wconf 91' lang='lat' dir='ltr'>enim</span> <span class='ocrx_word' id='word_1_163' title='bbox 1082 3072 1328 3150; x_wconf 85' lang='lat' dir='ltr'>praeter</span> <span class='ocrx_word' id='word_1_164' title='bbox 1373 3069 1616 3155; x_wconf 87' lang='lat' dir='ltr'>insigne</span> <span class='ocrx_word' id='word_1_165' title='bbox 1665 3070 2036 3136; x_wconf 84' lang='lat' dir='ltr'>miraculum</span> <span class='ocrx_word' id='word_1_166' title='bbox 2084 3070 2375 3149; x_wconf 89' lang='lat' dir='ltr'>continet,</span> <span class='ocrx_word' id='word_1_167' title='bbox 2440 3071 2608 3154; x_wconf 90' lang='lat' dir='ltr'>quod</span> <span class='ocrx_word' id='word_1_168' title='bbox 2655 3090 2703 3136; x_wconf 80' lang='lat' dir='ltr'>s,</span> <span class='ocrx_word' id='word_1_169' title='bbox 2753 3069 3104 3155; x_wconf 83' lang='lat' dir='ltr'>Euphemia</span> 
     </span>
     <span class='ocr_line' id='line_1_24' title="bbox 864 3163 3100 3254; baseline 0 -25"><span class='ocrx_word' id='word_1_170' title='bbox 864 3169 1256 3249; x_wconf 83' lang='lat' dir='ltr'>perpetrasse</span> <span class='ocrx_word' id='word_1_171' title='bbox 1320 3166 1582 3254; x_wconf 84' lang='lat' dir='ltr'>legitur,</span> <span class='ocrx_word' id='word_1_172' title='bbox 1652 3165 1760 3232; x_wconf 77' lang='grc' dir='ltr'>ὅτε</span> <span class='ocrx_word' id='word_1_173' title='bbox 1819 3166 1934 3232; x_wconf 78' lang='grc' dir='ltr'>τὸν</span> <span class='ocrx_word' id='word_1_174' title='bbox 1993 3165 2144 3252; x_wconf 79' lang='grc' dir='ltr'><strong><em>ὅρον</em></strong></span> <span class='ocrx_word' id='word_1_175' title='bbox 2202 3172 2315 3254; x_wconf 76' lang='grc' dir='ltr'>τῆς</span> <span class='ocrx_word' id='word_1_176' title='bbox 2374 3163 2658 3243; x_wconf 78' lang='grc' dir='ltr'><strong><em>πίστεως</em></strong></span> <span class='ocrx_word' id='word_1_177' title='bbox 2720 3163 3100 3252; x_wconf 71' lang='grc' dir='ltr'><strong><em>ἐπεκύρωσε,</em></strong></span> 
     </span>
     <span class='ocr_line' id='line_1_25' title="bbox 863 3261 3101 3352; baseline 0.002 -26"><span class='ocrx_word' id='word_1_178' title='bbox 863 3285 1049 3347; x_wconf 84' lang='lat' dir='ltr'>quum</span> <span class='ocrx_word' id='word_1_179' title='bbox 1113 3261 1675 3330; x_wconf 72' lang='lat' dir='ltr'>Chalcedonensem</span> <span class='ocrx_word' id='word_1_180' title='bbox 1712 3266 1880 3351; x_wconf 76' lang='lat' dir='ltr'>fidei</span> <span class='ocrx_word' id='word_1_181' title='bbox 1940 3266 2365 3350; x_wconf 78' lang='lat' dir='ltr'>definitionem</span> <span class='ocrx_word' id='word_1_182' title='bbox 2415 3267 2851 3352; x_wconf 68' lang='lat' dir='ltr'>confirmavit,</span> <span class='ocrx_word' id='word_1_183' title='bbox 2917 3270 2985 3332; x_wconf 83' lang='lat' dir='ltr'>ut</span> <span class='ocrx_word' id='word_1_184' title='bbox 3042 3267 3101 3330; x_wconf 87' lang='lat' dir='ltr'>in</span> 
     </span>
     <span class='ocr_line' id='line_1_26' title="bbox 862 3358 3098 3444; baseline 0.003 -21"><span class='ocrx_word' id='word_1_185' title='bbox 862 3358 1040 3426; x_wconf 89' lang='lat' dir='ltr'>fastis</span> <span class='ocrx_word' id='word_1_186' title='bbox 1088 3362 1542 3442; x_wconf 86' lang='lat' dir='ltr'>ecclesiasticis,</span> <span class='ocrx_word' id='word_1_187' title='bbox 1594 3367 1668 3429; x_wconf 89' lang='lat' dir='ltr'>ad</span> <span class='ocrx_word' id='word_1_188' title='bbox 1718 3366 1884 3431; x_wconf 91' lang='lat' dir='ltr'>diem</span> <span class='ocrx_word' id='word_1_189' title='bbox 1939 3367 2037 3431; x_wconf 89' lang='lat'>11.</span> <span class='ocrx_word' id='word_1_190' title='bbox 2089 3365 2257 3444; x_wconf 82' lang='lat' dir='ltr'>Julii,</span> <span class='ocrx_word' id='word_1_191' title='bbox 2308 3371 2621 3432; x_wconf 88' lang='lat' dir='ltr'>ostentum</span> <span class='ocrx_word' id='word_1_192' title='bbox 2667 3365 2817 3431; x_wconf 89' lang='lat' dir='ltr'>illud</span> <span class='ocrx_word' id='word_1_193' title='bbox 2866 3385 3098 3430; x_wconf 89' lang='lat' dir='ltr'>annun-</span> 
     </span>
     <span class='ocr_line' id='line_1_27' title="bbox 864 3458 3099 3550; baseline 0.003 -29"><span class='ocrx_word' id='word_1_194' title='bbox 864 3458 1081 3524; x_wconf 88' lang='lat' dir='ltr'>tiatum</span> <span class='ocrx_word' id='word_1_195' title='bbox 1130 3461 1397 3528; x_wconf 88' lang='lat' dir='ltr'>vidimus</span> <span class='ocrx_word' id='word_1_196' title='bbox 1445 3467 1611 3528; x_wconf 82' lang='lat' dir='ltr'>tomo</span> <span class='ocrx_word' id='word_1_197' title='bbox 1666 3468 1721 3542; x_wconf 91' lang='lat'>1,</span> <span class='ocrx_word' id='word_1_198' title='bbox 1776 3485 1832 3548; x_wconf 89' lang='lat' dir='ltr'>p.</span> <span class='ocrx_word' id='word_1_199' title='bbox 1885 3464 2034 3529; x_wconf 79' lang='lat'>207.</span> <span class='ocrx_word' id='word_1_200' title='bbox 2130 3464 2222 3529; x_wconf 84' lang='lat' dir='ltr'>Tu</span> <span class='ocrx_word' id='word_1_201' title='bbox 2270 3468 2501 3549; x_wconf 87' lang='lat' dir='ltr'>repete,</span> <span class='ocrx_word' id='word_1_202' title='bbox 2565 3465 2619 3529; x_wconf 91' lang='lat' dir='ltr'>si</span> <span class='ocrx_word' id='word_1_203' title='bbox 2663 3463 2886 3550; x_wconf 87' lang='lat' dir='ltr'>placet,</span> <span class='ocrx_word' id='word_1_204' title='bbox 2944 3484 3099 3548; x_wconf 89' lang='lat' dir='ltr'>quae</span> 
     </span>
     <span class='ocr_line' id='line_1_28' title="bbox 863 3556 3098 3648; baseline 0.003 -29"><span class='ocrx_word' id='word_1_205' title='bbox 863 3556 940 3619; x_wconf 92' lang='lat' dir='ltr'>de</span> <span class='ocrx_word' id='word_1_206' title='bbox 987 3558 1333 3625; x_wconf 87' lang='lat' dir='ltr'>rationibus</span> <span class='ocrx_word' id='word_1_207' title='bbox 1380 3560 1711 3633; x_wconf 78' lang='lat' dir='ltr'>historicis,</span> <span class='ocrx_word' id='word_1_208' title='bbox 1776 3562 2107 3648; x_wconf 73' lang='lat' dir='ltr'>liturgiciS,</span> <span class='ocrx_word' id='word_1_209' title='bbox 2172 3562 2672 3648; x_wconf 83' lang='lat' dir='ltr'>iconographicis</span> <span class='ocrx_word' id='word_1_210' title='bbox 2732 3582 2804 3628; x_wconf 89' lang='lat' dir='ltr'>ac</span> <span class='ocrx_word' id='word_1_211' title='bbox 2849 3563 3098 3647; x_wconf 84' lang='lat' dir='ltr'>dogma-</span> 
     </span>
     <span class='ocr_line' id='line_1_29' title="bbox 863 3654 3095 3745; baseline 0.003 -27"><span class='ocrx_word' id='word_1_212' title='bbox 863 3654 1002 3719; x_wconf 85' lang='lat' dir='ltr'>ticis</span> <span class='ocrx_word' id='word_1_213' title='bbox 1049 3656 1344 3724; x_wconf 88' lang='lat' dir='ltr'>solemnis</span> <span class='ocrx_word' id='word_1_214' title='bbox 1390 3659 1579 3744; x_wconf 91' lang='lat' dir='ltr'>hujus</span> <span class='ocrx_word' id='word_1_215' title='bbox 1626 3662 1963 3726; x_wconf 87' lang='lat' dir='ltr'>memoriae</span> <span class='ocrx_word' id='word_1_216' title='bbox 2011 3660 2433 3738; x_wconf 88' lang='lat' dir='ltr'>conciliorum,</span> <span class='ocrx_word' id='word_1_217' title='bbox 2482 3660 2815 3745; x_wconf 79' lang='lat' dir='ltr'>praecipue</span> <span class='ocrx_word' id='word_1_218' title='bbox 2845 3660 3095 3726; x_wconf 86' lang='lat' dir='ltr'>Chalce-</span> 
     </span>
     <span class='ocr_line' id='line_1_30' title="bbox 862 3752 3093 3844; baseline 0.003 -28"><span class='ocrx_word' id='word_1_219' title='bbox 862 3752 1173 3833; x_wconf 88' lang='lat' dir='ltr'>donensis,</span> <span class='ocrx_word' id='word_1_220' title='bbox 1224 3755 1453 3822; x_wconf 87' lang='lat' dir='ltr'>ibidem</span> <span class='ocrx_word' id='word_1_221' title='bbox 1500 3758 1624 3824; x_wconf 86' lang='lat' dir='ltr'>late</span> <span class='ocrx_word' id='word_1_222' title='bbox 1674 3758 2039 3843; x_wconf 85' lang='lat' dir='ltr'>scripsimus</span> <span class='ocrx_word' id='word_1_223' title='bbox 2086 3780 2189 3843; x_wconf 92' lang='lat' dir='ltr'>pp.</span> <span class='ocrx_word' id='word_1_224' title='bbox 2223 3758 2612 3837; x_wconf 80' lang='lat'>208—217;</span> <span class='ocrx_word' id='word_1_225' title='bbox 2663 3779 2734 3824; x_wconf 90' lang='lat' dir='ltr'>ac</span> <span class='ocrx_word' id='word_1_226' title='bbox 2781 3759 3093 3844; x_wconf 81' lang='lat' dir='ltr'>speciatim</span> 
     </span>
    </p>
   </div>
   <div class='ocr_carea' id='block_1_8' title="bbox 863 3851 3091 3944">
    <p class='ocr_par' dir='ltr' id='par_1_9' title="bbox 863 3851 3091 3944">
     <span class='ocr_line' id='line_1_31' title="bbox 863 3851 3091 3944; baseline 0.003 -30"><span class='ocrx_word' id='word_1_227' title='bbox 863 3851 1096 3930; x_wconf 86' lang='lat' dir='ltr'>recole,</span> <span class='ocrx_word' id='word_1_228' title='bbox 1165 3858 1482 3921; x_wconf 89' lang='lat' dir='ltr'>communi</span> <span class='ocrx_word' id='word_1_229' title='bbox 1546 3877 1653 3922; x_wconf 83' lang='lat' dir='ltr'>sex</span> <span class='ocrx_word' id='word_1_230' title='bbox 1715 3858 1989 3941; x_wconf 89' lang='lat' dir='ltr'>priorum</span> <span class='ocrx_word' id='word_1_231' title='bbox 2055 3859 2430 3943; x_wconf 86' lang='lat' dir='ltr'>synodorum</span> <span class='ocrx_word' id='word_1_232' title='bbox 2497 3857 2656 3923; x_wconf 90' lang='lat' dir='ltr'>festo</span> <span class='ocrx_word' id='word_1_233' title='bbox 2720 3858 3091 3944; x_wconf 81' lang='lat' dir='ltr'>assignatum</span> 
     </span>
    </p>
   </div>
   <div class='ocr_carea' id='block_1_9' title="bbox 861 4031 3094 4592">
    <p class='ocr_par' dir='ltr' id='par_1_10' title="bbox 864 4031 3094 4188">
     <span class='ocr_line' id='line_1_32' title="bbox 1045 4031 3094 4106; baseline 0.001 -20"><span class='ocrx_word' id='word_1_234' title='bbox 1045 4032 1086 4099; x_wconf 82' lang='lat'>¹)</span> <span class='ocrx_word' id='word_1_235' title='bbox 1125 4031 1185 4086; x_wconf 89' lang='lat' dir='ltr'>In</span> <span class='ocrx_word' id='word_1_236' title='bbox 1221 4034 1497 4088; x_wconf 86' lang='lat' dir='ltr'>recentiori</span> <span class='ocrx_word' id='word_1_237' title='bbox 1525 4034 1852 4088; x_wconf 83' lang='lat' dir='ltr'>Menaeorum</span> <span class='ocrx_word' id='word_1_238' title='bbox 1891 4035 2114 4090; x_wconf 86' lang='lat' dir='ltr'>editione</span> <span class='ocrx_word' id='word_1_239' title='bbox 2142 4033 2170 4103; x_wconf 81' lang='grc' dir='ltr'><em>ἡ</em></span> <span class='ocrx_word' id='word_1_240' title='bbox 2199 4038 2307 4088; x_wconf 80' lang='grc' dir='ltr'>τῶν</span> <span class='ocrx_word' id='word_1_241' title='bbox 2332 4038 2578 4106; x_wconf 76' lang='grc' dir='ltr'><strong><em>πατέρων</em></strong></span> <span class='ocrx_word' id='word_1_242' title='bbox 2603 4035 2913 4088; x_wconf 74' lang='grc' dir='ltr'><strong><em>ἀκολουθία</em></strong></span> <span class='ocrx_word' id='word_1_243' title='bbox 2937 4036 3094 4090; x_wconf 81' lang='lat' dir='ltr'>media</span> 
     </span>
     <span class='ocr_line' id='line_1_33' title="bbox 864 4112 2962 4188; baseline 0.003 -23"><span class='ocrx_word' id='word_1_244' title='bbox 864 4112 1140 4182; x_wconf 85' lang='lat' dir='ltr'>interjacet</span> <span class='ocrx_word' id='word_1_245' title='bbox 1176 4114 1312 4169; x_wconf 86' lang='lat' dir='ltr'>inter</span> <span class='ocrx_word' id='word_1_246' title='bbox 1350 4116 1432 4169; x_wconf 86' lang='lat'>13.</span> <span class='ocrx_word' id='word_1_247' title='bbox 1476 4120 1531 4169; x_wconf 90' lang='lat' dir='ltr'>et</span> <span class='ocrx_word' id='word_1_248' title='bbox 1568 4117 1654 4170; x_wconf 84' lang='lat'>14.</span> <span class='ocrx_word' id='word_1_249' title='bbox 1691 4116 1815 4171; x_wconf 89' lang='lat' dir='ltr'>Julii</span> <span class='ocrx_word' id='word_1_250' title='bbox 1855 4116 2000 4182; x_wconf 87' lang='lat' dir='ltr'>(edit.</span> <span class='ocrx_word' id='word_1_251' title='bbox 2041 4116 2226 4172; x_wconf 89' lang='lat' dir='ltr'>Venet.</span> <span class='ocrx_word' id='word_1_252' title='bbox 2265 4134 2346 4171; x_wconf 89' lang='lat' dir='ltr'>an.</span> <span class='ocrx_word' id='word_1_253' title='bbox 2387 4118 2548 4184; x_wconf 79' lang='lat'><strong>1875,</strong></span> <span class='ocrx_word' id='word_1_254' title='bbox 2583 4133 2668 4188; x_wconf 87' lang='lat' dir='ltr'>pp.</span> <span class='ocrx_word' id='word_1_255' title='bbox 2705 4118 2962 4186; x_wconf 80' lang='lat'><strong>65—73).</strong></span> 
     </span>
    </p>

    <p class='ocr_par' dir='ltr' id='par_1_11' title="bbox 864 4192 3094 4419">
     <span class='ocr_line' id='line_1_34' title="bbox 1043 4192 3094 4268; baseline 0.002 -24"><span class='ocrx_word' id='word_1_256' title='bbox 1043 4192 1087 4261; x_wconf 73' lang='lat'>⁹)</span> <span class='ocrx_word' id='word_1_257' title='bbox 1126 4192 1339 4256; x_wconf 75' lang='grc' dir='ltr'><strong><em>Ἰστέον,</em></strong></span> <span class='ocrx_word' id='word_1_258' title='bbox 1380 4195 1545 4266; x_wconf 86' lang='lat' dir='ltr'>inquit</span> <span class='ocrx_word' id='word_1_259' title='bbox 1590 4196 1837 4248; x_wconf 82' lang='grc' dir='ltr'><strong><em>Τυπικὸν</em></strong></span> <span class='ocrx_word' id='word_1_260' title='bbox 1878 4202 2018 4264; x_wconf 80' lang='lat' dir='ltr'><strong><em>KIL,</em></strong></span> <span class='ocrx_word' id='word_1_261' title='bbox 2057 4215 2106 4268; x_wconf 87' lang='lat' dir='ltr'>p.</span> <span class='ocrx_word' id='word_1_262' title='bbox 2148 4200 2269 4264; x_wconf 76' lang='lat'>183,</span> <span class='ocrx_word' id='word_1_263' title='bbox 2317 4197 2402 4250; x_wconf 73' lang='grc' dir='ltr'>ὅτι</span> <span class='ocrx_word' id='word_1_264' title='bbox 2440 4196 2763 4268; x_wconf 10' lang='grc' dir='ltr'><strong><em>ἦνπαροῦσα</em></strong></span> <span class='ocrx_word' id='word_1_265' title='bbox 2798 4195 3094 4252; x_wconf 68' lang='grc' dir='ltr'><strong><em>ἀκολουθία</em></strong></span> 
     </span>
     <span class='ocr_line' id='line_1_35' title="bbox 866 4273 3090 4349; baseline 0.004 -25"><span class='ocrx_word' id='word_1_266' title='bbox 866 4273 1123 4339; x_wconf 81' lang='grc' dir='ltr'><strong><em>ψοίλλεται</em></strong></span> <span class='ocrx_word' id='word_1_267' title='bbox 1176 4276 1267 4341; x_wconf 74' lang='grc' dir='ltr'><strong><em>οἵᾳ</em></strong></span> <span class='ocrx_word' id='word_1_268' title='bbox 1317 4279 1543 4347; x_wconf 75' lang='grc' dir='ltr'><strong><em>κυριακῇ</em></strong></span> <span class='ocrx_word' id='word_1_269' title='bbox 1592 4274 1757 4344; x_wconf 72' lang='grc' dir='ltr'><strong><em>τύχοι</em></strong></span> <span class='ocrx_word' id='word_1_270' title='bbox 1807 4276 1917 4328; x_wconf 75' lang='grc' dir='ltr'>ἀπὸ</span> <span class='ocrx_word' id='word_1_271' title='bbox 1970 4281 2062 4342; x_wconf 82' lang='grc' dir='ltr'>τῆς</span> <span class='ocrx_word' id='word_1_272' title='bbox 2113 4277 2186 4348; x_wconf 78' lang='grc' dir='ltr'>ιγ’</span> <span class='ocrx_word' id='word_1_273' title='bbox 2240 4282 2341 4332; x_wconf 78' lang='grc' dir='ltr'><strong><em>τοῦ</em></strong></span> <span class='ocrx_word' id='word_1_274' title='bbox 2386 4278 2676 4337; x_wconf 71' lang='grc' dir='ltr'><strong><em>ἐνεστῶτος</em></strong></span> <span class='ocrx_word' id='word_1_275' title='bbox 2718 4279 2897 4348; x_wconf 77' lang='grc' dir='ltr'><strong><em>μηνός</em></strong></span> <span class='ocrx_word' id='word_1_276' title='bbox 2929 4281 3090 4349; x_wconf 71' lang='grc' dir='ltr'><strong><em>μεχρὶ</em></strong></span> 
     </span>
     <span class='ocr_line' id='line_1_36' title="bbox 864 4353 1090 4419; baseline 0.018 -15"><span class='ocrx_word' id='word_1_277' title='bbox 864 4357 948 4419; x_wconf 70' lang='grc' dir='ltr'>τῆς</span> <span class='ocrx_word' id='word_1_278' title='bbox 990 4353 1090 4408; x_wconf 74' lang='grc' dir='ltr'><strong><em>ιθ’.</em></strong></span> 
     </span>
    </p>

    <p class='ocr_par' dir='ltr' id='par_1_12' title="bbox 861 4433 3090 4592">
     <span class='ocr_line' id='line_1_37' title="bbox 1042 4433 3090 4510; baseline 0.001 -22"><span class='ocrx_word' id='word_1_279' title='bbox 1042 4433 1086 4502; x_wconf 84' lang='lat'>⁸)</span> <span class='ocrx_word' id='word_1_280' title='bbox 1125 4433 1180 4488; x_wconf 90' lang='grc' dir='ltr'><strong><em>Ὀ</em></strong></span> <span class='ocrx_word' id='word_1_281' title='bbox 1215 4438 1304 4501; x_wconf 78' lang='grc' dir='ltr'>τῆς</span> <span class='ocrx_word' id='word_1_282' title='bbox 1340 4437 1617 4506; x_wconf 82' lang='grc' dir='ltr'><strong><em>παρούσης</em></strong></span> <span class='ocrx_word' id='word_1_283' title='bbox 1650 4442 1905 4505; x_wconf 79' lang='grc' dir='ltr'><strong><em>κυριακῆς</em></strong></span> <span class='ocrx_word' id='word_1_284' title='bbox 1942 4439 2332 4507; x_wconf 75' lang='grc' dir='ltr'><strong><em>συναξαριστής</em></strong></span> <span class='ocrx_word' id='word_1_285' title='bbox 2368 4438 2630 4510; x_wconf 73' lang='grc' dir='ltr'><strong><em>ἀναφέρει</em></strong></span> <span class='ocrx_word' id='word_1_286' title='bbox 2679 4440 2778 4506; x_wconf 71' lang='grc' dir='ltr'>τήν</span> <span class='ocrx_word' id='word_1_287' title='bbox 2815 4437 2884 4494; x_wconf 74' lang='grc' dir='ltr'>δ’.</span> <span class='ocrx_word' id='word_1_288' title='bbox 2920 4437 3090 4508; x_wconf 71' lang='grc' dir='ltr'><strong><em>μόνην</em></strong></span> 
     </span>
     <span class='ocr_line' id='line_1_38' title="bbox 861 4514 3086 4592; baseline 0.002 -27"><span class='ocrx_word' id='word_1_289' title='bbox 861 4514 1121 4568; x_wconf 73' lang='grc' dir='ltr'><strong><em>σύνοδον·</em></strong></span> <span class='ocrx_word' id='word_1_290' title='bbox 1171 4514 1379 4586; x_wconf 79' lang='grc' dir='ltr'><strong><em>ὁμοίως</em></strong></span> <span class='ocrx_word' id='word_1_291' title='bbox 1433 4519 1522 4568; x_wconf 82' lang='grc' dir='ltr'><strong><em>καὶ</em></strong></span> <span class='ocrx_word' id='word_1_292' title='bbox 1567 4515 1597 4582; x_wconf 79' lang='grc' dir='ltr'><em>ἦ</em></span> <span class='ocrx_word' id='word_1_293' title='bbox 1636 4516 1749 4569; x_wconf 78' lang='grc' dir='ltr'><strong><em>κατ’</em></strong></span> <span class='ocrx_word' id='word_1_294' title='bbox 1804 4516 1974 4584; x_wconf 72' lang='grc' dir='ltr'><strong><em>αὐτὴν</em></strong></span> <span class='ocrx_word' id='word_1_295' title='bbox 2019 4518 2335 4589; x_wconf 78' lang='grc' dir='ltr'><strong><em>ψαλλομένη</em></strong></span> <span class='ocrx_word' id='word_1_296' title='bbox 2383 4518 2689 4574; x_wconf 70' lang='grc' dir='ltr'><strong><em>ἀκολουθία</em></strong></span> <span class='ocrx_word' id='word_1_297' title='bbox 2737 4517 3086 4592; x_wconf 71' lang='grc' dir='ltr'>διαλαμβάνει</span> 
     </span>
    </p>
   </div>
   <div class='ocr_carea' id='block_1_10' title="bbox 3436 91 3438 612">
    <p class='ocr_par' dir='ltr' id='par_1_13' title="bbox 3436 91 3438 612">
     <span class='ocr_line' id='line_1_39' title="bbox 3436 91 3438 612; baseline 0 0"><span class='ocrx_word' id='word_1_298' title='bbox 3436 91 3438 612; x_wconf 95' lang='lat' dir='ltr'> </span> 
     </span>
    </p>
   </div>
   <div class='ocr_carea' id='block_1_11' title="bbox 3435 2874 3439 5287">
    <p class='ocr_par' dir='ltr' id='par_1_14' title="bbox 3435 2874 3439 5287">
     <span class='ocr_line' id='line_1_40' title="bbox 3435 2874 3439 5287; baseline 0 0"><span class='ocrx_word' id='word_1_299' title='bbox 3435 2874 3439 5287; x_wconf 95' lang='lat' dir='ltr'> </span> 
     </span>
    </p>
   </div>
  </div>
 </body>
</html>
