3514 5391
874 492 953 546 :28
1565 492 1722 545 Festa
1759 491 1967 545 mobilia
2004 496 2122 560 post
2159 490 2380 545 Pascha.

2570 602 2873 609 ——-...*-
3032 602 3087 608 --

874 688 999 765 :oi-9
1044 688 1411 776 θεοφόρους
1459 688 1802 775 μάρτυρας·
2035 688 2417 774 theophoros
2465 694 2801 773 martyres:

874 790 993 864 ταῖς
1039 786 1246 852 αὐτῶν
1291 781 1455 852 ὶκεσί
1461 811 1582 868 αις,
2034 807 2299 872 quorum
2348 808 2422 854 ex
2470 785 2857 872 supplicibus
2904 786 3057 852 votis

874 885 920 949 ’ἓν
964 880 1176 973 εἰρήνῃ
1223 878 1495 972 βαθείᾳ,
2032 886 2096 951 in
2144 886 2266 951 alta
2312 906 2466 971 pace

874 984 966 1071 τὴν
1011 978 1350 1071 ἐκκλησίαν
1395 1004 1533 1063 σου,
2034 985 2383 1051 Ecclesiam
2431 992 2621 1059 tuam,

874 1083 967 1170 εὴν
1012 1077 1354 1147 πολιτείαν
1400 1102 1517 1146 σου
1543 1085 1593 1163 ¹)
2035 1084 2365 1168 imperium
2412 1088 2610 1161 tuum,

874 1180 962 1246 hd
1007 1186 1118 1268 τῆς
1146 1179 1469 1246 Θεοτόκου
1517 1179 1924 1268 συντήρησον,
2036 1181 2283 1247 favente
2331 1181 2619 1266 Deipnrn,
2671 1202 2984 1256 conserva.

874 1278 1179 1345 τολυέλεε.
2038 1280 2269 1346 multae
2318 1281 2776 1346 misericordiae
2824 1281 3011 1346 Deus,

1423 1458 1630 1524 Rum.
1684 1456 2092 1537 Condacu,
2144 1461 2414 1525 viersu
2463 1460 2523 1525 8.

1034 1583 1121 1649 Ga
1152 1604 1336 1649 nesce
1365 1585 1558 1669 perga
1582 1603 1618 1648 a
1641 1583 1759 1647 firii
1786 1583 1870 1648 tie
1895 1583 2277 1649 saditoriului
2306 1584 2556 1668 fapturii
2580 1582 2867 1648 lumea-ti
2891 1584 3098 1660 adum,

874 1683 1119 1760 Domne‚
1191 1703 1299 1765 pre
1363 1682 1639 1747 martorii
1701 1681 1816 1747 celi
1879 1684 2177 1766 portatori
2234 1684 2310 1748 de
2359 1682 2769 1748 Domnedieu.
2865 1681 3093 1746 Pentru

874 1780 949 1846 tle
996 1780 1233 1846 caror'a
1277 1780 1605 1866 rogatiuni‚
1655 1780 1717 1844 in
1751 1800 1905 1864 pace
1953 1782 2206 1859 adenca‚
2258 1778 2588 1847 Beseree’a
2632 1785 2715 1858 ta,
2763 1780 2930 1844 intru
2964 1798 3094 1843 mo-

874 1879 1127 1945 3tenirea
1150 1878 1203 1964 ²)
1252 1883 1347 1957 ta,
1417 1884 1641 1964 pentru
1702 1878 2097 1945 Nascatori’a
2154 1881 2231 1945 de
2290 1878 2680 1944 Domnedieu
2741 1898 2776 1943 o
2825 1895 3097 1961 pazesee‚

874 1976 1053 2042 nultu
1100 1978 1404 2044 indurate.

1037 2135 1084 2195 C
1102 2153 1134 2195 o
1150 2153 1181 2194 1·
1196 2137 1297 2194 oll
1317 2136 1572 2196 arium.
1649 2139 1735 2192 De
1781 2139 1964 2207 ιᾳΙοι-ἰιι
2013 2141 2065 2192 et
2110 2138 2443 2192 invocatione
2479 2137 2803 2192 Sanctorum
2853 2136 3104 2208 yeminus

874 2233 1021 2272 ,vv-01·
1058 2234 1169 2272 una
1206 2218 1455 2272 oratione
1492 2218 1547 2272 in
1588 2219 1815 2273 ecelesia
1847 2235 2055 2287 ,qt-aem
2081 2218 2303 2289 pridem
2340 2220 2639 2289 refutatus,

1034 2307 1430 2365 Recentiores
1484 2306 1710 2365 Graeci
1770 2308 1845 2365 ab
1896 2307 2178 2367 Ecclesia
2234 2307 2534 2366 catholica
2593 2306 2865 2380 separati
2931 2322 3098 2378 quum

874 2386 1215 2446 Sanctorum
1256 2388 1486 2446 animas
1526 2389 1721 2447 coelos
1773 2406 1887 2447 non
1925 2394 2097 2448 recta
2135 2394 2342 2463 petere
2382 2393 2684 2456 statuant,
2739 2388 2981 2445 ubinam
3020 2386 3101 2444 in·

874 2467 1039 2525 :erim
1080 2468 1364 2527 collocari
1403 2469 1668 2527 debeant
1685 2469 1749 2541 ⁸),
1796 2470 1935 2541 suia,
1975 2486 2120 2543 quas
2160 2469 2276 2528 sibi
2314 2473 2592 2541 nectunt,
2644 2466 3101 2525 difficultatibus

874 2548 1109 2607 uvoluti
1161 2549 1339 2621 plane
1394 2550 1665 2608 haerent.
1738 2550 1959 2608 Locum
2015 2551 2227 2622 istum,
2277 2550 2378 2608 ubi
2417 2550 2525 2621 sit,
2576 2555 2733 2608 teste
2781 2546 3097 2607 Confes-

874 2779 977 2817 ποι·
1014 2766 1245 2820 celebris
1278 2767 1469 2837 hymni
1488 2767 1814 2832 α’καθίστου,
1853 2767 1908 2821 in
1936 2782 2038 2836 quo
2064 2766 2316 2835 Serqius,
2354 2769 2630 2821 auctorem
2654 2768 2902 2819 nostrum
2928 2780 3103 2818 aemu-

874 2844 1021 2909 katus,
1059 2846 1114 2899 in
1151 2863 1369 2901 scenam
1407 2847 1628 2903 adducit
1664 2864 1854 2902 novam
1892 2847 2120 2901 ,Romam
2175 2846 2387 2918 Viryini
2420 2845 2632 2900 victrici
2665 2842 2948 2914 νικητήρια
2972 2844 3096 2913 offe-

874 2928 1067 2978 *entem
1083 2966 1099 2990 ‚
1148 2929 1431 2998 προςφέρω
1486 2941 1575 2979 σοι
1623 2927 1916 2997 (Analecta
1965 2943 2129 2981 sacra
2180 2926 2432 2997 Spicileq.
2482 2925 2710 2980 Solesm.
2746 2929 2941 2995 parat.
2980 2929 3017 2978 t.
3057 2926 3101 2980 1,

874 3021 910 3058 m
955 3006 1099 3073 165)
2035 3027 2038 3031 ⁴

1045 3084 1083 3152 ¹)
1128 3085 1241 3152 Τὴν
1278 3089 1559 3141 πολιτείαν
1597 3104 1716 3146 σου.
1792 3089 1965 3143 Verba
2014 3089 2143 3142 haec
2191 3088 2383 3142 omissa
2434 3091 2554 3140 sunt
2604 3087 2655 3140 in
2693 3084 2911 3155 publicis
2949 3082 3103 3138 Grae-

874 3180 1034 3219 :orum
1072 3165 1243 3235 libris;
1302 3168 1489 3224 Graeci
1526 3171 1728 3240 quippe,
1786 3169 2068 3223 Turcarum
2107 3168 2275 3235 servi,
2332 3167 2394 3221 de
2444 3166 2699 3221 industria
2751 3168 3104 3235 expunxerunt

874 3261 1189 3316 {uaecunque
1228 3248 1291 3303 ad
1328 3250 1592 3320 byzantini
1630 3250 1829 3320 imperii
1868 3249 2166 3303 memoriam
2205 3249 2448 3302 attinent.
2510 3246 2610 3301 Sed
2649 3247 2897 3300 restituta
2933 3246 3102 3314 legun-

874 3339 947 3379 ;ur
981 3326 1034 3379 in
1070 3343 1203 3382 nova
1241 3329 1463 3385 editione
1501 3347 1627 3386 rom.
1666 3330 1933 3398 Horologii
1983 3345 2030 3399 p.
2071 3330 2157 3384 63.
2209 3329 2465 3399 mirorque
2502 3329 2750 3381 restituta
2796 3343 2898 3381 non
2951 3326 3102 3380 fuisse

874 3408 913 3458 Ln
950 3421 1082 3461 nova
1121 3409 1343 3463 editione
1381 3411 1681 3465 Atheniensi
1720 3427 1802 3465 an.
1844 3411 2000 3463 1891.
2058 3409 2261 3463 Slavice
2300 3408 2559 3462 translata
2595 3407 2841 3477 leguntur
2863 3406 3102 3460 kitetstro

874 3489 1012 3551 freae,
1049 3503 1179 3557 quae
1216 3490 1575 3546 Miklosich
1614 3492 1677 3546 ad
1714 3492 1929 3545 verbum
1967 3489 2137 3545 reddit
2174 3489 2439 3544 civitatem
2479 3491 2649 3553 taam,
2686 3487 2788 3553 τὴν
2824 3488 3099 3539 πολιτείαν

874 3579 964 3617 σου
1000 3566 1268 3636 (Lexicon
1282 3573 1574 3641 potestve„
1611 3589 1659 3642 p.
1702 3573 1846 3638 198),
1884 3571 2133 3625 Maltze
2152 3587 2198 3623 w
2224 3574 2398 3624 autem
2425 3569 2653 3624 liberiori
2678 3567 3100 3638 interpretatione

874 3648 1023 3701 vertit
1059 3649 1237 3709 Deine
1290 3652 1755 3724 Wohnunqsstlitte
1792 3652 2199 3723 (Nachtwache,
2238 3667 2321 3721 pp.
2361 3651 2466 3706 275
2505 3656 2560 3704 et
2596 3651 2744 3715 298).

1047 3727 1089 3795 ¹)
1137 3729 1438 3787 Mostenire
1484 3733 1862 3804 (mestianire,
1909 3730 2238 3800 mosbenire)
2253 3772 2270 3797 ,
2325 3735 2579 3785 contract.
2632 3747 2697 3785 ex
2744 3728 3102 3791 mositianire,

874 3808 1069 3875 proprie
1107 3814 1190 3862 est
1225 3811 1536 3881 hereditas,
1582 3815 1948 3883 κληρονομία,
2002 3811 2369 3883 speciatimque
2410 3815 2689 3881 usurpatur
2724 3825 2818 3881 pro
2855 3809 3011 3865 bonis·
3044 3825 3101 3862 ac

874 3887 1060 3951 juribus
1096 3890 1386 3948 hereditate
1424 3895 1718 3965 acquisitis;
1760 3894 2013 3949 translate
2049 3909 2176 3947 vero
2212 3892 2502 3962 generatim
2540 3891 2782 3961 designat
2805 3907 2892 3945 res
2917 3905 3101 3955 omneS,

874 3983 992 4037 quas
1028 3970 1141 4038 quis
1172 3972 1290 4040 jure
1328 3974 1560 4044 legitimo
1596 3991 1692 4029 ceu
1726 3975 1900 4028 heras
1938 3976 1992 4039 (a
2028 3991 2127 4045 quo
2159 3973 2435 4027 multorum
2461 3973 2722 4026 sententia
2748 3971 2957 4037 dicitur)
2994 3970 3100 4023 sive

874 4048 1096 4102 dominus
1133 4052 1379 4120 possidet.
1452 4056 1622 4126 Atque
1661 4071 1721 4109 eo
1759 4055 2053 4124 significatu
2090 4055 2204 4124 ipsa
2240 4052 2545 4124 respublica
2582 4051 2912 4115 christiana,
2947 4052 2974 4115 ’i
3005 4067 3101 4100 πο-

874 4127 1040 4180 λιτεία
1078 4134 1177 4182 τοῦ
1215 4137 1457 4202 Κυρίου,
1510 4136 1667 4190 etiam
1714 4136 1766 4188 in
1804 4135 1968 4189 sacris
2015 4134 2291 4189 canonibus
2341 4134 2592 4188 ecclesiae
2630 4132 2916 4187 catholicae
2951 4129 3101 4184 ltere-

874 4208 1013 4262 ditas
1048 4210 1274 4267 Domini
1307 4223 1523 4271 vocatur
1558 4216 1615 4271 C.
1656 4217 1834 4270 Multa.
1875 4217 1924 4269 1.
1963 4215 2025 4268 de
2062 4215 2179 4271 Jud.
2219 4215 2434 4269 Extrav.
2473 4229 2600 4268 com.
2641 4212 2728 4280 (V,
2745 4213 2821 4280 2).
3120 4214 3126 4220 '

1048 4289 1091 4354 ³)
1131 4293 1314 4348 Altera
1362 4297 1459 4351 hac
1504 4296 1806 4367 quaestione
1854 4296 2116 4350 abstinent
2176 4295 2377 4350 literae
2424 4294 2723 4365 encyclicae
2776 4292 3101 4347 CPoIitanae

874 4368 1003 4422 anni
1035 4369 1203 4439 1895,
1239 4375 1350 4430 sola
1386 4378 1595 4449 querela
1631 4382 1922 4443 contentae,
1960 4376 2091 4447 quod
2133 4376 2394 4441 „ecclesia
2419 4374 2695 4446 papi-stica
2732 4376 2951 4429 asserat
2972 4388 3101 4442 per·

874 4446 1065 4504 sectam
1100 4450 1383 4523 justorum
1431 4458 1927 4515 remunerationem
1979 4460 2105 4516 ante
2141 4456 2503 4515 universalem
2550 4453 3005 4513 resurrectionen·
3050 4456 3101 4509 et
