3514 5391
913 498 1020 558 496
1555 495 1714 556 Festa
1750 494 1960 555 mobilia
1995 505 2115 570 post
2150 493 2513 555 Pentecosten.

1095 699 1348 764 Festum
1408 696 1684 762 omnium
1757 704 2120 761 sanctomem
2184 695 2515 761 Romanae
2577 693 2899 761 Ecclesiae
2966 692 3114 760 Sum-

916 816 1153 858 morum
1202 794 1587 878 Pontificum.

1094 901 1329 975 Eodem
1379 901 1500 965 hoc
1550 919 1764 965 mense
1812 897 2132 964 Ecclesiae
2181 898 2496 963 Romanae
2552 898 2783 964 tabulis
2831 900 3001 964 ctiam
3039 897 3117 960 in-

917 999 1217 1082 scriptum
1267 998 1493 1083 legitur
1522 996 1766 1083 festum
1813 998 2085 1060 omnium
2132 1005 2493 1061 sanctorum
2525 995 2912 1061 Summorum
2939 995 3119 1060 Ponti·

913 1096 1114 1175 ficum,
1165 1097 1475 1183 agendum
1512 1095 1934 1160 Dominica
1981 1094 2032 1160 I.
2082 1114 2231 1160 non
2279 1095 2678 1180 impedita
2709 1093 3120 1179 postOcta-

918 1213 1077 1258 vani
1146 1214 1244 1260 ss,
1294 1193 1522 1259 Petri
1587 1197 1663 1258 et
1706 1191 1975 1270 Pauli,
2043 1194 2205 1275 quod
2271 1212 2416 1257 cum
2475 1193 2719 1277 integro
2783 1190 3120 1258 Kalendario

816 1362 821 1366 ,
918 1291 1110 1357 Urbis
1159 1291 1393 1357 Rornae
1450 1313 1487 1356 a
1531 1290 1813 1375 plurimis
1860 1291 2308 1355 recentioribus
2355 1291 2765 1369 dioecesibuS,
2830 1290 3122 1375 praecipuo

917 1391 976 1454 in
1025 1390 1381 1475 longinquis
1414 1389 1692 1454 Statibus
1721 1389 2054 1454 Americae
2083 1388 2615 1472 Septentriona1i8‚
2664 1396 2977 1475 receptum
3009 1406 3124 1471 per-

917 1488 1135 1554 hibent
1182 1490 1346 1553 Acta
1389 1488 1660 1553 literaria
1713 1485 2269 1573 Correspondavzce
2317 1487 2393 1550 de
2443 1489 2639 1552 Rome
2685 1487 2722 1554 l.
2776 1508 2828 1555 c.

1094 1586 1166 1651 In
1198 1586 1570 1652 Kalendario
1621 1586 1875 1670 quidem
1906 1585 2156 1651 ineunte
2186 1585 2226 1650 J
2232 1584 2357 1650 ulio
2390 1586 2688 1665 refertur3
2739 1586 2918 1651 nobis
2943 1590 3120 1648 tamen

918 1683 1294 1767 conceptivis
1340 1683 1527 1769 hujus
1575 1684 1809 1750 mensis
1853 1683 2170 1749 solemniis
2217 1684 2357 1749 ideo
2404 1705 2528 1749 non
2575 1685 2898 1751 videbatur
2940 1699 3123 1748 accen·

920 1782 1183 1847 sendum
1234 1803 1292 1866 p.
1341 1783 1494 1859 442,
1546 1783 1732 1866 quod,
1784 1800 1976 1866 quum
2011 1802 2229 1847 omnes
2277 1782 2475 1848 ferme
2508 1783 2840 1861 Juliidies‚
2891 1780 3124 1847 maxime

921 1880 980 1944 in
1030 1879 1288 1966 Proprio
1337 1880 1615 1946 Romano
1639 1881 1714 1965 ¹),
1779 1885 1942 1946 stata
1986 1880 2147 1945 festa
2192 1880 2320 1963 jam
2367 1881 2657 1961 habeant,
2721 1883 2799 1947 ad
2846 1899 3024 1945 unum
3064 1896 3126 1940 ex

920 1978 1328 2061 sequentibus
1378 1979 1696 2047 mensibus
1745 1978 1845 2056 sit,
1895 1999 2007 2063 pro
2059 1980 2201 2043 anni
2250 1979 2400 2058 vice,
2452 1980 2944 2046 transferendum
2965 1977 3031 2060 ²).

1100 2076 1318 2141 Exstat
1376 2078 1778 2163 magnificum
1843 2081 2028 2161 atque
2093 2077 2475 2161 praeclarum
2540 2078 2943 2145 solemnitatis
2994 2074 3125 2140 Offi-

919 2174 1083 2238 cium
1130 2175 1193 2239 in
1240 2195 1400 2240 nova
1429 2175 1725 2241 Breviarii
1775 2176 2063 2252 editione,
2115 2176 2290 2257 cujus
2338 2176 2477 2243 talis
2526 2183 2621 2242 est
2667 2178 2926 2243 oratio
2971 2193 3125 2260 pro·

919 2273 1127 2357 pria:
1175 2273 1369 2352 Deus,
1419 2276 1529 2360 qui
1566 2272 1833 2360 populis
1882 2276 2008 2338 tuis
2052 2273 2456 2359 indulqentia
2501 2274 2796 2357 consulis,
2845 2286 2903 2337 et
2946 2294 3126 2337 amore

919 2369 1291 2449 dominaris,
1340 2370 1429 2435 da
1473 2372 1771 2459 spiritum
1810 2372 2185 2458 sapientiae,
2234 2370 2731 2459 suffraqantibus
2762 2373 2994 2438 meritis
3021 2370 3124 2435 An·
3162 2439 3179 2459 ·

922 2469 1189 2532 tistitum
1235 2469 1558 2535 Ecclesiae
1608 2481 1780 2552 tuae,
1851 2470 2074 2555 quibus
2137 2469 2377 2534 dedisti
2437 2474 2711 2557 reqimen
2758 2468 3125 2559 disciplinae,

918 2576 989 2630 ut
1032 2567 1110 2631 de
1145 2566 1447 2655 profectu
1494 2577 1860 2632 sanctarum
1908 2569 2111 2632 ovium
2141 2567 2318 2652 fiant
2361 2568 2604 2656 glandia
2635 2582 2895 2635 aeterna
2933 2576 3124 2656 pasto-

919 2687 1076 2730 rum.
1174 2665 1295 2730 Per
1340 2666 1699 2733 Dominum.

1098 2782 1386 2850 Festivae
1449 2784 1746 2850 lectiones
1808 2784 1890 2849 Π.
1941 2784 2282 2862 Nocturni,
2352 2806 2426 2851 ex
2488 2807 2537 2851 s,
2590 2788 2989 2853 Bernardo
3044 2801 3125 2847 as-

922 2882 1181 2958 sumtae,
1232 2883 1523 2968 sublimia
1570 2882 1723 2949 haec
1772 2883 2008 2950 habent
2052 2884 2250 2949 initia:

1098 2989 1206 3056 IV.
1265 2987 1803 3077 Conyratulemur,
1829 2991 2091 3070 fratres,
2122 2990 2644 3078 conyratulemur‚
2674 3004 2746 3058 ut
2769 2993 3014 3080 diqnum
3033 2997 3125 3066 est,

922 3087 1334 3172 Pontificibus
1379 3091 1634 3154 nostris.

1100 3196 1177 3260 V.
1229 3195 1579 3276 Laetemur,
1629 3195 1798 3281 quod
1842 3196 2178 3281 Pontifices
2201 3198 2411 3261 nostri
2436 3199 2855 3264 ascenderunt
2881 3197 2964 3263 ad
2989 3197 3127 3260 cives

923 3314 1088 3371 suos,
1140 3315 1266 3379 pro
1295 3293 1466 3379 filiis
1511 3295 1910 3380 captivitatis
1955 3295 2267 3381 leqatione
2298 3294 2665 3381 fungentes,
2734 3297 2923 3363 corda
2972 3293 3127 3359 nobis

923 3390 1332 3456 conciliantes
1379 3390 1721 3473 beatorum,
1769 3403 1919 3457 vota
1964 3390 2101 3457 illis
2146 3395 2515 3459 intimantes
2562 3397 2940 3461 miserorum.

1103 3498 1207 3565 VI.
1258 3499 1634 3564 Benedictus
1681 3501 1995 3565 Dominus
2033 3501 2225 3580 Deus,
2274 3502 2385 3587 qui
2431 3513 2749 3569 tantorum
2795 3501 3128 3588 Pontificum

922 3597 1271 3661 ministerio
1332 3600 1618 3663 visitavit
1669 3597 1918 3686 plebem
1977 3621 2196 3664 suam:
2263 3612 2321 3665 et
2365 3625 2531 3667 nunc
2577 3604 2917 3691 assumptis
2960 3603 3035 3665 iis
3073 3599 3130 3661 in

924 3705 1206 3760 sanctam
1253 3697 1587 3776 civitatem,
1638 3708 1858 3762 tantae
1896 3697 2329 3762 recordatione
2359 3701 2696 3764 suavitatis
2724 3713 2995 3766 nostram
3021 3718 3126 3762 non

925 3792 1224 3857 desinunt
1270 3793 1593 3860 consolari
1636 3797 2089 3882 captivitatem.

1102 3905 1253 3966 Sunt
1302 3909 1544 3967 tandem
1597 3928 1671 3968 ex
1718 3910 2060 3969 Breviariis
2110 3912 2369 3985 propriis
2420 3914 2521 3973 rit.
2573 3913 2684 3973 lat.
2743 3932 2888 3988 quae
2937 3911 3120 3971 festum

926 3986 1078 4045 diem
1118 4005 1163 4041 s.
1202 3989 1536 4045 Pulcher-iae
1570 3990 1888 4063 August-ae
1927 3998 1990 4049 et
2028 3991 2278 4064 virginis
2315 3991 2672 4053 Dominicae
2709 3995 2796 4054 ΙΙ.
2833 3993 2977 4053 Julii
3014 3987 3123 4049 affl·

924 4075 1096 4140 gant3
1153 4084 1357 4127 verum
1399 4070 1457 4129 in
1496 4072 1795 4145 plerisque
1833 4072 2229 4131 Kalendariis
2266 4073 2456 4132 locum
2496 4076 2774 4135 stabilem
2812 4077 2984 4134 habet
3016 4073 3122 4130 sive

926 4148 1003 4206 ad
1042 4149 1094 4205 d.
1135 4151 1184 4208 7.
1222 4147 1374 4208 ,Iulii
1417 4152 1543 4210 sive
1586 4153 1661 4210 ad
1702 4154 1754 4211 d.
1796 4154 1846 4211 7.
1887 4153 2276 4228 Septembris,

1111 4244 1299 4342 sscfr.
1338 4283 1460 4332 tom.
1502 4282 1553 4346 1,
1593 4296 1640 4349 p.
1681 4281 1749 4334 15
1788 4284 1842 4333 et
1876 4281 2001 4336 396.

1107 4354 1149 4424 ¹)
1190 4359 1336 4412 Anno
1373 4359 1560 4413 ibidem
1597 4359 1858 4430 descripto
1896 4377 1944 4431 p.
1983 4363 2090 4416 398
2128 4364 2397 4432 peragitur
2433 4363 2701 4419 Dominica
2739 4366 2776 4421 1.
2813 4362 3049 4434 Septemb.
