3514 5391
725 493 845 547 VIII
1364 495 1442 548 De
1480 494 1648 548 indole
1686 499 1841 564 atque
1880 510 1973 547 usu
2010 494 2325 549 Kalendarii.

904 692 1101 747 Deinde
1137 708 1262 746 vero
1297 691 1645 745 necessarium
1683 707 1798 745 esse
1818 691 2123 761 Judicamus,
2163 696 2236 758 ut,
2274 692 2409 745 omni
2436 693 2686 761 polemica
2710 694 2964 764 discepta-

726 776 863 828 tione
901 774 1053 843 longe
1090 773 1343 842 relegata,
1381 771 1580 841 placido
1619 787 1680 825 ac
1716 772 1890 842 quieto
1928 772 2064 841 stylo
2101 772 2278 825 variae
2315 771 2665 841 discrepantes
2703 774 2964 843 opiniones

725 854 941 909 dilucide
980 854 1301 923 explicentur
1350 869 1413 907 ex
1464 854 1692 907 textibus
1746 852 2002 921 liturgicis
2054 857 2110 906 et
2159 869 2223 907 ex
2259 853 2403 907 libris
2453 853 2755 908 Sanctorum
2805 856 2964 926 ipsius

725 935 992 989 orientalis
1031 934 1308 988 ecclesiae:
1360 935 1445 1004 qui
1483 940 1542 988 ut
1578 934 1802 996 caeteris
1839 935 2010 988 solent
2046 949 2162 987 esse
2213 949 2425 988 accessu
2463 934 2747 1003 faciliores,
2799 937 2873 990 sic
2910 943 2965 991 et

726 1015 1019 1069 christianis
1057 1014 1391 1068 orientalibus
1428 1014 1715 1083 apertiores
1754 1018 1875 1067 sunt
1913 1014 1977 1067 ad
2015 1013 2404 1083 intelligendum
2442 1018 2595 1085 atque
2623 1015 2738 1069 inde
2766 1018 2830 1071 ad
2856 1019 2963 1072 vul-

724 1113 905 1165 garem
942 1096 1339 1165 popularemque
1377 1111 1583 1149 sensum
1621 1111 1745 1163 prae
1784 1095 1900 1148 aliis
1937 1094 2323 1148 accommodati.

902 1176 1046 1242 Quod
1083 1182 1353 1245 utrumque
1390 1180 1449 1229 ut
1483 1176 1794 1240 obtineatur,
1833 1178 1980 1245 patet
2016 1191 2143 1244 opus
2168 1191 2283 1229 esse
2310 1175 2489 1229 idoneo
2515 1176 2685 1247 aliquo
2714 1192 2963 1232 commen·

724 1258 881 1325 tari0‚
935 1258 985 1311 in
1023 1273 1122 1328 quo
1160 1261 1372 1323 cuncta,
1423 1273 1554 1326 quae
1592 1256 2011 1323 memoravimuS,
2065 1256 2236 1325 capita
2274 1256 2373 1309 etsi
2411 1256 2666 1324 breviter,
2723 1266 2963 1314 accurate

724 1344 914 1404 tamen,
953 1341 1011 1390 ut
1048 1353 1143 1406 par
1179 1342 1277 1403 est,
1316 1340 1623 1391 tractentur.

901 1418 1018 1472 Jam
1052 1433 1178 1470 vero
1215 1418 1461 1486 ejusmodi
1498 1417 1679 1470 librum
1718 1418 2041 1485 gratulamur
2077 1417 2223 1470 nobis
2260 1416 2517 1471 invenisse
2545 1418 2597 1472 in
2621 1408 2965 1475 Kalendario

723 1500 1009 1567 utriusque
1034 1497 1334 1563 Ecclesiae,
1384 1500 1505 1550 ante
1543 1498 1635 1550 lios
1676 1498 1742 1551 15
1780 1513 1939 1550 annos
1977 1514 2008 1550 a
2045 1496 2106 1550 R.
2145 1496 2202 1550 P.
2241 1496 2290 1549 N
2304 1497 2497 1565 illes,
2548 1498 2600 1552 S.
2638 1501 2718 1566 J.,
2770 1501 2965 1570 profes-

724 1597 841 1633 sore
879 1581 1239 1648 oenipontano,
1277 1578 1340 1631 ad
1378 1593 1524 1630 usum
1555 1577 1774 1646 junioris
1811 1577 1933 1630 cleri
1973 1576 2232 1630 variorum
2269 1577 2475 1645 rituum,
2515 1578 2709 1634 duobus
2735 1582 2888 1635 tomis
2914 1583 2964 1636 in

725 1662 887 1714 lucem
944 1659 1107 1712 edito:
1178 1658 1312 1728 quod
1374 1657 1611 1711 unanimo
1666 1657 2230 1726 praestantissimorum
2286 1658 2511 1711 virorum
2559 1660 2752 1728 J'udicio
2813 1679 2965 1731 quam

724 1742 944 1794 maxime
994 1740 1267 1809 probatum
1319 1743 1475 1807 atque
1524 1754 1556 1791 a
1593 1738 1824 1806 plurimis
1862 1738 2180 1791 diversarum
2229 1738 2492 1791 nationum
2531 1739 2812 1809 episcopiS,
2864 1759 2963 1796 uno

725 1822 945 1875 omnium
984 1820 1311 1889 conspirante
1349 1833 1615 1885 consensu,
1654 1818 1856 1872 clericis
1893 1818 1999 1870 suis
2035 1819 2282 1887 majorem
2320 1818 2371 1871 in
2405 1819 2608 1872 modum
2646 1820 2804 1874 fuisse
2829 1839 2964 1876 com-

724 1900 1032 1966 mendatum,
1070 1916 1155 1953 res
1193 1903 1275 1953 est
1311 1899 1512 1968 publico
1549 1898 1844 1952 testimonio
1883 1898 2161 1952 celebrata.
2218 1898 2382 1963 Quum
2407 1915 2548 1967 vero,
2587 1903 2963 1971 exemplaribus

726 1981 978 2034 universis
1015 1980 1210 2049 primae
1248 1979 1486 2033 editionis
1538 1978 1723 2033 dudum
1774 1978 2068 2047 dist1·actiS‚
2125 1994 2217 2047 pro
2255 1979 2430 2033 usibus
2476 1981 2669 2033 nostris
2712 1983 2822 2051 Jam
2860 1984 2963 2037 alia

724 2060 909 2114 cudere
947 2076 1159 2115 necesse
1196 2061 1295 2125 sit,
1347 2061 1643 2129 rogavimus
1680 2063 1960 2125 auctorem,
2011 2064 2070 2113 ut
2105 2060 2570 2128 praeclarissimum
2607 2078 2733 2130 opus
2778 2063 2963 2118 iterum

726 2140 864 2210 typis
902 2140 1189 2209 evulgando
1227 2146 1583 2210 exspectatam
1621 2157 1769 2211 opem
1806 2141 1951 2195 nobis
1988 2142 2040 2193 in
2077 2141 2328 2209 explendo
2365 2142 2680 2211 amplissimo
2718 2143 2963 2199 Commis-

725 2221 848 2274 sarii
886 2221 1168 2290 Apostolici
1219 2221 1386 2275 officio
1425 2222 1561 2275 ferre
1598 2222 1774 2275 vellet.
1850 2220 2057 2290 Optatis
2093 2222 2286 2275 nostris
2334 2225 2517 2275 auctor
2552 2223 2731 2278 lubens
2768 2227 2962 2293 annuit,

725 2307 834 2356 tum
885 2302 1018 2371 quod
1055 2302 1300 2371 ejusmodi
1340 2302 1485 2361 labor
1530 2318 1629 2356 non
1668 2306 1808 2355 esset
1846 2318 1877 2354 a
1914 2302 2121 2371 propn'a
2171 2300 2330 2370 ipsius
2382 2303 2698 2371 professione
2748 2305 2962 2371 alienuS,

724 2389 832 2436 tum
871 2397 995 2435 vero
1032 2382 1268 2449 maxime,
1305 2382 1439 2452 quod
1476 2399 1657 2451 preces
1694 2382 2045 2436 Commissarii
2071 2382 2354 2450 Apostolici
2395 2383 2459 2436 ad
2498 2387 2783 2437 extremum
2819 2401 2963 2439 revo-

725 2462 830 2515 cari
870 2477 1022 2531 posse
1048 2462 1347 2515 viderentur
1383 2462 1445 2515 ad
1475 2463 1827 2517 executionem
1852 2461 2081 2515 mandati
2106 2460 2297 2515 Summi
2324 2461 2604 2531 PontificiS,
2642 2466 2786 2534 cujus
2809 2471 2965 2520 nutus

725 2548 780 2596 et
816 2541 1029 2596 consilia
1066 2542 1253 2595 homini
1279 2541 1555 2596 Societatis
1587 2543 1713 2596 Jesu
1750 2558 2008 2612 nunquam
2033 2558 2134 2595 non
2159 2543 2244 2596 lex
2270 2547 2445 2596 essent
2491 2547 2644 2614 atque
2683 2544 2965 2614 imperium.

725 2622 936 2676 Addidit
972 2622 1123 2675 immo
1176 2622 1603 2691 (quandoquidem
1640 2622 1689 2676 id
1725 2622 1873 2676 nobis
1911 2622 2117 2691 probari
2153 2623 2363 2689 sciret),
2417 2628 2640 2678 mentem
2690 2626 2786 2679 sibi
2835 2644 2965 2693 esse,

724 2704 964 2758 nonnulla
1001 2719 1064 2756 ex
1103 2703 1203 2770 eis,
1261 2720 1391 2773 quae
1429 2708 1549 2772 post
1584 2704 1872 2758 absolutam
1911 2704 2126 2772 primam
2164 2704 2440 2758 editionem
2492 2705 2554 2758 de
2601 2706 2778 2760 eodem
2816 2724 2964 2777 argu·

725 2789 897 2838 mento
935 2789 1077 2838 esset
1113 2784 1165 2837 in
1200 2784 1359 2838 variis
1397 2783 1544 2836 Actis
1580 2783 1826 2837 literariis
1866 2788 2255 2850 commentatus,
2293 2799 2523 2854 quaeque
2562 2785 2782 2839 uberiori
2820 2787 2963 2840 cleri—

725 2881 897 2918 corum
948 2866 1001 2919 in
1051 2880 1107 2918 re
1158 2864 1399 2932 liturgica
1451 2863 1722 2917 eruditioni
1774 2879 1872 2916 non
1926 2864 2264 2933 inopportuna
2304 2869 2556 2930 censeret,
2613 2866 2664 2918 in
2701 2882 2835 2920 nova
2869 2867 2966 2921 hac

725 2945 947 2999 editione
966 2948 1146 2998 nostra
1175 2944 1393 3013 sparsim
1413 2944 1652 3013 adjicere,
1690 2944 1940 3015 quolibet·
1960 2944 2160 2999 auctior
2192 2949 2350 3015 atque
2377 2946 2696 2999 emendatior
2717 2947 2965 3016 prodiret.

902 3025 1016 3078 Non
1053 3024 1255 3094 quidem
1292 3030 1389 3092 est,
1428 3025 1561 3096 quod
1597 3025 1790 3080 nostris
1830 3025 2205 3080 laudationibus
2237 3027 2424 3080 famam
2450 3026 2785 3081 Kalendarii
2819 3033 2967 3082 tanta

725 3105 948 3158 omnium
985 3104 1299 3159 eruditorum
1338 3106 1707 3159 acclamatione
1747 3106 1950 3176 excepti
2002 3122 2135 3160 nunc
2172 3123 2364 3176 augere
2401 3107 2649 3174 velimus3
2702 3124 2880 3162 verum
2916 3108 2966 3161 id

725 3185 870 3239 nobis
906 3185 1109 3239 omnino
1145 3187 1509 3255 praestandum
1546 3191 1729 3253 restat,
1778 3191 1835 3240 ut
1872 3187 2069 3241 cunctis
2107 3187 2233 3241 viris
2272 3188 2655 3252 ecclesiasticiS‚
2706 3188 2792 3258 qui
2831 3189 2966 3242 intra

726 3269 851 3320 fines
888 3265 1173 3335 Apostolici
1212 3266 1661 3320 Commissariatus
1711 3267 1876 3319 nostri
1930 3283 2044 3320 cum
2083 3266 2378 3320 christianis
2415 3267 2605 3320 rituum
2643 3267 2967 3321 orientalium

725 3346 964 3416 permixti
1001 3346 1210 3411 vivunt,
1261 3346 1483 3400 studium
1534 3347 1682 3416 hujus
1729 3347 1900 3416 operis
1939 3348 2098 3401 etiam
2156 3350 2310 3416 atque
2349 3348 2506 3400 etiam
2543 3348 2968 3416 commendemus,

723 3442 822 3496 quo
861 3431 916 3479 et
952 3425 1048 3495 ipsi
1088 3430 1325 3481 exactam
1362 3427 1553 3480 rituum
1592 3427 1916 3481 orientalium
1952 3428 2190 3481 notitiam
2228 3428 2323 3481 sibi
2362 3428 2649 3498 acquirant,
2706 3433 2761 3482 et
2797 3428 2966 3498 acqui-

724 3508 826 3560 sita
863 3522 954 3575 pro
993 3507 1238 3575 temporis
1274 3508 1659 3576 opportunitate
1697 3507 1979 3576 prudenter
2015 3508 2090 3561 uti
2129 3508 2339 3561 valeant
2377 3508 2441 3561 ad
2479 3524 2584 3574 eos,
2635 3525 2763 3579 quos
2800 3510 2965 3563 adbuc

724 3603 756 3640 a
794 3588 939 3642 nobis
977 3589 1238 3657 sejunctos
1276 3588 1520 3652 dolemuS,
1573 3588 1636 3642 ad
1676 3605 1877 3642 sacram
1917 3589 2168 3643 Unionem
2204 3588 2519 3642 alliciendos,
2594 3588 2754 3654 Hanc,
2814 3605 2966 3659 quam

725 3668 809 3722 diu
847 3672 1099 3737 optamuS,
1156 3685 1335 3738 pacem
1382 3673 1440 3723 ut
1491 3669 1722 3722 ecclesiis
1762 3670 1867 3722 suis
1919 3669 2112 3723 sanctis
2149 3669 2213 3722 D.
2253 3667 2312 3722 O.
2351 3668 2419 3722 Μ.
2469 3669 2771 3738 quantocius
2817 3669 2968 3723 resti-

725 3753 870 3802 tuere
909 3748 1168 3817 dignetur,
1221 3750 1368 3803 enixe
1419 3749 1778 3820 humiliterque
1831 3765 2034 3804 oremus
2071 3748 2298 3820 quotidie
2336 3765 2449 3802 cum
2488 3748 2708 3803 ecclesia
2743 3764 2964 3818 graeca:

731 3830 862 3898 Περὶ
902 3832 990 3894 τῆς
1028 3828 1349 3888 εὐσταθείας
1386 3833 1494 3882 τῶν
1524 3828 1701 3897 ἁγίων
1726 3834 1825 3882 τοῦ
1856 3834 1998 3883 Θεοῦ
2037 3830 2339 3895 ἐκκλησιῶν,
2378 3832 2466 3880 καὶ
2493 3834 2583 3894 τῆς
2609 3833 2716 3882 τῶν
2740 3829 2963 3882 πάντων

724 3907 974 3968 ἑνώσεως·
1012 3913 1111 3962 τοῦ
1151 3914 1363 3980 Κυρίου
1399 3909 1724 3980 δεηθῶμεν.·
1773 3911 1821 3964 b.
1863 3928 1923 3978 e.‚
1973 3911 2091 3965 Pro
2117 3911 2281 3981 felici
2315 3914 2462 3965 statu
2500 3914 2816 3966 sanctarum
2855 3912 2969 3965 Dei

724 3990 1095 4054 ecclesiarum,
1151 3994 1205 4044 et
1226 4007 1338 4059 pro
1375 3991 1608 4044 omnium
1647 3991 1878 4045 unione:
1925 3990 2217 4044 Domitium
2267 3991 2620 4060 deprecemur
2637 4007 2661 4060 ‚·
2715 3993 2855 4058 sive,
2907 3997 2966 4046 ut

724 4072 917 4124 fratres
954 4071 1117 4124 nostri
1156 4071 1285 4124 ritus
1322 4072 1499 4140 graeci
1539 4071 1728 4125 slavice
1755 4076 1969 4125 cantant
2007 4072 2058 4125 in
2083 4087 2234 4125 sacra
2258 4072 2500 4141 liturgia:
2543 4071 2618 4140 „0
2643 4072 2964 4142 blagososto-

726 4152 846 4220 janii
885 4151 1077 4220 svjatih
1114 4150 1293 4205 Boiiih
1330 4152 1533 4221 cerkvej
1574 4152 1589 4204 i
1628 4151 1926 4221 sojedinenii
1965 4153 2108 4216 vseh,
2148 4151 2387 4221 Gospodu
2427 4150 2797 4222 pomolimsJa“.

903 4231 1136 4301 Sarajevi
1175 4231 1222 4284 d.
1263 4233 1396 4285 festo
1435 4231 1812 4285 Purificationis
1851 4231 1909 4284 Β.
1951 4231 2016 4284 Μ.
2055 4231 2117 4285 V.
2159 4233 2315 4286 1895.

2476 4325 2512 4385 τ
2549 4323 2825 4390 iosaphat,

2428 4402 2859 4472 archiepiscopus».

1690 4485 1852 4504 ων
1865 4487 2008 4504 ww
