3514 5391
754 516 861 571 480
1394 513 1555 570 Festa
1592 514 1800 569 mobilia
1836 519 1956 585 post
1991 513 2352 570 Pentecosten.

756 714 1437 891 menterium3nostrum
1461 716 1537 879 (ἕο
1560 714 2248 801 rationibusfeetormn
2273 716 2598 800 utrimque
2623 712 2737 779 SS.
2767 712 3002 780 Cordie

755 819 781 878 t
853 815 879 877 1
959 835 999 898 p
1068 815 1113 879 4
1165 816 1187 877 1
1271 814 1399 879 edit

931 922 1196 987 Accedit
1244 921 1408 1005 quod
1458 921 1714 987 Graecis
1771 922 1833 986 in
1882 922 2098 1005 quavis
2145 922 2377 988 Missae
2424 921 2834 987 celebratione
2881 940 3002 1005 per

758 1042 964 1108 aquae
994 1020 1316 1108 ferventis
1361 1023 1505 1098 (τοῦ
1551 1016 1811 1099 ζέοντος
1856 1020 1986 1087 sive
2029 1023 2141 1108 τῆς
2185 1017 2446 1101 ζέσεως)
2510 1019 2883 1085 infusionem
2931 1018 2996 1083 in

755 1119 1012 1185 calicem
1050 1119 1184 1202 jam
1231 1123 1659 1185 consecratum
1708 1124 1852 1185 ante
1899 1120 2395 1185 communionem
2418 1120 2470 1204 ¹)
2517 1118 2581 1184 in
2630 1116 2994 1182 memoriam

756 1218 1059 1304 redigitur
1103 1217 1297 1282 nimia
1342 1216 1448 1281 illa
1495 1216 1720 1281 caritas
1769 1215 2000 1282 Christi
2049 1216 2402 1295 Salvatoris,
2453 1236 2575 1301 qua
2603 1215 2763 1281 latus
2808 1235 2995 1280 suum

753 1314 971 1380 lancea
1015 1315 1206 1391 feriri,
1275 1316 1637 1399 sanguinem
1706 1320 1770 1380 et
1826 1335 2050 1400 aquam
2117 1336 2192 1381 ex
2241 1321 2454 1400 aperto
2517 1313 2766 1380 vulnere
2826 1312 2998 1378 exire

754 1412 1058 1495 nobisque
1106 1412 1178 1477 ad
1210 1413 1427 1478 intima
1456 1414 1695 1479 viscera
1723 1413 2185 1480 misericordiae
2233 1420 2418 1499 atque
2459 1414 2534 1480 ad
2564 1412 2996 1479 dulcissimum

757 1509 878 1575 Cor
925 1531 1105 1576 suum
1152 1512 1475 1576 introitum
1523 1516 1736 1596 patere
1784 1512 1978 1578 voluit
2000 1511 2074 1597 ἵ).

932 1618 1140 1684 Tertio
1168 1618 1336 1684 haud
1362 1619 1653 1704 exiguum
1685 1619 2159 1685 incitamentum
2184 1620 2529 1686 devotionis
2562 1639 2711 1706 erga
2733 1617 2842 1683 SS.
2869 1615 2999 1683 Gor

754 1715 909 1782 Jesu
957 1716 1375 1782 Orientalibus
1422 1723 1484 1783 et
1528 1717 1649 1783 hoe
1698 1738 1837 1783 esse
1884 1719 2089 1795 debet,
2138 1720 2302 1803 quod
2351 1720 2518 1785 idem
2543 1718 2693 1783 Pius
2722 1715 2848 1783 ΡΡ.
2877 1714 2994 1791 ΙΧ,

754 1834 1047 1899 suprema
1090 1835 1125 1880 e
1173 1814 1425 1900 specula
1469 1816 1534 1881 in
1581 1815 1847 1881 salutem
1893 1818 2170 1882 omnium
2219 1817 2341 1883 late
2380 1818 2661 1905 gentium
2697 1817 2995 1891 intentuS,

754 1915 816 1977 in
866 1913 1198 1998 encyclicis
1245 1915 1373 1979 suis
1401 1913 1596 1979 literis
1644 1914 1703 1978 d.
1753 1916 1814 1981 d.
1865 1916 1926 1981 8.
1963 1916 2332 1985 Decembris
2384 1910 2564 1981 1864·
2604 1913 2998 2005 orientalium

755 2009 1035 2076 fidelium
1103 2031 1349 2096 quoque
1386 2014 1694 2097 pietatem
1741 2015 2013 2092 excitat,
2080 2024 2151 2077 ut
2195 2036 2437 2101 semper
2482 2012 2853 2100 confit-qiam
2905 2010 3002 2075 ad

763 2109 1106 2172 Dominum
1154 2110 1460 2173 Nostrum
1503 2110 1727 2174 Jeeum
1763 2109 2097 2191 Christum,
2148 2113 2257 2198 qui
2280 2112 2548 2176 redemit
2589 2133 2705 2175 nos
2737 2110 2806 2173 in
2852 2132 2999 2173 scm

753 2207 939 2291 quine
987 2228 1117 2289 suo,
1169 2207 1441 2297 Efjueque.
1475 2207 1905 2273 dulcissimum
1942 2207 2082 2294 Cor,
2111 2211 2660 2298 flaqrantiesimae
2706 2232 2857 2296 erqa
2876 2229 3003 2271 noe

755 2305 1048 2369 caritatis
1095 2306 1432 2385 victimam,
1482 2308 1665 2371 enixe
1697 2307 1943 2397 juqiter
1990 2318 2269 2387 exorent,
2315 2319 2385 2372 ut
2430 2309 2669 2373 amoris
2713 2308 2815 2372 sui
2857 2306 2996 2370 vin·

755 2401 914 2466 culis
960 2404 1175 2468 omnia
1221 2403 1310 2468 ad
1355 2404 1630 2491 seipsum
1677 2405 1908 2487 trahat,
1956 2416 2143 2492 utque
2188 2430 2398 2472 omnes
2426 2409 2700 2473 hanzines
2732 2406 2996 2470 sanctis·

754 2501 911 2565 simo
958 2523 1069 2565 suo
1118 2525 1329 2567 amore
1361 2503 1743 2591 inflammati
1769 2505 2108 2569 secundum
2143 2504 2267 2571 Cor
2293 2511 2429 2597 ejus
2460 2503 2778 2571 ambulent
2807 2503 3000 2589 dique

579 2626 592 2638 ·
691 2682 704 2698 .
755 2600 891 2663 Deo
928 2621 1055 2686 per
1099 2602 1313 2665 onmia
1348 2598 1700 2688 placentes,
1748 2603 1820 2666 i‘n
1866 2603 2036 2667 omni
2081 2602 2237 2669 bono
2287 2625 2472 2692 opere
2501 2600 2996 2691 fimcttfleantes.

933 2707 1171 2790 Quibus
1237 2709 1504 2795 denique
1570 2715 1632 2775 et
1685 2711 1838 2776 illud
1902 2717 1998 2778 est
2057 2714 2443 2791 addendum,
2509 2713 2794 2799 ingentes
2855 2708 3000 2774 illos

752 2808 1096 2894 gratiarum
1141 2807 1495 2886 thesaurOS‚
1560 2829 1715 2893 quos
1765 2807 2049 2884 Salvator
2098 2812 2278 2896 juxta
2324 2810 2712 2878 authenticas
2759 2806 3000 2873 revela-

756 2957 873 2964 ,Ψ
904 2955 1181 2962 -—.-,-....—-—.

938 3024 981 3092 ²)
1021 3023 1236 3079 Graecis
1273 3024 1546 3093 peculiaris
1583 3040 1645 3079 ac
1682 3026 1919 3096 proprius
1958 3030 2040 3080 est
2077 3042 2200 3081 usus
2237 3042 2433 3096 aquam
2471 3024 2705 3095 tepidam
2752 3040 2844 3078 seu
2871 3025 3001 3095 ser-

755 3109 958 3160 ventem
1010 3105 1123 3174 (gr.
1160 3105 1301 3164 ζέσις
1336 3104 1447 3159 sive
1482 3106 1619 3168 ζέον,
1660 3106 1834 3161 slaV.
1871 3103 2089 3176 teplota,
2133 3123 2285 3162 rum.
2323 3106 2599 3176 caldar’a)
2648 3105 2714 3161 ad
2751 3104 3000 3160 sacratis-

756 3187 938 3239 simum
987 3184 1180 3239 Christi
1227 3185 1528 3253 sanguinem
1579 3185 1631 3239 in
1678 3186 1892 3240 calicem
1942 3187 2252 3244 infundendi.
2328 3188 2530 3257 „Apres
2576 3187 2629 3240 la
2667 3185 2890 3240 motion
2925 3214 2996 3223 -—

756 3267 915 3320 verba
951 3269 1072 3319 sunt
1119 3265 1311 3318 rituum
1347 3265 1675 3320 orientalium
1723 3267 2025 3336 peritissimi
2075 3268 2447 3338 archiepiscopi
2485 3268 2602 3338 Syri
2639 3266 3000 3322 Clementis

756 3346 958 3401 David
1009 3375 1078 3385 —
1128 3346 1162 3400 il
1199 3362 1235 3416 y
1273 3361 1306 3400 a
1341 3345 1469 3400 dans
1518 3345 1570 3402 la
1606 3346 1818 3417 liturgic
1869 3347 1962 3402 des
1998 3347 2164 3403 Grecs
2216 3366 2313 3404 une
2364 3348 2649 3403 cei-emonis
2698 3346 3000 3417 singulisne,

688 3452 697 3459 ·
755 3426 837 3497 qu’
841 3444 906 3480 on
943 3441 1007 3480 ne
1045 3431 1227 3480 trouve
1265 3426 1391 3480 dans
1428 3442 1593 3481 aucun
1629 3431 1780 3482 autre
1816 3428 1935 3495 rite,
1977 3446 2005 3483 c
2008 3428 2109 3484 'est
2144 3430 2197 3484 la
2234 3433 2500 3484 ceremone
2538 3429 2604 3483 du
2641 3429 2807 3495 Ζέοιι,
2844 3445 2873 3482 c
2875 3426 3002 3481 ’est-

756 3513 807 3561 ἡ·
811 3507 919 3561 dire
956 3505 1021 3560 de
1056 3506 1191 3561 l’eau
1228 3495 1423 3560 chaude
1458 3523 1558 3577 que
1597 3506 1697 3562 l'on
1735 3525 1887 3563 verse
1924 3510 2052 3564 dans
2088 3511 2139 3565 le
2165 3510 2324 3564 calice
2349 3515 2506 3579 apres
2525 3511 2578 3565 la
2605 3508 2998 3565 consecratiou“

758 3589 832 3652 (in
870 3588 1003 3642 actis
1040 3587 1225 3642 Beeue
1261 3586 1359 3644 des
1395 3587 1619 3657 quises
1655 3587 1706 3642 d'
1716 3589 1924 3656 Orient,
1961 3594 2001 3644 t.
2038 3591 2089 3658 2,
2128 3606 2211 3683 pp.
2253 3591 2374 3656 149,
2411 3590 2534 3656 403,
2571 3590 2718 3656 420).

936 3664 980 3732 ²)
1020 3666 1254 3736 Synodus
1291 3668 1621 3736 provincialis
1658 3669 2011 3725 Ruthenorum
2060 3671 2179 3724 anni
2221 3671 2354 3727 1721
2403 3685 2626 3740 arao-em
2672 3669 2736 3721 ob
2772 3683 2999 3722 cansam

754 3748 988 3804 inhibuit
1022 3750 1077 3801 et
1110 3747 1199 3801 ab}
1202 3748 1393 3816 offacit
1414 3744 1850 3805 consuetudinem
1888 3752 1964 3806 ad
1985 3755 2336 3806 consecratas
2361 3751 2546 3806 calicis
2567 3748 2775 3818 speeies
2797 3763 2999 3817 aquam

755 3829 990 3899 tepidam
1029 3828 1349 3898 offendenda
1373 3832 1507 3898 post
1528 3832 1984 3886 consecrationem
2025 3832 2177 3899 (0011.
2206 3849 2347 3887 conc.
2373 3831 2607 3897 Laesus,
2647 3835 2686 3883 t.
2714 3830 2765 3896 2,
2804 3845 2855 3899 p.
2873 3829 2999 3892 34);

758 3927 936 3964 verum
984 3925 1098 3964 eam
1148 3909 1200 3963 S.
1249 3909 1601 3979 Congregatio
1657 3912 1727 3966 de
1779 3911 2192 3983 Propaganda
2237 3913 2370 3967 fide
2425 3913 2476 3966 in
2523 3909 2747 3965 Graecia
2793 3907 2999 3963 omnino

756 3990 954 4044 servari
984 3990 1142 4059 jussit
1176 4006 1259 4044 an.
1299 3991 1438 4045 1729
1478 3991 1669 4057 (relata
1705 3993 1759 4047 in
1796 3992 2122 4065 Zeu-schrift
2145 3989 2788 4065 fut-kath.1'leeoloqie,
2837 3989 2998 4052 1894,

756 4087 806 4141 p.
833 4070 984 4137 282),
1021 4074 1076 4124 et
1112 4067 1503 4125 Benedictus
1541 4071 1642 4126 ΡΡ.
1680 4072 1819 4127 XIV.
1857 4074 2045 4128 iterum
2069 4073 2329 4144 probant
2362 4089 2427 4127 ac
2451 4070 2713 4142 permisi!
2750 4069 2998 4136 (Constit.

757 4150 888 4204 Etsi
907 4149 1220 4219 pastoralis
1268 4149 1316 4204 d.
1356 4149 1405 4205 d.
1443 4151 1529 4206 26.
1568 4149 1688 4221 Maji
1730 4154 1899 4222 1742,
1948 4155 1980 4224 ἓ
2016 4157 2067 4220 6,
2099 4171 2167 4209 Ιιι.
2205 4155 2292 4222 2);
2353 4157 2669 4224 quapropter
2704 4152 2996 4206 etiamnunc

757 4230 896 4284 licite
933 4230 1115 4300 pieque
1154 4236 1395 4286 servatur
1431 4236 1582 4287 extra
1621 4233 1890 4290 Galiciam.
1966 4236 2046 4290 Ad
2084 4251 2223 4290 rem:
2283 4235 2562 4289 ibt-natea
2600 4233 2728 4304 apen·
2759 4231 2996 4288 ealdaetie

758 4309 813 4363 in
851 4328 896 4363 s,
923 4310 1158 4380 pom-iu,
1195 4311 1360 4382 inquit
1397 4313 1460 4366 cl.
1500 4313 1564 4367 D.
1603 4314 1651 4369 J.
1690 4314 2011 4384 Borosiu,
2050 4316 2299 4382 Rimalu,
2336 4331 2385 4386 p.
2424 4317 2545 4383 160,
2596 4318 2711 4369 este
2746 4313 2993 4369 sennua

744 4391 965 4459 poteret·
996 4390 1065 4444 de
1101 4392 1261 4446 eidtia
1301 4408 1360 4447 ce
1396 4408 1428 4447 o
1453 4394 1718 4463 primimu
1756 4394 1814 4449 in
1852 4413 1898 4450 8.
1936 4396 2357 4452 cumines-atara.
2420 4396 2540 4450 Alia
2563 4395 2837 4450 videantur
2859 4392 2990 4461 apud

759 4471 951 4525 Goar.
992 4470 1217 4526 Eue-hol.
1254 4488 1339 4542 pp.
1380 4473 1662 4530 127-129
1700 4481 1756 4530 et
1792 4477 1843 4530 in
1882 4475 2206 4547 Zeitscbrist
2239 4476 2274 4531 1.
2312 4493 2356 4530 c.
