3514 5391
822 487 929 540 280
1350 477 1354 481 ’
1556 482 1716 536 Festa
1752 481 1959 536 mobilia
1996 484 2115 550 post
2152 480 2368 534 Pascha.

828 683 1287 760 dissenserunt,
1352 680 1521 765 quod
1566 701 1690 745 non
1738 700 1955 745 omnes
2002 699 2125 744 uno
2190 679 2534 762 eodemque
2583 677 2758 761 cyclo
2823 683 3071 741 uteren-

829 787 946 846 tur.
996 815 1084 828 —
1131 778 1292 845 Vide
1339 799 1498 862 quae
1543 778 1669 844 hue
1718 778 2091 863 pertinentia
2135 777 2404 843 diximus
2451 777 2512 840 in
2551 774 2949 854 „Zeitschrift
2976 776 3075 839 ssu·

773 926 777 932 ,
831 879 1001 946 kath.
1033 878 1436 965 Theologie“‚
1492 878 1682 956 1893,
1720 899 1821 962 pp.
1856 876 2243 942 128—130:
2293 877 2397 942 ubi
2424 879 2586 942 inter
2618 876 2755 956 alia,
2791 875 3072 960 exemplo

826 979 1043 1055 allato,
1078 976 1528 1053 ,ostendimus‚
1598 996 1670 1041 ex
1718 976 2106 1061 ignoratione
2156 976 2567 1041 distinctionis
2627 976 2788 1040 inter
2849 979 3073 1040 statam

828 1076 1286 1142 solemnitatem
1329 1074 1827 1144 Resurrectionis
1876 1080 1938 1139 et
1968 1074 2195 1139 mobile
2227 1074 2455 1140 festum
2486 1073 2815 1139 Paschatis
2862 1094 2900 1138 a
2932 1073 3074 1138 viris

828 1177 1014 1241 etiam
1062 1175 1261 1240 doctis
1309 1173 1646 1238 identidem
1697 1193 1916 1257 parum
1967 1173 2212 1238 felicem
2261 1177 2447 1256 atque
2494 1173 2571 1237 de
2599 1172 2937 1258 longinquo
2970 1191 3074 1256 pe-

826 1273 1004 1337 titam
1051 1272 1626 1357 interpretationem
1673 1270 1819 1335 festi
1867 1271 1988 1336 diei
2037 1271 2143 1337 27.
2173 1271 2385 1336 Martii
2434 1270 2735 1355 assignati
2765 1270 2918 1348 dari,
2967 1270 3073 1335 ubi

826 1372 902 1436 de
951 1371 1230 1455 proximo
1277 1370 1445 1434 velut
1491 1389 1630 1435 sese
1680 1368 1860 1434 offert
1905 1368 2163 1434 indubia
2208 1368 2554 1454 explicatio,

917 1646 981 1712 bl
1005 1549 1093 1615 II.
1133 1550 1242 1711 4?ss
1290 1548 1499 1635 officio
1550 1548 1714 1612 diem
1740 1548 2072 1612 Pascha'tis
2117 1548 2240 1611 rite
2271 1546 2658 1634 desiqnandi
2703 1570 2778 1611 ac
2805 1545 3071 1633 leyitime

822 1672 914 1735 pu
981 1671 1129 1712 ican
1176 1669 1219 1714 z.

1006 1792 1352 1877 Legitimus
1400 1791 1533 1856 dies
1565 1789 1894 1855 Paschatis
1942 1808 2017 1854 ex
2046 1788 2379 1860 ‚Nicaenac
2427 1789 2647 1874 synodi
2682 1788 2948 1854 Decreto
2996 1787 3068 1852 ab

826 1890 1089 1956 ecelesia
1134 1889 1552 1955 Alexandrina
1601 1888 1746 1953 Sedi
1794 1887 2194 1971 Apostolicae
2244 1888 2577 1971 quotannis
2625 1891 2756 1952 erat
2785 1886 3069 1951 intiman-

823 1989 939 2053 dus
987 1993 1172 2071 atque
1221 1987 1366 2052 inde
1424 2007 1459 2051 a
1505 1985 1787 2076 Romano
1836 1985 2141 2050 Pontifiee
2189 1985 2302 2050 toti
2348 1984 2484 2050 orbi
2532 2005 2673 2050 cum
2710 1984 3071 2050 auctoritate

823 2086 1366 2170 praescribenduS.

1001 2201 1097 2265 En
1145 2201 1256 2265 tibi
1303 2220 1505 2284 pauca
1552 2219 1628 2264 ex
1674 2198 1906 2275 multiS‚
1971 2219 2129 2281 quae
2192 2220 2331 2264 eam
2392 2200 2452 2264 in
2518 2220 2651 2265 rem
2711 2201 3070 2285 scripsimus

823 2299 887 2363 in
942 2295 1398 2362 Commentario
1433 2298 1511 2362 cle
1543 2294 1848 2382 Computo
1890 2294 2334 2378 ecclesiastice,
2384 2318 2488 2382 pp.
2522 2298 2606 2362 97
2656 2319 2867 2382 seqq.:
2918 2296 3068 2363 San·

822 2407 1058 2461 ctoram
1107 2398 1299 2460 totius
1344 2396 1514 2461 orbis
1560 2394 1791 2482 synodi
1834 2389 2241 2460 consensione
2289 2396 2605 2460 decretum
2637 2407 2731 2460 est
2758 2436 2843 2443 ——
2888 2395 3071 2462 verba

828 2499 974 2563 sunt
1019 2516 1067 2561 s,
1119 2494 1410 2578 Cyrilli
1441 2494 1994 2560 Alexandrini
2041 2495 2104 2559 in
2136 2493 2402 2582 Proloyo
2420 2495 2720 2581 paschali
2749 2497 2891 2561 anni
2921 2497 3067 2572 437,

824 2595 934 2678 §2
960 2595 1009 2678 ¹)
1057 2631 1163 2671 ——,
1210 2603 1298 2671 at,
1346 2594 1644 2677 quoniam
1691 2591 1869 2678 apud
1898 2591 2370 2657 Aleaeaudriam
2418 2592 2571 2658 talis
2616 2605 2777 2659 esset
2819 2605 3068 2681 reperta

626 2759 641 2773 ,
701 2774 714 2779 -
824 2693 1105 2773 ecclesia,
1151 2716 1310 2779 quae
1357 2693 1541 2782 hujus
1586 2692 1887 2756 scientiae
1925 2693 2320 2779 perfectione
2367 2692 2655 2775 clareret,
2707 2704 2890 2779 quoto
2944 2697 3066 2757 Ka·

824 2792 1157 2858 lendamm
1201 2791 1300 2855 vel
1346 2791 1591 2869 Iduum,
1642 2800 1706 2854 et
1746 2802 1939 2876 quota
1986 2790 2144 2857 luna
2192 2793 2436 2856 Pascha
2482 2792 2605 2857 rite
2642 2790 2879 2863 ,debeat
2922 2790 3064 2855 cele-

824 2891 1023 2973 brari,
1063 2915 1186 2978 per
1215 2888 1494 2977 sinyulos
1540 2912 1743 2954 annos
1772 2892 2099 2955 Romanae
2126 2890 2449 2955 Ecclesiae
2496 2890 2857 2954 intimaret:
2904 2889 3064 2954 unde

823 2989 1198 3077 Apostolica
1244 2990 1624 3053 auctoritate
1670 2987 2054 3053 universalis
2098 2989 2388 3053 Ecclesia
2442 3012 2562 3075 per
2626 2998 2819 3052 totam
2865 2987 3067 3051 orbem

824 3088 1146 3173 definitum
1175 3086 1451 3150 Paschae
1500 3086 1666 3153 diem
1712 3087 1849 3151 sine
1881 3086 2021 3151 alla
2052 3086 2509 3173 disceptatione
2538 3098 2946 3171 cognosceret.
2982 3125 3059 3133 —

825 3187 965 3251 Alia
1012 3186 1073 3249 in
1122 3184 1384 3249 eandem
1434 3185 1804 3250 sententiam
1855 3186 2087 3270 scripta
2134 3206 2167 3250 e
2215 3206 2264 3250 s,
2314 3185 2614 3251 Leonis
2662 3185 2748 3250 M.
2801 3185 3065 3271 epistola

824 3283 1022 3369 (121)
1089 3282 1177 3346 ad
1238 3283 1644 3346 Illarcianam
1712 3283 2157 3368 imperatorem
2233 3284 2370 3349 vide
2433 3284 2492 3347 in
2557 3283 2692 3367 ipso
2762 3280 2927 3350 Com.
2992 3284 3064 3347 dc

832 3380 1132 3469 Compato
1179 3378 1622 3459 ecclesiasticO,
1675 3402 1777 3465 pp.
1829 3381 2093 3446 98—99
2115 3382 2189 3464 ²).

1002 3497 1124 3563 Sed
1174 3501 1236 3561 et
1283 3497 1475 3561 multo
1524 3501 1667 3562 ante
1711 3496 1838 3580 jam
1874 3497 2169 3562 ecclesias
2218 3517 2433 3562 omnes
2481 3518 2516 3561 a
2550 3496 2808 3563 Summo
2856 3497 3062 3563 Ponti-

823 3599 940 3661 fice
954 3600 1154 3683 juxta
1182 3594 1688 3658 consuetudinem
1717 3596 2105 3678 praemoneri
2145 3595 2472 3679 quotannis
2514 3593 2833 3661 voluerant
2864 3600 3062 3678 patros

825 3693 1068 3759 concilii
1115 3693 1498 3758 Arelatensis
1546 3714 1643 3757 an.
1694 3692 1846 3771 314,
1897 3694 2072 3777 cujus
2118 3693 2222 3759 hic
2270 3714 2467 3759 canon
2492 3694 2730 3778 primus
2762 3693 2896 3771 fuit,
2946 3714 3062 3777 quo

822 3814 870 3858 s,
895 3790 1258 3857 Silvestrum
1294 3791 1720 3875 alloquuntur:
1775 3793 1985 3856 Primo
2034 3791 2169 3858 loco
2219 3792 2296 3857 de
2330 3793 2761 3858 obem-mitione
2793 3794 3061 3858 Paschae

823 3884 1148 3953 Dominici
1164 3938 1184 3967 ,
1246 3900 1316 3953 ut
1361 3913 1486 3954 11110
1535 3890 1638 3955 die
1698 3901 1759 3954 et
1803 3914 1929 3955 uno
1980 3901 2251 3978 tempore
2300 3916 2425 3979 per
2486 3914 2726 3957 omnem
2772 3892 2978 3956 orbem
3023 3915 3059 3955 a

825 3987 1007 4052 nobis
1055 3986 1432 4067 observetur,
1482 3999 1541 4052 et
1570 3991 1776 4080 juxta
1821 3990 2327 4055 consuetudinem
2375 3988 2597 4056 literas
2629 3992 2718 4056 ad
2745 4013 2953 4055 omues
2998 4000 3059 4054 tu

1005 4269 1046 4339 ¹)
1088 4272 1235 4341 Apud
1273 4272 1461 4341 Migne,
1501 4272 1644 4327 Patr.
1684 4290 1765 4342 gr.
1804 4280 1843 4326 t.
1882 4275 1968 4342 77,
2008 4290 2056 4344 p.
2082 4234 2225 4329 384.Ι
2263 4276 2569 4330 Accuratius
2596 4263 2769 4330 tamen
2794 4276 3058 4331 exhibetur

821 4368 854 4406 a
891 4352 1110 4417 Krusch,
1151 4352 1259 4406 Der
1294 4353 1573 4423 Mjahrige
1613 4353 1963 4423 OstercycluS,
2002 4371 2051 4423 p.
2089 4356 2213 4409 338.

1003 4429 1047 4502 ²)
1088 4432 1234 4503 Apud
1273 4433 1461 4503 migne,
1500 4433 1642 4488 Patr.
1684 4434 1718 4488 l.
1759 4438 1795 4487 t.
1836 4434 1922 4501 54,
1962 4449 2011 4504 p.
2054 4436 2208 4491 1055.
