3514 5391
780 503 851 558 54
1366 502 1526 557 Festa
1561 504 1771 558 mobilia
1808 508 1928 557 ante
1966 501 2441 571 Quadragesimam.

780 614 1071 621 —mu

780 696 1127 782 μετάνοιαν
1186 696 1294 763 καὶ
1354 697 1467 787 τὴν
1526 698 1853 785 κάθαρσιν

784 793 944 881 ἡμᾶς
992 793 1467 879 ἐκὴαλούμενοιζ
1561 796 1693 862 Καὶ
1741 796 1854 862 διὰ

781 893 898 977 μὲν
925 898 1043 958 τοῦ
1064 892 1339 959 τελώνου
1362 895 1470 960 καὶ
1499 891 1866 983 φαρισαίοϋ

782 992 887 1077 μὴ’
933 987 1333 1076 ἐπαίρεσθαι
1394 997 1536 1071 τοῖς
1597 993 1850 1074 πόνοις,

784 1088 945 1155 ἀλλὰ
956 1095 1433 1156 ταπεινοῦσθαι
1452 1090 1848 1171 διδάσκουσι,

770 1187 889 1254 -καὶ
905 1188 1148 1272 μᾶλλον
1175 1186 1341 1253 οὕτω
1362 1187 1714 1271 σώζεσθαι·
1742 1190 1853 1255 διὰ

785 1284 857 1350 δὲ
886 1291 997 1374 τῆς
1026 1293 1143 1352 τοῦ
1172 1286 1424 1354 ἀσώτου
1451 1284 1865 1379 παραβολῆς,

783 1382 870 1472 μὴ
917 1383 1386 1470 ἀπογινώσκειν
1402 1440 1417 1470 ,
1482 1387 1641 1453 ἀλλὰ
1685 1389 1850 1454 ὑπο-

785 1482 1083 1571 στρέφειν
1109 1480 1179 1549 ἒν
1207 1484 1656 1575 ἐξομολογήσει
1687 1486 1855 1572 πρὸς

782 1580 898 1645 τὸν
944 1578 1223 1666 ’ἀγαθον
1285 1582 1544 1669 ,πατέρα
1609 1608 1699 1650 τε·
1744 1586 1856 1650 zat·

785 1676 1278 1767 φιλάνθρωπον.
1399 1681 1527 1747 Διά
1600 1681 1678 1748 δὲ’
1742 1689 1856 1772 τῆς

785 1777 1202 1867 ὑπομνήσεως
1245 1786 1356 1867 τῆς
1400 1786 1517 1845 τοῦ
1561 1785 1856 1871 Σωτῆρος
1892 1836 1898 1844 .

786 1876 960 1966 ἡμῶν
1014 1876 1311 1966 δευτέρας
1356 1875 1718 1965 παρουσίας
1762 1876 1855 1959 εἶς

785 1973 999 2062 φόβον
1067 1970 1463 2059 ἕμβάλλουσί
1525 1972 1665 2041 τοῦ
1707 1976 1856 2044 α’δε-

784 2071 1024 2139 κάστου
1086 2070 1409 2163 κριτηρίου
1465 2074 1680 2140 αὐτοῦ·
1745 2076 1854 2141 καὶ

786 2169 895 2236 διὰ
958 2176 1075 2237 τοῦ
1137 2174 1303 2258 πρὸς
1362 2172 1513 2250 τοὺς
1575 2172 1856 2262 πένητας

787 2267 966 2334 ἐλέου
1026 2274 1463 2353 παριστῶσιν,
1529 2268 1618 2348 ιῦς
1677 2269 1856 2362 ἐλεη-

786 2365 1158 2456 θησόμεθα.
1261 2368 1640 2435 Τελευταῖον
1674 2364 1751 2436 δὲ’
1773 2371 1852 2436 τά

784 2472 899 2554 τῆς
928 2460 1178 2553 ἕξοριάς
1221 2473 1338 2532 τοῦ
1368 2466 1574 2553 Ἀδάμ
1622 2491 1854 2556 προτι-

790 2563 1043 2643 θέασιν,
1093 2563 1230 2652 ἥτις
1258 2563 1523 2648 ἐγεγόνει
1568 2564 1675 2631 διὰ
1705 2560 1852 2653 τρυ-

786 2667 909 2749 φῗτς
952 2686 1025 2728 τε
1070 2661 1176 2728 καὶ
1223 2660 1468 2752 ἡδονῆς,
1530 2663 1696 2750 πρὸς
1741 2665 1856 2755 τὴν

789 2756 1081 2849 νηστείαν
1175 2759 1338 2849 ἡμᾶς
1420 2759 1850 2850 διεγείροντες.

774 2858 980 2925 ’Ὀθεν
1044 2858 1153 2924 καὶ
1215 2859 1328 2946 τὴν
1392 2860 1524 2946 πρὸ
1580 2867 1692 2950 τῆς
1748 2887 1853 2949 νη-

787 2953 925 3023 στεί
930 2980 1006 3034 ας
1037 2954 1370 3041 ἑβδομάδα
1398 2958 1473 3023 οὗ
1501 2958 1857 3048 κρεοφάγον

787 3054 949 3123 ἀλλὰ
984 3055 1347 3145 τυροφάγον
1387 3049 1555 3122 εἶναι
1594 3080 1856 3141 νενομο-

792 3154 1124 3245 θετῇηιασι·
1172 3155 1281 3220 καὶ
1326 3154 1710 3244 προεόρτιον
1744 3162 1856 3245 τῆς

788 3249 1081 3342 νηστείας
1137 3252 1371 3342 ταύτην
1431 3250 1613 3342 φασί.
1724 3253 1854 3319 Καὶ

787 3350 1057 3440 τριιρδια
1107 3351 1379 3440 ψάλλειν
1424 3348 1532 3417 καί
1563 3348 1858 3436 ἶδιόμελα

787 3449 875 3525 (ὃς
933 3448 1043 3514 καὶ
1088 3450 1255 3515 κατὰ
1306 3449 1421 3539 τὴν
1468 3447 1655 3535 ἁγίαν
1700 3471 1855 3517 τεσ-

789 3548 1190 3637 σαρακοστὴν
1220 3547 1646 3618 διετύπωσαν.
1718 3548 1854 3614 Καὶ

787 3645 904 3723 τάς
950 3644 1066 3712 δύο
1111 3644 1351 3724 ταύτας
1393 3646 1592 3732 μέσον
1635 3642 1856 3713 τεθεί-

787 3765 938 3809 κασι
986 3742 1279 3832 νηστείας
1310 3744 1615 3829 τετράδος
1646 3770 1718 3811 τε
1746 3744 1854 3810 καὶ

788 3849 1214 3931 παρασκευῆς,
1270 3843 1338 3909 ἐν
1385 3835 1490 3921 αἷς
1534 3845 1642 3909 καὶ
1689 3866 1856 3930 προ-

788 3947 1006 4030 φητῶν
1073 3941 1284 4030 ῥήσεις
1348 3941 1500 4028 περὶ
1566 3940 1858 4030 νηστείας

786 4040 893 4105 καὶ
957 4039 1109 4118 τοί-ς
1166 4038 1315 4123 περὶ
1386 4039 1576 4129 αι”τῆς
1634 4039 1859 4122 λόγους

788 4143 903 4202 τοῦ
950 4137 1397 4225 θεοφάντορος
1416 4141 1465 4224 ¹)
1509 4133 1858 4204 Βασιλείου

786 4236 1093 4319 λέγεσθαι
1143 4235 1540 4317 διετάξαντο.

1961 703 2110 767 tiam
2182 706 2244 767 et
2308 702 2836 786 expurgationem.
2947 700 3029 765 Et

1962 820 2073 884 per
2120 799 2432 884 publicani
2479 805 2542 864 et
2576 798 2886 883 pharisaei
2917 819 3026 883 pa-

1924 898 2275 977 rabolam,
2339 919 2464 963 non
2512 896 2662 963 esse
2711 896 3026 963 laboribus

1962 998 2467 1083 superbiendum,
2497 996 2608 1061 sed
2629 1015 3020 1079 compescen·

1961 1097 2075 1161 dos
2123 1096 2312 1160 animi
2345 1101 2623 1172 eonatuS,
2673 1096 2916 1173 docent,
2967 1100 3030 1160 et

1948 1195 2081 1260 -hae
2091 1184 2334 1260 ratione
2352 1192 2561 1278 potius
2582 1194 2846 1259 salutem
2860 1213 3028 1257 eom-

1961 1295 2322 1378 parandam.
2395 1292 2518 1357 Per
2560 1292 2801 1377 prodigi
2849 1311 3025 1375 parass

1930 1391 1933 1394 ’
1961 1392 2166 1466 bolam
2177 1386 2311 1456 <non
2335 1410 2478 1456 esse¹
2495 1391 3025 1474 despondendum‚

1963 1491 2074 1554 sed
2139 1489 2594 1554 revertendum>
2637 1488 3027 1554 confessione

1964 1588 2041 1652 ad
2070 1587 2323 1652 Patrem
2366 1586 2671 1671 optimum
2700 1593 2887 1670 atque
2909 1585 3028 1651 hu-

1934 1680 2411 1758 ·J1nanissirnum.
2485 1685 2610 1751 Per
2655 1685 3028 1759 reeordatio-

1963 1782 2491 1859 neni‚Salvatoris
2551 1784 2746 1849 nostri
2803 1784 3031 1849 adven-

1963 1887 2095 1977 tus,
2177 1882 2520 1965 incorrupti
2589 1881 2751 1947 illius
2812 1881 3028 1966 judicii

1964 1982 2254 2046 timorem
2302 1980 2624 2059 incutiunt,
2675 1985 2737 2066 et
2773 1979 3028 2065 permi-

1965 2079 2364 2143 serieordiam
2430 2077 2493 2142 in
2561 2098 2866 2163 pauperes
2935 2079 3029 2143 in-

1964 2182 2241 2253 struunt,
2306 2196 2420 2240 nos
2481 2196 2728 2260 quoque
2788 2177 3029 2242 miseri-

1964 2275 2235 2341 eordiam
2255 2278 2716 2340 consecuturos,
2750 2274 3030 2339 Tandem

1966 2374 2215 2439 exilium
2285 2373 2511 2438 Adami
2595 2377 3028 2458 proponentes,

1966 2472 2127 2556 quod
2177 2462 2431 2556 propter
2478 2471 2685 2536 luxum
2747 2475 2809 2537 et
2854 2470 3026 2536 volu-

1964 2574 2196 2654 ptatem
2263 2569 2518 2648 accidit,
2592 2571 2670 2635 ad
2727 2568 3030 2653 jejunium

1964 2668 2389 2734 adhortantur.
2405 2667 2869 2753 Proptereaque
2884 2667 3032 2733 heb—

1963 2768 2314 2844 domadem,
2366 2786 2524 2849 quae
2562 2771 2704 2830 ante
2726 2765 3027 2851 jejunium

1964 2870 2077 2944 est,
2119 2875 2188 2931 ut
2222 2885 2258 2929 a
2282 2865 2572 2930 carnibus
2597 2865 3029 2940 abstineretur,

1963 2982 2086 3028 non
2134 2963 2286 3027 item
2305 2986 2310 2994 ·
2326 2982 2363 3026 a
2381 2981 2594 3050 ,casem
2613 2987 2622 2996 ·
2642 2961 2782 3048 lege
2812 2982 3029 3027 sanxe-

1963 3065 2127 3127 runt.
2204 3059 2418 3140 Quam
2426 3059 2647 3143 jejunii
2684 3059 3028 3144 profestum

1964 3161 2342 3241 nuncupant,
2394 3163 2456 3223 et
2492 3158 2743 3246 Triodia
2789 3178 3027 3232 canere,

1967 3263 2029 3322 et
2074 3256 2392 3335 Idiomela',
2457 3262 2526 3321 ut
2573 3257 2707 3321 aliis
2754 3256 3027 3340 Quadra-

1965 3355 2282 3441 gesimalis
2319 3352 2541 3438 jejunii
2588 3355 2809 3420 diebus
2853 3374 3027 3438 prae-

1966 3454 2366 3535 scripserunt.
2480 3451 2559 3517 Et
2621 3453 2777 3518 duas
2843 3452 3030 3518 hasce

1967 3551 2202 3617 medias
2238 3552 2314 3616 ad
2328 3551 2744 3638 jejunandum
2769 3571 3030 3635 posuere

1965 3649 2154 3738 ferias·
2178 3654 2458 3732 quartam
2502 3653 2566 3713 et
2590 3654 2849 3728 sextam,
2898 3650 3032 3734 qui-

1963 3748 2082 3813 bus
2111 3752 2192 3836 0¹³
2246 3746 2688 3832 prophetarum
2745 3749 2821 3813 de
2868 3748 3030 3833 jeju-

1964 3847 2066 3932 nio
2130 3847 2294 3911 dieta
2359 3850 2421 3911 et
2482 3846 2559 3911 de
2618 3846 2740 3936 hoe
2811 3849 3025 3913 eodem

1966 3946 2154 4010 divini
2203 3945 2414 4010 Basilii
2464 3945 2774 4011 orationes
2817 3943 3028 4032 legen-

1965 4045 2077 4108 das
2122 4044 2548 4109 decreverunt.
2619 4043 2625 4053 '

971 4443 1012 4510 ¹)
1053 4442 1105 4497 S.
1144 4443 1391 4496 Basilium
1428 4443 1479 4497 in
1518 4443 1661 4498 libris
1699 4443 1954 4513 liturgicis
2003 4444 2117 4496 κατ’
2157 4444 2576 4515 ἀντονομασίαν
2611 4442 2769 4513 vulgo
2805 4441 3030 4512 οὐρανο·
