3514 5391
1224 551 1300 605 Dc
1339 552 1452 620 ipsa
1489 549 1913 619 Quadragesima.
2129 580 2133 584 ·
2617 554 2687 603 89

425 744 594 813 μάδος
629 747 833 816 βραχύ
877 750 938 798 τί
957 746 1399 800 διαναπαύεσθαι
1423 767 1512 801 κε-

429 825 686 896 χάρισται
727 826 762 879 ὁ
808 825 1121 893 Δεσπότης,
1173 829 1266 880 ἵνα
1306 830 1404 880 καὶ
1451 828 1513 881 τὸ

429 909 578 975 σῶμα
614 907 842 978 μικρὸν
879 906 1097 966 ἀνέντες
1130 907 1240 961 ἀπὸ
1276 912 1384 962 τῶν
1408 908 1513 961 πό-

431 1006 530 1040 νων
565 991 1000 1055 τῆς-νηστείας,
1053 990 1280 1055 καὶ’τήν
1317 990 1512 1059 ψυχήν

426 1069 1018 1141 παραμυθησάμενοι,
1084 1069 1252 1123 πάλιν
1311 1073 1512 1143 παρελ-

425 1154 648 1204 θουσῶν
709 1155 828 1204 τῶν
866 1149 974 1204 δύο
1018 1150 1230 1205 τούτων
1274 1152 1510 1223 ἡμερῶν,

427 1235 509 1295 τῆς
564 1230 746 1297 αὐτῆς
801 1230 950 1285 ὁδοῦ
1001 1232 1142 1301 μετά
1193 1237 1514 1304 προθυμίας

424 1311 717 1366 ἅπτωνται
757 1315 812 1364 οἶ
852 1313 954 1378 τὴν
987 1312 1158 1380 καλὴν
1182 1312 1388 1379 ταύτην
1423 1316 1513 1365 καὶ

425 1393 688 1468 ἓπῳφελῆ
759 1392 1096 1465 ὁδοιπορίαν
1164 1394 1512 1466 ποιούμενοι.

431 1478 569 1545 Φέρε
625 1473 743 1528 οὖν
796 1477 891 1527 καὶ
943 1473 1128 1544 ἡμεῖς,
1185 1475 1368 1542 ἐπειδὴ
1424 1481 1514 1542 τῆς

427 1554 670 1616 ἀνέσεώς
708 1556 861 1609 ἐστιν
897 1554 1071 1625 ἡμέρα
1111 1554 1512 1626 σήμερον,·πα-

429 1639 827 1708 ρακαλέσωμεν
863 1636 1026 1708 ’ὑμῶν
1053 1637 1150 1704 τὴν
1167 1637 1407 1707 ἀγάπην,
1445 1639 1528 1693 τά,

427 1718 535 1771 άπό
573 1721 680 1784 τῆς
715 1722 968 1783 νηστείας
1005 1720 1332 1787 συλλεγέντα
1356 1716 1515 1789 κέρδη

427 1799 568 1869 μετά
600 1799 920 1870 ἀσφαλείας
944 1799 1261 1870 φυλάττειν,
1301 1802 1393 1852 ἵνα
1416 1818 1514 1870 μι-

427 1882 562 1950 κρὸν
574 1880 614 1933 δ
615 1879 1125 1949 ιαναπαυσάμενοι,
1156 1878 1324 1933 πάλιν
1341 1893 1513 1949 προσ-

1623 747 1879 805 animam
1905 753 2269 820 recreantes,
2296 748 2524 806 exactis
2551 747 2685 807 duo-

1623 830 1730 886 bus
1752 828 1877 886 illis
1893 828 2116 899 diebus,
2138 828 2201 886 in
2213 828 2457 901 pulchre
2479 835 2686 903 coepto

1620 910 1839 968 itinere
1880 908 2171 968 alacriter
2206 917 2464 983 pergant
2488 911 2550 982 ii,
2589 912 2685 983 qui

1623 989 1773 1048 illud
1825 997 2226 1064 susceperunt.
2313 990 2447 1061 Age
2485 990 2686 1062 igitur,

1623 1072 1762 1143 quia
1799 1071 1974 1130 hodie
2011 1071 2375 1130 remissionis
2415 1071 2543 1130 dies
2577 1080 2686 1143 cst,

1622 1153 2065 1211 obsecr-abimus
2074 1158 2337 1212 vestram
2352 1153 2686 1223 caritatem.

1621 1239 1689 1292 ut
1725 1249 1945 1307 magna
1982 1234 2298 1305 diligentia
2348 1234 2575 1291 lucrum
2616 1250 2689 1295 ex

1614 1314 1848 1387 ,ieiunio
1877 1314 2187 1372 collectum
2211 1313 2584 1372 custodiatis:
2626 1321 2690 1372 et

1620 1398 1922 1468 resumpto
1951 1410 2273 1468 parumper
2298 1394 2531 1467 spiritu,
2558 1412 2689 1453 mox

1620 1477 1837 1534 iterum
1876 1476 2079 1548 priora
2112 1475 2278 1534 novis
2305 1476 2689 1535 incrementis

1622 1557 1969 1628 cumuletis,
2021 1562 2084 1614 et
2125 1556 2220 1614 ‘sic
2271 1557 2562 1630 paulatim
2611 1557 2689 1616 ad

1622 1638 1905 1709 majorem
1919 1636 2381 1709 negotiationem
2394 1637 2692 1705 instructi,

1621 1719 1683 1776 in
1719 1717 2097 1796 Dominicu'm
2139 1718 2295 1776 diem
2339 1719 2688 1789 occurratis,

1623 1805 1686 1857 et
1736 1799 2111 1872 spiritualem
2166 1805 2431 1857 vestram
2491 1801 2687 1857 navim

1625 1881 1683 1937 in
1741 1886 1977 1952 portum
2034 1886 2281 1952 sunctae
2331 1878 2690 1939 festivitatis

433 1962 611 2028 θήκην
653 1960 965 2030 ἐργάσησθε
1015 1965 1132 2020 τοῖς
1164 1962 1515 2030 προλαβοῦσι,
1623 1960 1859 2035 plenam
1899 1959 2230 2031 adducatis.

430 2046 516 2093 καὶ
555 2042 709 2096 οὕτω
746 2041 885 2094 κατὰ
910 2041 1116 2113 μικρὸν
1139 2041 1389 2111 μεγάλην
1414 2042 1515 2102 τήν
1618 2068 1626 2077 ·

432 2125 713 2194 ἐμπορίαν
750 2123 968 2180 ἑαυτοῖς
1002 2120 1517 2185 κατασκευάσαντες,
1556 2120 1729 2181 οὕτως
1766 2122 1843 2180 εἷς
1867 2120 1966 2188 τὴν
1989 2125 2189 2192 κυρίαν
2214 2120 2425 2192 ἡμέραν
2448 2121 2691 2189 ἀπαντή-

434 2219 577 2271 σητε,
617 2208 714 2257 καὶ
739 2203 1174 2274 πεπληρωμένην
1197 2202 1361 2273 ὑμῶν
1385 2203 1485 2269 τήν
1509 2200 1717 2254 ὁλκάδα
1741 2202 1843 2268 τήν
1868 2202 2245 2272 πνευματικὴν
2270 2204 2347 2262 εἰς
2374 2201 2472 2256 τὸν
2496 2203 2693 2273 λιμένα

438 2290 527 2351 τῆς
560 2284 732 2355 ἁγίας
769 2280 957 2352 ἔορτῆς
992 2282 1323 2353 εἰςαγάγητε.

617 2448 857 2513 Primis
913 2455 1180 2531 quatuor
1239 2447 1459 2512 diebus
1526 2447 1765 2530 primae
1820 2445 2199 2531 jejuniorum
2260 2446 2692 2514 hebdomadae

442 2540 668 2613 Graeci
718 2546 984 2612 recitant
1030 2568 1322 2631 maynum
1369 2567 1670 2611 canonem
1687 2544 2218 2633 poenitentialem
2249 2566 2296 2613 S.
2328 2547 2495 2613 And
2517 2567 2690 2612 reae

443 2645 911 2723 CretensiS,
961 2644 1023 2709 in
1072 2649 1336 2728 quatuor
1380 2640 1681 2727 τμήματα
1726 2664 1836 2714 seu
1886 2648 2094 2729 partes
2123 2645 2375 2711 diurnas
2404 2646 2690 2724 divisum.

445 2766 633 2829 quem
682 2744 950 2810 solemni
997 2743 1116 2808 ritu
1162 2744 1472 2829 integrum
1524 2747 1776 2808 cantant
1822 2743 1977 2809 seria
2022 2743 2099 2808 V.
2150 2743 2443 2811 hebdom.
2498 2746 2568 2830 V,
2627 2752 2695 2811 ut
2737 2778 2743 2786 ·

447 2844 688 2909 dicetur
733 2843 916 2907 infra.
964 2838 1315 2929 Ἑρμηνεῖαι
1365 2842 1683 2907 Triodii
1746 2863 1821 2907 ea,
1865 2842 1943 2908 de
1992 2862 2058 2908 re
2105 2842 2292 2908 hodie
2345 2847 2690 2928 generatim

452 2941 886 3025 praescribunt
941 2936 1010 3004 ἐν
1053 2943 1133 3028 τῇ
1179 2934 1543 3026 ἀκολουθίᾳ
1600 2944 1729 3004 τῶν
1776 2933 2225 3005 ἀποδείπνωνε
2288 2932 2449 3006 Εἶθ’
2495 2940 2697 3019 οὕτως
2734 2983 2739 2990 ‹

451 3035 790 3124 ἀρχόμεθα
835 3042 952 3100 τοῦ
994 3034 1271 3122 μεγάλου
1317 3036 1603 3118 κανόνος,
1653 3043 1995 3116 ποιοῦντες
2043 3036 2235 3103 αὐτὸν
2269 3039 2569 3128 τμήματα
2612 3039 2693 3108 δ’.
2775 3122 2781 3126 ,

454 3135 607 3200 καθ’
650 3130 911 3221 εἱρμὸν,
973 3133 1059 3213 ὥς
1104 3136 1520 3224 πληροῦσθαι
1581 3140 1813 3201 τοῦτον
1871 3141 1950 3224 τῇ
2005 3135 2276 3225 πέμπτῃ
2321 3133 2599 3224 ἑσπέρας
2623 3142 2690 3226 ¹).

453 3235 559 3320 'ry
574 3237 828 3320 picum
877 3255 1022 3300 vero
1069 3237 1392 3319 speciatim
1440 3238 1644 3320 ipsum
1696 3237 2077 3303 recitationis
2124 3225 2312 3304 ritum
2360 3257 2435 3303 ex
2483 3239 2695 3304 ordine

456 3337 561 3417 τῆς
619 3337 1081 3419 κατανυκτικῆς
1143 3329 1541 3411 ἀκολουθίας
1601 3338 1718 3399 τοῦ
1780 3332 2055 3418 μεγάλου
2118 3332 2386 3412 κανόνος
2447 3337 2690 3402 definit:

463 3429 644 3495 Μετὰ
700 3428 819 3517 τὴν
865 3425 1243 3514 δοξολογίαν
1305 3430 1645 3518 ἀρχόμεθα
1709 3431 1981 3522 ψάλλειν
2038 3432 2153 3497 τὸν
2193 3431 2394 3516 μέγαν
2438 3433 2693 3501 κανόνα.

461 3526 602 3618 Ἀφ’
632 3529 713 3611 ς’.
779 3527 950 3618 ᾠδῆς
997 3529 1329 3618 ψάλλομεν
1374 3528 1577 3616 ἀργῶς
1629 3531 1804 3621 Ψυχὴ
1832 3555 1977 3615 μου,
2038 3531 2210 3626 ψυχή
2250 3555 2375 3615 μου
2398 3533 2470 3619 ¹),
2518 3533 2732 3622 1122]ae

462 3627 760 3712 ρουμένου
809 3626 879 3716 δέ
925 3627 1177 3707 τούτου,
1232 3627 1426 3715 ψάλλ.
1475 3627 1512 3717 ἡ
1558 3628 1658 3711 CC,
1725 3627 1764 3718 ἡ
1811 3629 1886 3718 η’.
1937 3628 2046 3694 καὶ
2094 3627 2130 3718 ἡ
2176 3629 2271 3696 θ’.
2366 3631 2492 3698 Sed
2538 3633 2694 3699 haec

467 3728 662 3793 omnia
705 3729 768 3792 in
817 3729 954 3812 ipso
1003 3729 1211 3795 officio
1261 3730 1507 3813 proprio
1556 3732 1765 3816 magni
1817 3732 2068 3796 canonis
2118 3732 2440 3796 videantur
2460 3731 2530 3815 ⁴).

640 3859 720 3941 Τῇ
745 3869 883 3942 αὐτῇ
921 3869 1096 3940 ἡμέρᾳ
1118 3871 1185 3935 β’,
1226 3875 1317 3937 τῆς
1344 3870 1410 3922 α’.
1450 3871 1770 3942 ἑβδομάδος.
1827 3872 2039 3927 Eadem
2057 3874 2215 3943 feria
2242 3873 2321 3927 II.
2347 3873 2698 3928 hebdomadis

461 3951 667 4015 primae
695 3950 1062 4022 jejuniorum
1099 3952 1162 4009 in
1199 3953 1494 4010 nonnullis
1537 3952 1932 4011 Kalendariis
1976 3954 2319 4026 hungaricis
2338 3953 2383 4022 ⁵)
2426 3953 2698 4028 signatur

642 4115 682 4178 ¹)
720 4114 857 4170 Edit.
896 4130 1022 4168 rom.
1062 4131 1144 4168 an.
1185 4116 1342 4180 1879,
1381 4131 1429 4183 p.
1471 4116 1602 4181 1353
1643 4116 1767 4170 edit.
1807 4121 1979 4170 venet.
2020 4117 2174 4182 1870,
2214 4131 2261 4184 p.
2302 4115 2388 4170 78.

641 4193 685 4260 ²)
724 4196 835 4250 Hoc
869 4192 1164 4248 κοντάκιον
1200 4195 1443 4250 sistemus
1480 4196 1594 4265 ipsa
1631 4196 1764 4250 feria
1800 4196 1861 4250 V.
1900 4199 2000 4248 τοῦ
2035 4193 2286 4265 μεγάλου
2322 4192 2570 4252 κανόνος.

642 4272 684 4334 ⁸)
721 4275 859 4330 Edit.
900 4275 1144 4345 cpolitan.
1184 4291 1267 4330 an.
1311 4275 1465 4341 1874,
1505 4293 1551 4346 p.
1591 4277 1714 4333 214.
2406 4322 2411 4328 .

643 4355 686 4422 ⁴)
725 4355 863 4410 Edit.
901 4373 1030 4411 rom.
1069 4372 1154 4426 pp.
1191 4356 1506 4424 462—4933
1548 4358 1670 4411 edit.
1709 4362 1881 4412 venet.
1922 4373 2005 4426 pp.
2043 4356 2342 4410 258—277.

643 4433 686 4501 ⁵)
722 4435 800 4490 Ex
835 4437 917 4491 his
955 4438 1006 4491 in
1044 4437 1277 4494 manibus
1317 4441 1398 4490 est
1436 4437 1839 4496 Seent-zetvdn
1858 4467 1876 4476 ·
1899 4437 2157 4492 Tar-salat
2204 4434 2458 4506 naptdra.
2534 4433 2697 4488 Buda-

483 4516 601 4578 pcst.
638 4516 787 4576 1880.
2488 4539 2493 4552 ·
