3514 5391
951 515 1056 571 596
1574 518 1775 572 Annus
1791 516 2173 573 ecclesiasticus
2213 518 2568 572 Armenorum.

1374 716 1546 772 Sectio
1584 716 1671 770 VI.
1721 716 2130 839 Varapochumn.
2184 669 2482 786 Assumptio
2520 717 2581 772 B.
2608 718 2674 772 M.
2701 717 2764 771 V.

951 899 1012 962 in
1060 897 1228 963 nullo
1261 896 1617 981 Menologio
1666 896 2012 979 reperiatur
2058 896 2280 979 aliquis
2327 916 2399 961 eo
2430 898 2681 962 nomine
2712 897 2985 970 Sanetus,
3028 896 3146 961 hinc

949 988 1109 1052 sorte
1157 1007 1385 1060 nomen
1439 987 1669 1049 Teunii
1714 986 1777 1050 in
1826 986 2043 1049 Pionii
2089 991 2543 1051 commutatum
2591 996 2704 1065 est,
2767 987 2930 1054 nulla
2971 985 3149 1052 habita

951 1086 1287 1152 attentione
1350 1086 1426 1149 ad
1487 1085 1721 1150 festum
1768 1083 1968 1149 Pionii
2028 1083 2158 1166 jam
2223 1089 2363 1150 ante
2418 1085 2790 1152 institutum.
2881 1085 3148 1171 Expedite

950 1186 1159 1269 itaque
1197 1184 1456 1261 videtur,
1507 1187 1575 1246 ut
1605 1183 1836 1247 omisso
1867 1182 1972 1248 hie
2001 1178 2238 1261 Pionio‚
2289 1183 2606 1267 Stephano
2636 1189 2875 1250 tantum
2906 1183 3147 1257 Ulnensi,

951 1289 1012 1349 et
1058 1281 1542 1348 Abdelmessiho
1591 1283 1943 1367 assignetur
1990 1281 2175 1364 hujus
2208 1283 2329 1348 diei
2362 1282 2611 1351 festum.
2679 1284 3016 1371 Stephanus
3040 1287 3149 1347 erat

950 1404 1025 1447 ex
1073 1382 1393 1455 Cocisone,
1445 1381 1573 1446 sive
1623 1380 1887 1457 OnouSO,
1938 1381 2274 1446 Armeniae
2322 1382 2586 1448 Minoris
2633 1384 2807 1453 urbe.
2873 1384 2969 1468 qui
3012 1402 3147 1447 mar-

950 1482 1177 1566 tyrium
1243 1479 1432 1545 subiit
1493 1499 1618 1542 una
1679 1498 1823 1543 eum
1870 1478 1953 1543 31
2007 1480 2189 1544 sociis
2250 1480 2313 1544 in
2375 1501 2518 1547 aree
2576 1480 2786 1548 Caneii
2846 1483 3147 1566 imperante

950 1578 1216 1644 Julian0.
1310 1578 1497 1642 Extat
1555 1576 1866 1661 hodieque
1914 1577 2047 1661 ejus
2097 1576 2498 1662 sepulchrum
2562 1580 2625 1645 in
2673 1581 2915 1647 civitate
2959 1583 3149 1646 Arme-

951 1698 1168 1743 norum
1221 1675 1410 1752 Ulna,
1473 1677 1637 1739 unde
1700 1677 2174 1760 cognominatus
2235 1681 2330 1741 est
2377 1677 2711 1755 UlnensiS‚
2780 1685 2956 1764 prout
2996 1677 3152 1743 tradit

951 1776 1284 1842 memoriae
1331 1773 1618 1839 Menol.
1667 1774 1874 1839 Arm.
1924 1775 2016 1863 ‚ad
2065 1775 2124 1840 d.
2180 1776 2281 1841 18.
2331 1777 2621 1861 Augusti.
2674 1816 2758 1824 --
2820 1777 2915 1843 De
2958 1770 3152 1839 Abdal-

952 1875 1208 1938 messiho
1257 1892 1421 1948 vero,
1473 1873 1636 1955 quod
1686 1870 1920 1936 Servus
1974 1870 2209 1937 Christi
2253 1873 2760 1958 interpretantur,
2809 1878 2872 1941 in
2904 1871 3152 1942 Menol.

952 1974 1151 2037 Arm.
1204 1970 1318 2035 sub
1367 1971 1467 2034 die
1520 1970 1619 2035 13.
1649 1969 1800 2035 Julii
1847 1975 2151 2049 narratur,
2202 1990 2346 2036 eum
2376 1973 2713 2040 credidisse
2759 1976 2823 2040 in
2852 1974 3154 2045 Christum,

950 2090 1137 2155 quum
1189 2072 1356 2134 esset
1401 2068 1565 2133 filius
1611 2068 1856 2148 Judaei‚
1908 2089 1980 2134 ac
2027 2090 2138 2152 pro
2188 2068 2419 2135 Christi
2466 2071 2590 2136 fide
2637 2093 2673 2138 a
2720 2076 2971 2159 proprio
3014 2074 3157 2155 patre

952 2169 1157 2257 fuisse,
1191 2168 1652 2251 interemptum.
1752 2167 1828 2230 V.
1879 2173 1922 2233 t.
1980 2170 2033 2241 1,
2085 2188 2145 2250 p.
2193 2168 2325 2232 479
2388 2174 2451 2233 et
2511 2170 2649 2235 heic
2708 2193 2766 2256 p.
2816 2173 2971 2238 498.

1127 2381 1369 2446 Feria
1415 2380 1544 2445 III.
1597 2381 1854 2444 Festum
1902 2380 2200 2446 Andreae
2248 2380 2429 2446 ducis
2478 2382 2744 2449 militum
2791 2398 2853 2452 et
2884 2384 3150 2450 exercims

952 2486 1085 2571 ejus
1130 2501 1371 2544 necnon
1427 2477 1730 2543 Callinici
1775 2480 2077 2565 martyris
2124 2504 2197 2543 ac
2243 2481 2576 2545 Diomedia
2624 2484 2867 2549 medici.

1125 2626 1446 2690 Andream
1493 2622 1756 2687 militum
1807 2623 2029 2687 ducem
2080 2623 2374 2708 martyrio
2428 2644 2569 2690 eum
2619 2626 2747 2691 suis
2793 2627 3053 2692 functum
3090 2622 3139 2686 in

890 2723 893 2727 ’
951 2724 1166 2790 Cilicia
1185 2723 1562 2788 Maximiano
1593 2722 1957 2805 imperante,
1994 2727 2124 2787 tum
2152 2721 2363 2787 Mart
2376 2743 2417 2807 y
2434 2743 2483 2791 r.
2515 2722 2722 2792 Rom.
2759 2731 2886 2791 tum
2910 2726 3137 2793 Graee.

951 2825 1637 2904 Armenorumque
1686 2820 2150 2906 Menologia
2198 2822 2256 2886 d.
2312 2821 2414 2887 19.
2442 2823 2711 2908 Augusti
2745 2820 3049 2911 reponunt.
3073 2856 3137 2865 --

958 2920 1335 2987 Callinicum
1401 2921 1686 3005 Gangrae
1752 2919 1814 2983 in
1884 2919 2315 3005 Paphlagonia
2388 2922 2683 3005 martyrio
2750 2924 3138 3004 consumptum

951 3021 1281 3104 Martyr.
1314 3019 1518 3083 Rom.
1569 3024 1630 3082 et
1676 3018 1963 3084 Menol.
1998 3017 2279 3084 Graec.
2331 3019 2635 3084 collocant
2681 3021 2787 3087 29.
2824 3019 2982 3096 Julii,
3024 3017 3140 3081 Ar·

951 3140 1062 3184 ine
1085 3139 1357 3184 norum
1423 3138 1567 3182 vero
1632 3118 1690 3182 d.
1757 3117 1861 3180 27.
1924 3117 2224 3200 ejusdem.
2295 3156 2378 3164 —
2442 3118 2811 3182 Diomedem
2874 3115 3139 3183 medicum

950 3215 1312 3303 ἀνάργυροι),
1364 3218 1467 3300 qui
1514 3216 1746 3280 Niceae
1795 3216 1856 3279 in
1891 3215 2186 3298 Bithynia
2228 3217 2522 3299 martyrio
2571 3223 2897 3283 coronatus
2932 3219 3017 3281 est
3048 3208 3139 3275 sub

951 3316 1352 3391 DiocletianO,
1416 3314 1743 3396 Martyr.
1797 3312 2003 3380 Rom.
2069 3318 2132 3378 et
2178 3313 2461 3380 Menol.
2512 3312 2717 3381 Grae
2735 3335 2788 3381 e.
2838 3313 3054 3401 ponunt
3091 3307 3138 3370 d.

955 3414 1054 3478 16.
1107 3414 1413 3498 Augusti,
1490 3415 2023 3477 Armenorum
2086 3432 2231 3477 vero
2295 3412 2575 3496 ejusdem
2640 3413 2872 3479 mensis
2925 3409 3015 3475 die
3058 3403 3138 3467 17·

950 3533 1136 3596 quem
1185 3517 1392 3575 tamen
1441 3513 1737 3576 mendose
1786 3515 1966 3574 vocat
2012 3510 2476 3574 Dometianum.

1129 3725 1365 3791 Feria
1415 3726 1492 3789 V.
1574 3726 1823 3788 Festum
1868 3724 2155 3788 Adriani
2201 3735 2261 3788 et
2305 3726 2529 3789 umoris
2577 3728 2711 3813 ejus
2746 3721 3054 3798 Nataliae,
3092 3721 3137 3775 εἰ

959 3826 1269 3891 Theodori
1315 3824 1491 3888 ducis
1537 3821 1806 3887 militum
1852 3821 2315 3902 Heracleensis,
2365 3847 2440 3887 ac
2492 3823 2723 3910 Thyrsi
2766 3818 3056 3908 martyris.

1130 3968 1490 4034 Adi-iamim
1520 3971 1857 4051 martyrem
1900 3987 2041 4031 oum
2076 3967 2160 4031 23
2191 3967 2374 4032 sociis
2403 3966 2808 4033 Nicomediae
2840 3965 2947 4032 sub
2975 3953 3133 4023 Maxi·

950 4070 1154 4134 miano
1203 4067 1641 4142 excruciatum,
1707 4066 1932 4130 Mart.
1982 4065 2186 4130 Rom.
2238 4065 2489 4131 exhibet
2534 4067 2594 4132 d.
2643 4067 2706 4132 4.
2756 4063 2983 4136 Martii,
3039 4069 3131 4138 (111⁰

950 4169 1049 4232 die
1096 4167 1458 4250 martyrium
1511 4164 1995 4241 consummavit3
2047 4169 2108 4229 et
2153 4165 2210 4229 d.
2263 4165 2322 4230 8.
2368 4163 2710 4248 Septemb„
2760 4184 2883 4248 qno
2926 4160 3011 4224 die
3048 4150 3130 4214 de·

951 4285 1118 4328 mum
1170 4265 1303 4349 ejus
1351 4285 1575 4348 eorpus
1622 4264 1920 4348 Byzantio
1970 4262 2231 4328 Romam
2294 4269 2576 4329 evectum
2635 4269 2750 4332 est.
2845 4252 3131 4328 Nataliam

949 4383 1093 4427 vero
1142 4383 1394 4427 uxorem
1446 4364 1596 4448 ejus
1662 4384 1821 4447 quae
1868 4362 2126 4427 Adriani
2188 4363 2469 4447 ejusdem
2514 4360 2810 4445 reliquias
2855 4360 3042 4427 secuta
3075 4362 3129 4409 01

950 4462 1101 4524 iube
1138 4461 1504 4527 Nicomedia
1531 4463 1895 4545 Byzantium
1928 4461 2377 4545 commigravit,
2426 4461 2682 4544 ibique
2668 4482 2727 4525 1n
2754 4481 2904 4545 pace
2926 4444 3127 4541 quievit,
