3514 5391
822 532 929 587 316
1335 539 1343 546 ‘
1537 533 1696 589 Festa
1731 535 1940 590 mobilia
1976 540 2095 605 post
2131 534 2350 590 Pascha.

822 734 1031 810 ster-210,
1082 733 1275 800 altera
1322 755 1466 802 vero
1499 738 1819 825 justorum
1865 734 1945 798 ab
1976 734 2208 820 inferis
2238 732 2632 798 liberatione.
2714 732 3061 816 Utrumque

821 828 1189 899 Christianis
1222 835 1511 900 omnibus
1542 835 1940 900 notissimum
1989 837 2084 897 est
2131 852 2207 897 ex
2241 832 2730 921 institutionibus
2779 829 3060 896 cateche-

822 928 978 1007 tieis,
1029 939 1408 1018 quapropter
1453 932 1879 1021 explica-tionis
1907 931 2041 996 loco
2071 931 2361 996 festivum
2399 933 2699 996 canonem
2731 950 2807 995 ex
2840 929 3063 995 Pente-

821 1029 1085 1093 costario
1135 1030 1235 1096 hic
1283 1032 1579 1098 sistimus.
1629 1037 1698 1096 ut
1743 1068 1828 1078 -
1879 1029 2128 1096 sublimi
2175 1030 2311 1113 ejus
2352 1028 2804 1114 significatione
2851 1028 3058 1094 sedulo

821 1139 1092 1209 expensa
1117 1167 1202 1176 —-
1233 1150 1550 1216 congruos.
1567 1130 1814 1215 pietatis
1840 1148 2061 1194 sensus
2091 1129 2149 1192 in
2179 1128 2358 1193 nobis
2384 1128 2653 1193 excitare
2682 1127 3057 1205 studeamus,

820 1224 1134 1305 nimirum,
1184 1232 1254 1293 ut
1293 1227 1608 1294 Christum
1645 1228 1980 1294 Dominum
2031 1247 2103 1293 ac
2149 1225 2389 1312 Regem
2435 1230 2716 1291 nostrum
2760 1226 2959 1312 gloria
3003 1233 3061 1291 et

820 1325 1047 1407 gaudio
1073 1325 1366 1393 ineffabili
1393 1328 1700 1394 fruentem
1729 1326 2237 1411 contemplantes,
2269 1327 2345 1391 de
2368 1323 2502 1409 ejus
2524 1325 2751 1410 gaudio
2781 1331 2844 1390 et
2867 1323 3062 1409 gloria

820 1422 1059 1488 intense
1086 1427 1469 1509 gaudeamus
1518 1432 1580 1492 et
1626 1426 1765 1510 ipsi,
1814 1426 2014 1509 primo
2064 1444 2136 1490 ac
2184 1423 2513 1509 praecipue
2565 1427 2814 1507 propter
2858 1424 3059 1507 ipsum

821 1520 1111 1587 Divinum
1152 1524 1534 1590 Salvatorem
1587 1524 2045 1609 amplissimum
2090 1522 2599 1607 triumphantem,
2647 1522 2872 1587 deinde
2919 1542 3056 1587 vero

819 1620 1006 1685 otiam
1039 1624 1231 1688 nostri
1263 1625 1537 1707 ipsorum
1566 1629 1937 1708 nostraeque
1963 1624 2249 1707 propriae
2282 1621 2594 1687 felicitatis
2632 1640 2837 1692 causa,
2874 1641 3053 1704 quam

819 1717 1104 1785 Christus
1165 1723 1475 1788 redivivus
1540 1722 1814 1787 humano
1875 1722 2091 1807 generi
2155 1721 2220 1787 in
2266 1720 2559 1786 Patribus
2625 1738 2697 1783 ac
2735 1718 2926 1802 justis
2986 1738 3059 1782 ex

816 1817 1008 1883 limbo
1058 1820 1295 1886 eductis
1345 1819 1701 1905 plenissime
1750 1821 1883 1904 jam
1933 1819 2206 1904 praebet.
2302 1818 2603 1900 Quoniam
2667 1836 2812 1883 vero
2874 1813 3056 1901 syna-

821 1917 1081 1995 xarium‚
1121 1921 1286 2003 quod
1315 1919 1841 2004 Nicephorus
1891 1916 2495 2002 G.Xantopu1us
2544 1916 2745 1981 eidem
2779 1914 2926 1980 huic
2957 1935 3056 1979 ca-

817 2015 962 2079 noni
1009 2016 1284 2095 inseruit,
1332 2014 1772 2103 gravissimum
1821 2037 2094 2083 errorem
2142 2018 2221 2082 de
2249 2014 2680 2101 peccatoribus
2711 2032 2785 2078 ex
2818 2012 3058 2078 inferno

817 2111 1091 2179 liberatis
1139 2113 1431 2194 continet,
1482 2117 1683 2201 ipsam
1731 2115 1865 2200 ejus
1912 2117 2276 2192 doctrinam,
2342 2113 2640 2197 subjectis
2687 2111 3055 2195 quibusdam

817 2212 1475 2294 aniniadve1·sionibuS‚
1526 2216 1604 2280 ad
1648 2215 1988 2301 genuinum
2040 2215 2268 2300 dogma
2301 2211 2672 2279 catholicum
2714 2210 3055 2294 exigemus.

1029 2449 1102 2517 ‘O
1157 2454 1422 2519 κανών
1467 2450 1587 2534 εἷς
1639 2455 1782 2544 τὴν
1835 2453 2226 2544 κυριακὴν
2270 2457 2411 2518 τοῦ
2460 2451 2838 2537 ΠάσχαΙ).

1307 2573 1572 2668 Ποίημα
1617 2579 1911 2646 Ἰωάννου
1956 2585 2072 2645 τοῦ
2120 2582 2565 2662 Δαμασκηνοῦ.

937 2727 1163 2817 Ὠιὸὴ
1211 2730 1292 2798 α’.
1384 2725 1633 2815 Ἤχος
1680 2733 1763 2799 α’.
2154 2733 2315 2799 Ode
2366 2735 2423 2798 1.
2519 2731 2949 2811 Tonus1.,

1136 2835 1211 2904 ‘O
1256 2835 1561 2925 εὶρμός.
2344 2840 2696 2904 Hirmus.

907 2979 1391 3060 ,,Ἀναστάσεως
1436 2980 1652 3071 ἡμέρα,
1720 2983 1883 3068 λαμ·
2102 2983 2606 3049 Resuvwectionis
2637 2981 2810 3045 dics:
2855 2980 3051 3067 splen·

818 3082 1253 3165 „now-9551&
1343 3078 1489 3147 λαὀί
1513 3135 1527 3162 ,
1645 3081 1882 3163 Πάσχα
1992 3084 2335 3162 doceamus,
2373 3078 2626 3168 populi,
2668 3080 2913 3144 Pascha
2929 3079 3052 3142 Do·

817 3172 1139 3264 ,,Κυρίου,
1226 3178 1482 3261 Πάσχα.
1592 3180 1704 3245 Ἐκ
1766 3182 1881 3266 γὰρ
1989 3182 2166 3260 mini,
2220 3180 2477 3244 Pascha.
2550 3180 2617 3242 E
2652 3188 2847 3242 morte
2895 3176 3052 3241 enim

817 3274 1154 3354 ,,θανάτου
1202 3277 1365 3362 πρὸς
1409 3277 1592 3368 ζωήν,
1655 3279 1762 3345 καὶ
1812 3278 1883 3343 ἐκ

819 3378 969 3459 ’,γῆς
1014 3374 1181 3460 πρὸς
1226 3374 1526 3464 οὐρανόν,
1595 3377 1883 3465 Χριστὸς

815 3469 893 3551 ,,ὁ
929 3474 1090 3550 Θεὸς
1119 3473 1280 3563 ἡμᾶς
1304 3470 1696 3561 διεβίβασεν,
1732 3474 1879 3542 ἔπι-

815 3565 1065 3651 ,,ιί’κιον
1110 3570 1406 3659 ᾄδοντας.

1176 3751 1531 3839 Τροπόρια.

923 3880 1397 3963 Καθαρθῶμεν
1460 3876 1576 3955 τὰς
1644 3872 1883 3965 αἱσθή-
1958 3916 1963 3923 ·

817 3994 970 4052 σεις,
1021 3973 1129 4040 καὶ
1160 3973 1473 4062 ὀψόμεθα
1511 3980 1604 4061 τῷ
1636 3972 1884 4060 ἀπροσ-

1992 3279 2079 3344 ad
2122 3281 2337 3357 vitam,
2386 3287 2446 3341 et
2476 3299 2556 3341 ex
2604 3286 2776 3340 terra
2805 3275 2894 3339 ad
2920 3298 3049 3339 coe-

1990 3379 2135 3460 lum,
2194 3375 2477 3443 Christus
2523 3376 2700 3439 Deus
2757 3397 2872 3438 noe
2921 3384 3047 3438 tra-

1991 3476 2196 3557 duxit,
2245 3475 2576 3539 victoriam
2622 3483 2928 3539 canentes,

2364 3751 2677 3836 Troparia.

2102 3877 2538 3963 Expurgemur
2604 3877 2921 3953 sensibuS,
2992 3880 3050 3941 et

1994 3976 2343 4043 videbimus
2398 3974 2805 4040 inaccessibili
2853 3994 3048 4040 resur-

1001 4243 1045 4311 ¹)
1087 4243 1392 4298 Germanice
1432 4248 1486 4298 et
1524 4243 1715 4298 slavice
1755 4247 1931 4297 exstat
1969 4244 2102 4313 apud
2140 4243 2476 4309 Maltzew,
2528 4242 2638 4296 Die
2675 4242 3049 4301 Menzanae,

813 4340 897 4393 pp.
936 4324 1237 4379 595-610.
1312 4324 1562 4390 CanoneS,
1601 4328 1659 4377 ut
1688 4323 1847 4377 semel
1872 4323 2115 4387 dicamus,
2156 4323 2206 4376 in
2231 4338 2365 4376 nova
2391 4322 2613 4377 editione
2638 4338 2851 4377 romana
2871 4323 3048 4377 Pente-

814 4404 1026 4457 costarii
1064 4420 1146 4458 an.
1186 4404 1328 4458 1884
1364 4404 1670 4459 exhibentur
1707 4407 1977 4473 στιχηρῶς
2014 4404 2275 4473 descripti,
2313 4404 2363 4459 h.
2392 4420 2456 4473 e.,
2492 4404 2757 4461 asteriscis
2790 4404 2856 4459 ad
2882 4404 3048 4477 singu·

814 4483 979 4540 lorum
1015 4500 1257 4541 versuum
1297 4483 1676 4541 distinctionem
1714 4484 1952 4559 appictis.
2426 4476 2431 4481 ’
