3514 5391
940 538 1178 608 Κυριακῆ
1218 543 1326 593 τῶν
1359 538 1548 604 βαΐων.
1611 541 1882 596 Dominica
1917 542 2216 602 in‚PalmiS.
2594 546 2698 598 201

630 736 1004 802 Palmam-um
1031 737 1277 824 festum
1341 739 1547 803 variae
1594 738 1826 807 Triodii
1890 740 2189 805 editiones
2252 741 2417 806 varie
2464 761 2702 806 annun-

456 838 628 902 tiant.
723 835 799 900 In
849 855 942 914 ea,
1009 855 1167 920 quae
1216 836 1534 902 Bononiae
1594 838 1760 902 saeta
1806 843 1902 903 est
1948 858 2108 902 anno
2160 839 2367 916 1724.
2434 840 2704 904 breviori

461 934 723 1002 formula
769 933 1024 1000 effertur
1067 935 1240 1000 initio
1289 936 1632 1020 synaxarii:
1682 939 1762 1024 τῇ
1808 934 1962 1023 aiv?
1992 933 2195 1024 ἡμέρᾳ
2238 934 2354 1023 τὴν
2380 941 2705 1024 περιφανῆ

461 1031 567 1098 καὶ
611 1030 1076 1120 ἰπέρλαμπρον
1134 1028 1360 1120 ἑορτὴν
1417 1038 1548 1098 τῶν
1604 1032 1817 1114 βαΐων
1864 1030 2282 1120 ἑορτάζομενς
2346 1036 2407 1100 in
2459 1036 2706 1121 vulgata

467 1132 697 1199 Veneta
752 1136 963 1197 autem
1010 1132 1511 1218 magnificentius
1558 1135 1921 1218 proponitur
1982 1134 2102 1199 hae
2164 1133 2427 1200 solemni
2485 1135 2706 1200 inseri-

460 1234 663 1318 ptione
711 1231 1042 1315 synaxario
1087 1231 1396 1316 praefixa:
1444 1233 1523 1318 τῇ
1566 1229 1724 1319 αὐτῇ
1765 1229 1983 1319 ἡμέρᾳ,
2031 1235 2298 1319 κυριακῇ
2321 1235 2450 1296 τῶν
2476 1229 2706 1314 βαΐων,

459 1328 572 1417 τὴν
599 1326 906 1415 λαμπρὰν
935 1325 1044 1391 καὶ
1072 1323 1333 1410 ἔνδοξον
1363 1327 1715 1417 πανήγυριν
1740 1333 1855 1417 τῆς
1880 1325 1973 1408 εἷς
2006 1328 2406 1418 Ἰερουσαλὴμ
2451 1324 2708 1396 εἰσόδου

458 1431 573 1492 τοῦ
618 1421 868 1513 Κυρίου
912 1422 1087 1513 ἡμῶν
1109 1425 1314 1515 Ἰησοῦ
1348 1432 1633 1516 Χριστοῦ
1661 1424 2066 1516 ἑορτάζομεν.
2133 1430 2491 1496 Novissima
2517 1430 2705 1496 editio

460 1527 742 1593 Romana
788 1525 1043 1592 tandem
1088 1527 1351 1613 simplici
1401 1529 1766 1594 Dominieae
1814 1529 1990 1595 titulo
2035 1527 2300 1617 κυριακι)
2342 1532 2471 1593 τῶν
2499 1525 2711 1608 βαΐων

460 1630 771 1703 contenta,
833 1625 956 1692 diei
1005 1627 1533 1693 annuntiationem
1582 1634 1726 1713 post
1773 1630 1931 1693 oden
1979 1629 2041 1695 6.
2090 1628 2223 1695 fieri
2273 1628 2515 1694 solitam
2565 1648 2704 1693 oum

460 1725 790 1811 synaxario
836 1744 1091 1809 prorsus
1138 1725 1365 1791 omittit
1392 1725 1459 1811 ¹).
1532 1727 1665 1809 Qua
1694 1728 1913 1792 eadem
1944 1727 2212 1793 formula
2237 1728 2422 1792 etiam
2453 1730 2711 1792 utuntur

461 1825 843 1891 recentiores
890 1822 1211 1909 Horologii
1260 1825 1595 1907 editione8‚.
1632 1845 1789 1910 quas
1837 1826 2116 1892 consului
2165 1826 2394 1911 plures,

587 1999 726 2169 ζἩ
763 1997 1142 2089 βαϊοφόρος.
1236 2000 1705 2086 Εὐαγγελισμὸς
1748 2008 1866 2069 τοῦ
1910 2002 2183 2070 ιῦσαννά.
2283 2003 2569 2092 Κυριακὴ
2597 2006 2715 2068 τοῦ

461 2099 803 2183 Λανάρου.

643 2227 905 2294 Graecis
946 2227 1359 2293 communiter
1386 2228 1614 2293 dieitur
1642 2226 1905 2315 κυριακὴ
1951 2229 2081 2293 sive
2110 2222 2295 2314 ἑορτὴ
2324 2230 2454 2291 τῶν
2481 2225 2713 2310 βαΐων,

461 2324 649 2413 ἑορτὴ
672 2323 1054 2411 βαῖοφόρος,
1100 2322 1301 2412 ἡμέρα
1345 2331 1457 2413 τῆς
1500 2325 1864 2413 βαϊοφόρου
1911 2326 2006 2392 vel
2045 2328 2179 2396 sine
2208 2327 2415 2391 addito
2464 2323 2500 2412 ἡ
2529 2327 2714 2408 [safo-

460 2425 688 2512 φόρος,
717 2425 895 2509 quasi
929 2424 1100 2489 dieas
1114 2422 1363 2510 festum
1376 2424 1815 2511 palmiferum,
1849 2425 2252 2509 rumiferum3
2296 2423 2457 2516 βαΐα
2484 2425 2715 2510 quippe

463 2526 599 2591 aliis
626 2522 1191 2609 significationibus
1216 2524 1465 2589 omissis
1488 2524 1538 2608 ²)
1565 2525 1856 2590 dicuntur
1880 2525 2160 2589 termites
2194 2524 2438 2608 palmae
2467 2523 2717 2588 oleaeve

463 2629 570 2689 aut
619 2622 866 2698 salieiS,
934 2620 1261 2688 alteriusve
1317 2623 1584 2701 arboriS‚
1652 2644 1809 2710 quos
1872 2623 2232 2708 quatiebant
2293 2622 2354 2688 in
2414 2622 2712 2687 honorem

464 2723 619 2808 ejuS‚
675 2719 856 2804 eujus
880 2740 1105 2806 pompa
1131 2723 1493 2800 dueebatur,
1543 2724 1708 2807 quod
1736 2723 1958 2789 Graeei
2008 2727 2229 2788 vocant
2273 2719 2355 2786 τὰ
2397 2720 2558 2803 βάϊα
2587 2723 2717 2786 sive

462 2820 616 2899 τοὺς
666 2818 946 2897 κλάδους
990 2814 1187 2884 σείειν
1233 2826 1296 2887 et
1329 2815 1648 2885 ἐπισείειν
1670 2822 1742 2905 ³).
1823 2821 1895 2886 In
1926 2822 2253 2905 synaxario
2286 2819 2714 2897 Callistu8‚

466 2941 698 2988 nomen
744 2917 938 3001 βάϊον
982 2919 1288 2986 Hebraeis
1335 2920 1683 2997 tribuendo,
1735 2916 2000 3007 ἐδήλουν
2031 2915 2121 2997 δέ,
2171 2920 2391 3003 inquit,
2441 2916 2552 2981 διὰ
2590 2920 2719 2981 τῶν

464 3017 699 3101 βαΐων,
750 3011 947 3082 οἱονεὶ
994 3021 1123 3081 τῶν
1163 3014 1433 3082 κλάδων·
1481 3015 1672 3099 βάϊον
1716 3015 1836 3100 γὰρ
1864 3014 2023 3102 παρ’
2055 3011 2373 3101 Ἑβραίοις
2402 3013 2438 3079 ὁ
2470 3013 2720 3091 ἁπλοῦς

464 3115 705 3193 κλάδος
749 3113 1040 3198 λέγει-σω
1100 3115 1543 3203 siqnfficabant
1589 3126 1797 3180 autem
1831 3138 1958 3203 per
2000 3113 2160 3197 βάϊα
2217 3139 2431 3180 ramos
2445 3141 2472 3190 ‚·
2529 3111 2720 3196 βάϊον

467 3219 635 3280 enim
682 3215 867 3302 apud
914 3213 1241 3279 Hebraeos
1285 3214 1560 3300 simplex
1602 3235 1821 3278 ramus
1869 3214 2106 3277 dicitur
2125 3214 2200 3298 ⁴).
2387 3281 2396 3291 ,

648 3324 811 3404 Quia
855 3323 1265 3406 imperatores
1326 3321 1608 3387 solebant
1666 3322 1767 3386 die
1815 3321 2175 3386 Palmamm
2237 3320 2598 3405 proceribus
2659 3326 2724 3384 et

467 3422 835 3488 domesticis
882 3421 1011 3486 suis
1059 3441 1183 3485 una
1244 3440 1385 3486 oum
1449 3420 1798 3504 palmarum
1861 3420 2049 3484 ramis
2110 3418 2229 3483 alia
2276 3438 2522 3502 quoque
2585 3438 2719 3483 mu-

468 3520 733 3587 nuscula
780 3520 931 3584 dare
955 3517 1040 3604 ⁵),
1108 3519 1343 3584 factum
1407 3539 1482 3583 ex
1545 3538 1618 3583 eo
1673 3518 1825 3595 fuit,
1887 3522 1958 3583 ut
2003 3519 2232 3581 donum
2282 3537 2465 3582 omne
2510 3513 2721 3599 βάϊον,

473 3647 906 3657 α-ψφ-ᾷ--ική

656 3700 697 3765 ¹)
738 3697 937 3766 Relege
975 3713 1107 3767 quae
1145 3696 1364 3750 diximus
1403 3713 1560 3766 supra
1598 3713 1682 3766 pp.
1721 3697 1937 3751 21—‘22
1973 3702 2080 3750 not.
2122 3699 2169 3750 1.

650 3778 696 3845 ¹)
738 3777 919 3831 Videri
957 3794 1051 3832 eae
1090 3782 1305 3846 possunt
1354 3777 1488 3846 apud
1526 3776 1872 3846 Stephan.,
1935 3777 2198 3831 Thesaur.
2248 3776 2378 3845 unq.
2426 3793 2548 3845 φη,
2599 3775 2721 3829 edit.

472 3861 635 3916 Paris.
677 3876 762 3914 an.
804 3860 964 3925 1833,
1004 3861 1043 3911 t.
1082 3859 1134 3925 2,
1172 3874 1256 3927 pp.
1282 3858 1527 3933 *39—40.

651 3940 697 4009 ⁸)
739 3941 850 3996 Cfr.
887 3938 1089 4008 vulgat.
1128 3938 1455 4008 Epiphan.
1508 3939 1685 3993 Set-m.
1726 3940 1822 3997 Εἰς
1859 3937 1923 3989 τά
1961 3937 2107 4000 Beira,
2147 3938 2282 4008 apud
2319 3937 2520 4007 Migne,
2578 3936 2722 3990 Patr.

470 4040 548 4092 gr.
585 4028 625 4078 t..
667 4023 767 4087 43,
820 4036 870 4089 p.
918 4019 1043 4074 429.
1118 4018 1170 4073 S.
1208 4019 1395 4074 Joan.
1435 4019 1900 4088 Chrysostom.
1957 4018 2091 4072 hom.
2146 4019 2196 4071 in
2247 4035 2419 4087 magn.
2470 4017 2721 4081 hebdom„

471 4105 588 4159 ibid.
628 4108 669 4158 t.
709 4103 801 4168 55,
840 4117 891 4170 p.
929 4101 1052 4155 520.

652 4186 699 4249 ⁴)
740 4181 1035 4236 Similitudo
1073 4182 1184 4235 soni
1222 4181 1365 4235 vocis
1400 4178 1532 4243 βάῖα
1568 4180 1820 4234 Theodor.
1859 4180 2216 4234 Balsamonem
2273 4179 2324 4231 in
2376 4193 2602 4231 errorem
2650 4178 2724 4230 in-

472 4266 631 4331 duxit,
684 4268 745 4318 ut
783 4278 903 4317 eam
939 4260 1154 4316 latinam
1191 4261 1451 4329 erederet,
1503 4278 1565 4315 ao
1601 4277 1917 4315 communem
1968 4277 2082 4315 eum
2118 4259 2319 4313 nomine
2358 4257 2578 4325 basulus
2626 4258 2723 4312 ori-

472 4346 643 4413 ginem
681 4345 879 4399 habere
918 4342 1172 4396 scriberet
1207 4341 1320 4396 loeo
1351 4343 1460 4411 jam
1498 4342 1661 4396 citato
1700 4358 1857 4411 supra
1893 4358 1942 4410 p.
1980 4342 2069 4407 37,
2106 4344 2212 4393 not.
2253 4341 2300 4392 1.

649 4424 697 4491 ⁶)
739 4424 852 4478 Cfr.
893 4422 1337 4476 Constantin.
1376 4420 1976 4492 Porphyrogenit.‚
2025 4421 2114 4473 De
2155 4417 2527 4473 eaeremoniis
2562 4418 2727 4471 aulae
2813 4467 2818 4472 .

472 4507 713 4580 Byzant.
752 4505 789 4559 1.
833 4507 884 4569 1,
924 4520 970 4558 o.
1014 4503 1104 4570 31,
1152 4502 1288 4572 apud
1324 4502 1527 4570 Migne,
1577 4502 1721 4556 Patr.
1759 4518 1840 4573 gr.
1879 4506 1918 4556 t.
1961 4501 2078 4565 112,
2127 4515 2211 4571 pp.
2249 4499 2552 4567 411-412,
2597 4500 2725 4570 jcto.
