3514 5391
837 535 944 589 332
1548 533 1707 588 Festa
1744 533 1951 587 mobilia
1989 536 2107 602 post
2142 532 2358 586 Pascha.

837 729 1206 813 Ἑβδομὰς
1252 727 1867 816 διακαινήσιμος.
1963 729 2385 794 Hebdomada
2422 729 2773 816 paschalis.
2857 727 3082 793 Albae.

1019 858 1213 922 Slav.
1265 854 1543 945 Nedelja
1589 856 1896 945 svctlaja;
1955 876 2248 934 rumen.
2301 853 2703 940 Septeman’a
2747 853 3082 920 luminam.

1027 982 1456 1048 Hebdomadis
1480 980 1791 1066 paschalis
1839 981 2029 1048 seriae
2062 981 2424 1064 simpliciter
2448 976 2669 1068 ἡμέραι
2705 978 3083 1059 πασχάλιοι,

841 1076 903 1146 αἳ
954 1077 1331 1161 πασχιὶλιοι,
1397 1080 1533 1145 dies
1571 1077 1930 1167 paschales,
1996 1085 2311 1156 vocantur,
2379 1081 2483 1163 qui
2531 1079 2675 1144 olim
2733 1080 2867 1163 pari
2918 1078 3087 1144 cultu

841 1202 912 1246 ac
955 1181 1091 1265 ipse
1137 1180 1270 1245 dies
1314 1178 1641 1245 Paschatis
1707 1180 2071 1264 agebantur.
2130 1215 2214 1224 —
2276 1177 2414 1243 Usu
2463 1177 2778 1243 communi
2827 1177 3085 1262 quidem

839 1278 1230 1344 hebdomada
1276 1278 1432 1343 haec
1477 1298 1700 1364 graece
1747 1278 1972 1343 dicitur
2020 1273 2450 1364 ὴπασχάλιος
2492 1271 2816 1357 senonen,-
2867 1296 3080 1341 verum

837 1379 900 1442 in
948 1378 1122 1442 libris
1168 1377 1471 1462 liturgicis
1517 1377 1749 1460 ubique
1807 1372 1844 1462 ἡ
1891 1371 2381 1460 διακαινήσιμος
2424 1367 2739 1456 ἕβδομός,
2802 1369 3090 1456 ἑβδομὰς

837 1473 1428 1562 ἠγδιακαινήσιμος,
1477 1468 1760 1557 ἑβδομὰς
1804 1477 1916 1561 τῆς
1962 1466 2453 1559 διακαινησίμου
2483 1471 2593 1538 ‚vel
2642 1468 3089 1556 ἑβδομὰςτοῦ

838 1567 1329 1661 διακαινησίμου
1355 1574 1421 1653 ¹),
1471 1573 1805 1637 hebdomas
1841 1573 2290 1650 renovationis,
2342 1569 2707 1656 appellatur,
2736 1572 2889 1648 -sive
2919 1573 3085 1656 quod

839 1673 1228 1738 sanctissimo
1276 1671 1774 1737 Resurrectionis
1821 1670 2051 1736 Christi
2100 1668 2417 1753 triumpho
2447 1668 2656 1734 omnia
2682 1679 3082 1746 renoventur,

837 1773 1257 1836 instaurentur
1319 1775 1381 1836 ct
1425 1771 1488 1836 in
1537 1769 1857 1835 meliorem
1908 1774 2134 1834 statum
2185 1766 2673 1852 reducantur2);
2740 1767 2870 1833 sive
2920 1769 3085 1853 quod

840 1869 1133 1953 neophyti
1181 1869 1284 1934 illa
1330 1869 1676 1953 septimana
1722 1866 1833 1932 διὰ
1881 1870 2149 1945 καινῶν,
2214 1869 2277 1932 in
2324 1868 2504 1931 novis
2550 1865 2858 1943 vestibus,
2930 1887 3087 1950 quas

839 1968 900 2031 in
935 1969 1244 2052 baptismo
1279 1971 1668 2050 acceperant,
1717 1966 2082 2032 incederent
2104 1965 2192 2049 ⁸);
2243 1965 2370 2030 sive
2398 1964 2649 2029 tandem
2677 1965 2842 2048 quod
2872 1963 3088 2029 multis

837 2065 898 2129 in
947 2065 1098 2131 locis
1144 2088 1338 2130 novus
1373 2089 1579 2132 annas
1629 2069 1947 2149 putaretur
1979 2086 2014 2130 a
2042 2063 2369 2141 Paschate,
2423 2083 2531 2128 seu
2565 2063 2795 2128 rectius
2827 2082 2863 2127 a
2891 2063 3085 2129 bene-

839 2163 1108 2229 dictione
1176 2165 1338 2229 cerei
1399 2163 1729 2248 paschaliS,
1799 2164 1861 2227 in
1911 2183 2099 2248 quem
2159 2163 2293 2246 ipse
2356 2181 2552 2227 annus
2615 2180 2757 2225 cum
2821 2163 3087 2227 caeteris

838 2262 999 2326 notis
1048 2260 1418 2327 kalendariis
1465 2281 1652 2346 saepe
1699 2260 1953 2326 inscribi
2003 2259 2260 2326 solebat
2355 2259 2491 2325 Nee
2536 2258 2687 2323 alias
2734 2259 2814 2324 ob
2864 2279 3087 2324 causas

839 2354 950 2422 νέα
994 2353 1277 2442 ἑβδομὰς
1322 2360 1553 2444 passim
1603 2360 1723 2424 dici
1774 2359 2047 2443 putanda
2094 2364 2205 2425 est.

899 2463 906 2467 ⁷
1017 2467 1116 2531 Ab
1165 2468 1301 2551 ipsa
1347 2466 1759 2532 hebdomadis
1807 2459 2221 2551 appellatione
2283 2485 2498 2531 omnes
2561 2466 2694 2550 ejus
2741 2464 2932 2530 feriae
2983 2485 3087 2530 vo-

840 2568 1059 2629 cantur
1101 2561 1212 2645 β’.,
1247 2562 1346 2646 γ’.,
1379 2562 1481 2649 ὁ’,,
1511 2562 1608 2646 ε’.,
1639 2561 2030 2652 παρασκευή,
2062 2560 2399 2646 σάββατον
2426 2565 2538 2649 τῆς
2567 2554 3083 2649 ὁιακαινησι’μοι·.

1016 2673 1075 2737 A
1120 2672 1396 2738 candore
1446 2693 1739 2739 novarum
1787 2663 2076 2750 restium,
2128 2692 2282 2756 quas
2313 2670 2611 2757 neophyti
2659 2690 2770 2754 per
2797 2668 2916 2753 hos
2948 2669 3087 2736 dies

837 2772 1185 2855 gestabant,
1236 2772 1473 2837 Latinis
1521 2773 1745 2837 dicitur
1791 2770 2184 2835 hebdomada
2215 2770 2524 2852 albarum,
2573 2768 2967 2833 hebdomada
3015 2769 3089 2833 ἰπ

839 2867 1021 2954 albis,
1070 2868 1461 2935 hebdomada
1510 2868 1681 2950 alba,
1730 2874 1793 2935 et
1837 2888 1960 2934 una
2011 2889 2158 2934 voce
2206 2867 2358 2932 alba
2404 2888 2512 2933 seu
2562 2867 2781 2951 plurali
2823 2888 3086 2932 numero

840 2964 1024 3031 albae
1045 2967 1119 3051 ⁴¹).
1215 2966 1340 3033 Sed
1388 2973 1450 3033 et
1495 2968 1554 3032 in
1607 2968 2039 3033 remotissimis
2089 2966 2356 3035 Orientis
2405 2966 2684 3050 partibus
2735 2965 2809 3030 ab
2860 2966 3082 3030 eodem

840 3064 1099 3129 vestium
1148 3066 1422 3130 candore
1471 3066 1843 3151 appellatam
1875 3067 2087 3142 fuisse,
2139 3086 2211 3130 ex
2245 3067 2486 3149 syriaco
2519 3063 2747 3129 Codice
2778 3063 3085 3131 Vaticano

839 3163 920 3227 N.
969 3164 1076 3228 32⁷.
1139 3163 1371 3248 liquido
1421 3170 1623 3246 patet3
1686 3166 1772 3230 ibi
1820 3165 1987 3229 enim
2034 3165 2111 3229 ad
2161 3163 2392 3229 calcem
2443 3162 2675 3228 mensis
2724 3161 2930 3227 Martii
2978 3183 3087 3227 ex-

839 3280 1052 3344 presse
1102 3267 1353 3328 vocatur
1401 3248 1602 3330 S'abta
1649 3263 1988 3341 d’chevdre',
2053 3263 2115 3328 h.
2168 3282 2242 3333 e..
2295 3260 2716 3325 Hebdomada
2760 3261 2832 3324 in
2880 3258 3087 3339 albis,-

843 3390 1268 3398 κῇ,-

1027 3448 1064 3514 ¹)
1103 3448 1186 3504 Ita
1222 3450 1536 3523 recentiores
1576 3450 1762 3504 Graeci
1802 3450 2021 3504 efferunt
2059 3464 2151 3518 pro
2183 3449 2274 3512 τῆς
2297 3442 2708 3511 διακαινῆσεωςς
2746 3445 2873 3514 ipsis
2898 3444 3085 3514 quippe

838 3530 1133 3584 terminatio
1171 3549 1306 3600 ιμοπ·
1351 3532 1506 3585 valde
1546 3532 1906 3602 frequentatur
1942 3545 2033 3600 pro
2071 3530 2287 3602 nomine⁸
2308 3528 2635 3581 substantivo
2672 3527 2882 3581 finiente
2928 3527 2980 3579 in
3020 3543 3083 3585 ις,

839 3617 898 3666 ut
935 3611 996 3662 τό
1035 3609 1390 3681 ιῖναλήψιμον
1426 3628 1519 3681 pro
1557 3609 1587 3677 ἡ
1626 3609 1913 3677 ἀνάληψις,
1954 3607 2246 3679 αἰτὴσιμον
2281 3625 2375 3678 pro
2412 3610 2635 3673 αἴτησις,

1019 3690 1063 3758 ⁸)
1104 3691 1250 3746 Hanc
1287 3692 1768 3762 interpretationem
1805 3691 1923 3744 olim
1960 3707 1995 3744 ‘a
2032 3690 2280 3744 Gretsero
2317 3689 2493 3743 datam
2530 3682 2579 3742 in
2622 3686 2806 3743 Godae‘n.
2832 3686 2902 3741 de
2931 3688 3083 3757 Offic.

843 3773 973 3836 GP„
1009 3774 1042 3826 l.
1082 3774 1132 3840 3,
1172 3790 1216 3827 c.
1255 3774 1305 3827 9.
1345 3773 1501 3842 (apud
1540 3773 1728 3842 Migne,
1767 3771 1910 3826 Patr.
1945 3788 2026 3840 gr.
2065 3775 2104 3824 t.
2128 3771 2246 3835 157,
2286 3786 2335 3839 p.
2361 3771 2490 3835 370)
2529 3769 2728 3838 probat.
2791 3767 3084 3829 L.Allat.,

841 3854 928 3908 De
965 3854 1180 3908 Domin.
1220 3858 1272 3908 et
1307 3853 1548 3908 hebdom.
1591 3856 1784 3907 Graec.
1822 3869 1873 3905 n.
1911 3853 1997 3905 23.

1021 3932 1065 4001 ⁸)
1106 3934 1485 3989 Animadvertit
1522 3934 1870 3999 ReiskiuS,
1929 3930 2290 3985 commentar.
2341 3931 2396 3985 in
2439 3930 2715 3984 Constant.
2768 3929 3083 3999 Porphyre-

836 4014 1024 4084 μκή,
1061 4013 1128 4067 de
1165 4030 1466 4069 caeremon.
1506 4014 1681 4068 Aulae
1719 4013 2019 4082 Byzantia.
2057 4012 2090 4066 1.
2132 4014 2180 4077 1,
2219 4028 2262 4068 c.
2301 4011 2352 4078 5,
2392 4010 2609 4064 festivas
2646 4009 2762 4063 illes
2798 4010 3083 4079 baptizato-

841 4111 952 4148 rum
989 4099 1166 4148 vestes
1202 4093 1403 4148 Latinis
1440 4094 1642 4165 quidem
1679 4093 1837 4147 albas
1872 4110 1903 4147 a
1941 4092 2177 4159 candore,
2226 4090 2439 4146 Graecis
2474 4106 2600 4144 vero
2635 4088 2795 4141 καινά
2835 4089 3085 4159 (ἱμάτια)

841 4191 873 4228 a
909 4174 1144 4228 novitate
1180 4175 1469 4243 appellatas
1507 4173 1681 4227 fuisse.

1021 4254 1066 4317 ⁴)
1108 4254 1418 4309 Consulatur
1465 4254 1549 4322 qui
1588 4254 1682 4307 hoc
1719 4257 2079 4321 argumentum
2133 4267 2247 4305 cum
2298 4250 2452 4304 solita
2497 4249 2645 4304 laude
2694 4250 2949 4305 tractavit
2992 4249 3083 4304 Du

842 4336 1096 4404 Gange,
1151 4351 1198 4388 v.
1239 4334 1381 4389 alba.
1457 4333 1535 4387 Ex
1573 4334 1635 4387 iis
1674 4334 1723 4387 id
1769 4350 1921 4387 unum
1960 4333 2025 4386 ad
2064 4331 2287 4385 instituti
2326 4330 2488 4385 nostri
2540 4331 2794 4384 rationem
2846 4336 3082 4385 euocasse

841 4416 998 4470 fuerit
1035 4416 1180 4482 satiS,
1219 4415 1616 4486 appellationem
1653 4416 1710 4469 iu
1750 4414 1893 4468 albis
1929 4430 2048 4481 non,
2086 4418 2146 4468 ut
2182 4413 2327 4468 multi
2366 4415 2629 4482 putarunt,
2669 4427 2734 4464 ex
2771 4410 2969 4465 visione
3000 4426 3081 4465 an·

843 4498 1100 4567 gelorum,
1140 4496 1199 4548 ἐν
1234 4496 1460 4557 λευκοῖς,
1500 4495 1556 4551 in
1595 4495 1737 4550 albis
1774 4496 2129 4567 apparentium
2169 4493 2338 4563 (Joan.
2378 4494 2464 4562 20,
2505 4493 2593 4554 12)
2633 4492 2856 4549 venisse.
