3514 5391
794 515 861 570 10
1372 513 1530 568 Festa
1568 514 1776 568 mobilia
1814 518 1935 567 ante
1973 512 2447 582 Quadragesimam.

1174 628 1207 634 -
1228 620 1329 633 -A-.--

796 711 1054 799 Σέργιος
1082 706 1378 799 ἐκέχρητο
1424 712 1606 798 παρὰ
1637 707 1857 795 δαίμο-

791 833 898 888 νος
943 808 1384 896 ἐνεργουμένη),
1433 808 1679 894 μέλλων
1721 808 1860 875 ἐπι·

791 904 1068 997 δημῆσαί
1124 932 1251 973 τινι
1310 913 1440 973 τῶν
1484 904 1859 989 πολιχνίων,

792 1004 829 1096 ἢ
874 1012 1136 1091 κωμῶν,
1200 1004 1240 1095 ἢ
1293 1002 1573 1092 χωρίων,
1637 1002 1707 1071 ἐν
1762 995 1864 1084 οἷς

792 1104 998 1192 ᾤκουν
1042 1099 1366 1194 μαθηταί,
1432 1103 1541 1170 καὶ
1596 1104 1860 1189 μέτοχοι

792 1210 904 1293 τῆς
948 1203 1145 1292 λύμης
1192 1202 1407 1269 αὐτοῦ·
1456 1203 1565 1268 καὶ
1612 1202 1720 1269 ὅτε
1749 1204 1865 1269 τὸν

792 1302 947 1367 κύνα
989 1307 1219 1369 τοῦτον
1263 1294 1471 1382 εἶδον,
1536 1300 1863 1384 ἐξεχέοντο

790 1400 953 1485 μετὰ
997 1399 1110 1489 τὴν
1153 1396 1309 1485 μίαν
1340 1399 1575 1489 ἡμέραν
1601 1400 1733 1487 πρὸ
1764 1424 1861 1485 μι-

790 1495 949 1565 λίων
990 1504 1183 1565 τινῶν
1228 1495 1322 1576 εἷς
1360 1497 1722 1588 ἀπάντησιν
1747 1504 1865 1564 ‘cof’

794 1597 1205 1664 διδασκάλου.
1254 1596 1433 1663 Ποτὲ
1463 1597 1535 1663 δὲ
1556 1597 1724 1684 πρός
1749 1597 1864 1686 τὴν

791 1694 1041 1785 συνήθη
1068 1692 1465 1782 λειτουργίαν
1496 1695 1532 1761 ὁ
1562 1696 1729 1762 κύων
1759 1695 1859 1762 ἐκ-

790 1794 1130 1885 πεμφθεὶς
1174 1794 1306 1861 ὑπὸ
1344 1793 1549 1861 λύκων
1577 1794 1860 1883 ἐβρώθη·

791 1892 900 1959 καὶ
945 1894 1108 1978 μετὰ
1134 1893 1250 1982 τὴν
1279 1892 1597 1959 ἐπιοῦσαν
1628 1892 1866 1981 ἡμέραν

791 1990 1094 2075 ἐβάδισεν
1122 1991 1159 2058 ὁ
1180 1991 1440 2078 Σέργιος
1464 1987 1570 2081 ἐφ’
1589 1983 1692 2070 οἷς
1711 1992 1865 2058 ἀπέ-

792 2091 1003 2157 στειλε
1046 2090 1161 2157 τὸν
1206 2089 1380 2159 κύνα.
1464 2089 1766 2179 Μηδενός
1793 2090 1864 2155 δέ

792 2190 957 2256 κατὰ
975 2190 1090 2256 τόν
1106 2189 1315 2257 τύπον
1334 2189 1863 2278 προϋπαντήσαν·

791 2312 923 2371 τος,
959 2284 1459 2378 ἔδεινοπάθηοε·
1493 2287 1601 2354 καὶ
1632 2283 1863 2376 ἐπιδη-

791 2387 997 2472 μέσας
1027 2385 1264 2469 αὐτοῖς,
1305 2386 1535 2476 ἐπειδὴ
1564 2385 1864 2474 μεμάθη-

798 2510 904 2551 κεν
965 2483 1067 2551 ὅτι
1125 2484 1201 2551 οὗ
1260 2483 1644 2572 παρεγένπο
1699 2485 1869 2570 πρὸς

797 2583 1027 2662 αὐτοὺς
1088 2583 1124 2650 ὀ
1169 2583 1541 2671 πρόδρομος
1589 2582 1784 2649 αἰτοῦ
1830 2581 1866 2648 ὁ

792 2683 976 2767 κύων,
1026 2678 1322 2772 ἔπεμψεν
1361 2678 1454 2762 εἷς
1486 2681 1868 2771 ἀναζήτησιν

798 2782 1013 2849 αὐτοῦ·
1042 2781 1153 2848 καὶ
1185 2781 1481 2867 διαγνοὺς
1506 2780 1699 2847 αὐτὸν
1731 2780 1866 2847 ἀπὸ

795 2887 907 2971 τῆς
950 2886 1081 2947 τῶν
1120 2879 1362 2948 ὀστέων
1387 2879 1709 2967 εὑρέσεως,
1757 2881 1867 2946 λυ-

795 2979 1125 3068 κόβρωτον
1142 2979 1465 3067 γεγονότα,
1505 2978 1868 3065 προσέταξε

795 3084 965 3145 πᾶσι
996 3081 1138 3156 τοῖς
1150 3074 1509 3163 Ἀρμενίοις
1547 3077 1869 3166 νηστεύειν

797 3175 960 3259 ὑπὲρ
1006 3182 1117 3265 τῆς
1160 3177 1452 3264 τελευτῆς
1498 3176 1710 3258 αὐτοῦ,
1760 3174 1869 3242 καὶ

796 3281 1118 3363 κατηφιᾷν
1133 3273 1237 3340 καὶ
1250 3275 1745 3361 σκυθρωπάζειν
1763 3273 1868 3363 ἐφ’

802 3372 1057 3462 ἡμέραις
1089 3371 1473 3458 ὡρισμέναις
1489 3373 1633 3439 κατ’
1656 3373 1868 3440 ἐνιαυ-

798 3471 928 3537 τόν·
978 3471 1087 3537 καὶ
1133 3471 1247 3561 τὴν
1293 3468 1588 3561 νηστείαν
1634 3472 1871 3559 ταύτην

795 3569 1261 3659 Ἀρτζηβούρην
1289 3569 1648 3654 ὠνόμασαν.
1704 3569 1870 3636 Βδε-

798 3668 1269 3735 λυκτάσθωσαν
1313 3674 1516 3735 ταῦτα
1561 3669 1670 3734 καὶ
1699 3668 1866 3735 άπο·

801 3766 1287 3856 στραφήτωσαν,
1336 3766 1605 3854 ὁρῶντες
1628 3766 1735 3833 καὶ
1764 3792 1869 3833 νο-

800 3872 1017 3944 οῦντες
1061 3864 1183 3949 ὅτι,
1234 3864 1343 3931 διά
1373 3865 1449 3932 τὸ
1478 3859 1646 3932 εἶναι
1680 3866 1871 3955 αι’·τὴν

802 3965 1046 4051 αἵρεσιν
1090 3963 1364 4053 μεγάλην
1398 3962 1507 4030 καί
1538 3964 1871 4051 βδελυρὰν,

803 4064 912 4129 διὰ
956 4069 1148 4128 τοῦτο
1197 4062 1397 4141 οὕτως
1445 4061 1638 4152 αὐτὴν
1675 4087 1872 4148 μεγα-

805 4162 1105 4228 λύνουσιν
1153 4157 1211 4226 οἳ
1262 4159 1699 4250 παμπόνηροι.

2653 627 3036 634 -.-4.μ,-..-.-..--.-

1968 713 2341 790 indicatore,
2435 713 2737 779 daemone
2829 714 3038 797 ipsum

1969 815 2212 896 agente,
2276 830 2420 875 cum
2467 810 2529 875 in
2577 811 2876 895 oppidum
2925 810 3037 876 ali-

1970 910 2154 994 quod,
2225 914 2328 974 aut
2373 909 2622 987 urbem,
2691 909 2787 974 vel
2831 909 3038 974 locum

1971 1014 2267 1074 venturus
2315 1011 2500 1083 esset,
2548 1008 2656 1073 ubi
2698 1008 2833 1090 ejus
2856 1009 3040 1074 disei-

1974 1107 2120 1193 puli‚
2188 1126 2259 1172 ae
2322 1105 2604 1172 haeresis
2663 1107 2878 1172 infecti
2937 1108 3040 1173 lue

1971 1206 2357 1272 habitarent:
2400 1224 2668 1289 eumque
2699 1205 2786 1270 illi
2820 1225 3039 1273 eanem

1973 1305 2289 1383 vidissent,
2339 1304 2634 1388 postridie
2683 1305 2760 1369 ad
2807 1304 3040 1389 aliquot

1973 1402 2258 1470 milliaria
2280 1402 2526 1467 obviam
2548 1403 2846 1488 magistro
2861 1402 3038 1470 effusi

1972 1501 2410 1586 procedebant.
2504 1500 2699 1566 Porro
2757 1503 3035 1589 contigit,

1971 1606 2041 1665 ut
2102 1600 2272 1681 canis
2338 1599 2710 1684 quandoque
2772 1601 3039 1666 emissus

1974 1699 2051 1764 ad
2098 1697 2347 1764 solitum
2379 1718 2626 1775 munuS,
2677 1718 2714 1762 a
2740 1698 2902 1783 lupis
2931 1701 3038 1765 de-

1973 1802 2321 1875 voraretur3
2343 1796 2530 1881 inque
2548 1797 2886 1862 crastinum
2905 1818 3040 1882 pro-

1974 1897 2174 1962 fectus
2222 1899 2318 1960 est
2346 1894 2619 1980 Sergius,
2670 1914 2792 1979 quo
2822 1916 3038 1961 canem

1972 1996 2331 2061 destinarat.
2392 1994 2596 2075 Quum
2611 1999 2817 2059 autem
2839 2015 3039 2069 nemo,

1974 2099 2042 2159 ut
2056 2093 2158 2158 lex
2177 2097 2326 2163 erat,
2351 2093 2597 2157 obviam
2614 2094 3040 2176 processisset,

1970 2192 2244 2278 graviter
2287 2191 2460 2256 tulit:
2527 2192 2908 2276 veniensque
2964 2193 3042 2257 ad

1973 2310 2099 2369 eoS,
2163 2290 2269 2355 nbi
2319 2290 2605 2374 cognovit
2668 2289 2802 2373 ejus
2862 2311 3041 2375 prae-

1975 2408 2294 2455 cursorem
2332 2387 2623 2453 eatellum
2651 2388 2906 2454 minime
2937 2391 3044 2454 ad-

1972 2488 2236 2565 venisse,
2287 2487 2456 2552 misit
2502 2488 2606 2570 qui
2654 2507 2797 2554 eum
2835 2489 3042 2572 requi-

1974 2591 2212 2651 rerent:
2263 2603 2463 2670 exque
2494 2585 2759 2651 inventis
2798 2587 3044 2652 ossibus

1977 2685 2185 2770 alupo
2228 2685 2590 2750 devoratum
2637 2705 3040 2771 cognoscem,

1977 2783 2294 2849 Armeniis
2354 2783 2643 2849 omnibus
2707 2785 3041 2869 praecepit,

1978 2889 2046 2948 ut
2091 2883 2342 2948 statutis
2406 2883 2737 2966 quotannis
2803 2883 3043 2960 diebuS,

1977 3003 2089 3067 pro
2138 2981 2272 3066 ejus
2319 2985 2519 3046 morte
2550 2980 2922 3065 jejunarent,
2973 3001 3043 3046 ac

1976 3081 2187 3145 tristes
2236 3080 2469 3145 luctum
2520 3084 2795 3164 agerent,
2859 3081 3045 3165 idque

1969 3178 2189 3262 jejunii
2257 3177 2544 3262 apellavit
2607 3179 3042 3244 Artzeburem.

1977 3277 2382 3342 Detestentur
2425 3276 2581 3341 haee
2629 3283 2692 3341 et
2720 3279 3047 3342 adversen—

1978 3380 2098 3453 tur,
2131 3376 2487 3460 quiidcirco
2521 3376 2686 3458 quod
2718 3377 2799 3440 sit
2820 3396 3048 3460 magna

1977 3473 2256 3539 haeresis
2320 3493 2392 3538 ac
2448 3475 2844 3551 exsecranda,
2907 3494 3044 3539 eam

1979 3573 2133 3636 adeo
2193 3572 2450 3656 pessimi
2519 3591 2587 3637 se
2645 3573 3045 3658 magnificare

1979 3672 2228 3737 videant
2271 3670 2760 3757 intelligantque.
2807 3733 2818 3742 ,

982 4352 1106 4418 Sed
1146 4351 1274 4435 jam
1325 4353 1489 4417 circa
1533 4371 1749 4417 vocem
1793 4349 2240 4435 άρτζιβούριον
2288 4351 2658 4433 conjecturis
2694 4350 2900 4415 lusum
2932 4350 3046 4415 ab·

808 4454 989 4524 unde.
1086 4450 1358 4539 Rejeetis
1404 4451 1596 4537 igitur
1641 4450 2000 4533 sequiorum
2050 4450 2430 4518 Graecorum
2481 4449 2682 4546 nugiS‚
2733 4468 2878 4514 vera
2908 4467 3050 4521 sen·
