3514 5391
1029 531 1165 586 Ordo
1205 532 1451 593 festorum
1489 531 1734 586 ecclesiae
1774 548 2030 585 armenas.

873 729 1044 783 Sectio
1082 729 1191 783 VII.
1249 728 1632 784 Chats-veratz.
1687 729 1951 783 Exaltatio
1989 730 2185 783 Crucis,

414 914 593 994 tyreS,
645 911 751 994 qui
802 914 1012 974 tamen
1058 910 1162 975 hic
1210 909 1575 987 celebratur,
1639 909 1741 974 ille
1792 909 1994 993 potius
2043 929 2179 974 esse
2230 910 2412 974 videti

414 1009 776 1092 martyrium
824 1010 1112 1092 Ancyrae
1168 1010 1231 1074 in
1280 1008 1522 1075 Galatia
1583 1008 1736 1073 obiit
1799 1010 2017 1073 eodem
2066 1008 2401 1073 Aureliano

410 1111 625 1172 ratore.
722 1107 913 1172 Unde
962 1108 1148 1172 etiam
1196 1108 1329 1191 ejus
1377 1107 1602 1172 festum
1655 1107 1859 1191 agitur
1904 1106 2088 1170 simul
2137 1126 2279 1170 cum
2327 1107 2412 1171 ses

408 1207 649 1272 mantis,
719 1207 903 1270 Hunc
955 1206 1148 1271 Men.
1186 1209 1385 1270 Arm.
1436 1206 1608 1289 ponit
1655 1207 1708 1271 d.
1763 1205 2025 1282 2.Dec.,
2076 1206 2402 1269 nominans

404 1304 866 1384 Philemonem;
912 1324 1287 1388 quamquam
1337 1305 1561 1370 Mart.
1614 1304 1821 1369 Rom.
1874 1308 1936 1369 et
1982 1305 2101 1369 Gr.
2155 1302 2347 1368 Men.
2399 1323 2412 1366 ε

403 1402 505 1467 29.
556 1402 721 1467 Nov,
771 1402 1154 1467 Philemonis
1203 1404 1449 1468 nomine
1497 1408 1731 1468 notent.
1782 1440 1867 1450 —·
1918 1401 2169 1466 Simeon
2210 1401 2412 1467 veroni

404 1501 577 1584 cujus
635 1500 742 1565 hic
797 1500 1030 1566 festum
1087 1502 1468 1576 celebratur,
1536 1501 1638 1566 ille
1686 1508 1814 1578 est,
1878 1502 1983 1584 qui
2031 1500 2398 1565 Antiochiae

401 1603 575 1664 rante
624 1599 838 1664 Leone
904 1603 1229 1665 sanctitate
1290 1587 1540 1677 claruit,
1609 1620 1798 1685 quem
1854 1599 2079 1665 Mart.
2132 1598 2337 1665 Rom.
2402 1620 2412 1663 1

400 1698 459 1763 d.
501 1698 561 1762 3.
592 1695 788 1780 Sept,
839 1696 1125 1763 Menol.
1173 1718 1315 1764 vero
1364 1698 1485 1765 Gr.
1536 1699 1832 1764 etArm.
1885 1699 1946 1763 d.
1982 1699 2038 1762 1.
2073 1698 2352 1782 ejusdem
2387 1719 2412 1761 1

399 1796 664 1879 ideoque
713 1795 816 1860 hic
865 1817 1002 1861 cum
1054 1797 1373 1862 Mamante
1421 1817 1614 1882 prope
1660 1797 1833 1862 illum
1868 1798 2034 1862 diem
2082 1795 2216 1880 ejus
2246 1796 2412 1880 agitu

399 1896 787 1959 memoratio

578 2075 821 2138 Feria
864 2074 993 2139 III.
1075 2074 1322 2138 Festum
1387 2087 1752 2138 sanctarum
1812 2076 2124 2160 viryinum
2176 2071 2412 2136 Febrou

400 2173 721 2235 Ala-rinae.

576 2297 891 2362 Febronia
953 2298 1124 2382 virgo
1174 2296 1444 2382 Sibapoli
1507 2299 1567 2362 in
1618 2297 1801 2381 Syria
1860 2297 1975 2362 sub
2027 2296 2410 2362 Diocletiano

398 2396 556 2477 tyrio
606 2404 977 2480 consumpta
1024 2397 1253 2480 ubique
1301 2397 1565 2461 refertur
1613 2398 1691 2461 ad
1738 2397 1796 2461 d.
1849 2396 1954 2460 25.
1982 2396 2154 2459 Junii
2212 2435 2297 2441 —
2333 2395 2412 2459 M:

396 2515 539 2559 vero
589 2495 887 2575 martyrio
917 2495 1286 2560 Antiochiae
1318 2496 1588 2561 Pisidiae
1621 2496 2032 2579 perfunctam,
2082 2515 2241 2577 quae
2286 2494 2412 2557 dra<

401 2595 501 2676 qui
569 2594 649 2658 ad
710 2594 882 2658 illam
938 2597 1368 2659 deterrendam
1420 2598 1808 2679 apparuerat,
1877 2592 2189 2658 interfecit
2247 2594 2310 2655 in
2372 2610 2412 2655 c:

400 2692 866 2779 Menologia
913 2698 1043 2758 tum
1095 2694 1250 2770 Gn,
1301 2700 1432 2759 tum
1481 2697 1686 2758 Arm.
1736 2694 1811 2757 ad
1862 2693 1920 2756 d.
1977 2693 2076 2756 17.
2129 2691 2275 2756 Julii
2326 2691 2412 2754 rei

401 2791 609 2856 Mart
625 2811 731 2875 yr.
783 2812 928 2856 vero
977 2791 1155 2856 Rom.
1205 2795 1281 2857 ad
1329 2795 1389 2857 d.
1439 2794 1541 2858 20.
1593 2792 1744 2857 Julii
1792 2793 1907 2856 sub
1954 2792 2202 2856 nomine
2232 2789 2412 2873 Marg

400 2890 713 2973 siquidem
776 2890 1074 2975 virginem
1141 2890 1300 2955 hauc
1364 2897 1646 2955 auctores
1696 2891 1917 2956 Graeci
1967 2890 2308 2965 Marinam‚
2376 2886 2412 2950 f

402 2988 813 3073 Margaritam
860 2989 1199 3053 nominant.

581 3168 816 3232 Feria
867 3167 938 3233 V.
1020 3169 1272 3232 Festum
1317 3189 1399 3231 ss.
1451 3170 1882 3253 episcopomm
1932 3167 2215 3230 Anckimi
2261 3175 2319 3228 et
2367 3166 2412 3227 Iz

582 3293 948 3358 Anthimum
1008 3292 1408 3357 Nicomediae
1475 3294 1661 3377 episc.
1728 3293 2021 3377 martyrio
2086 3293 2198 3357 sub
2261 3292 2407 3355 Max

401 3392 682 3454 vfunctum
748 3390 1074 3474 Martyr.
1143 3391 1347 3456 Rom.
1414 3393 1704 3475 ponit'd.
1772 3392 1875 3456 27.
1926 3391 2193 3475 Aprilis3
2267 3396 2327 3454 at
2392 3393 2412 3454 (

402 3490 714 3554 Armen.
766 3488 1043 3553 Menol.
1110 3490 1148 3553 d
1219 3490 1281 3555 3.
1331 3491 1500 3573 Sept.
1565 3529 1650 3535 —
1711 3489 2042 3554 Irenaeum
2088 3510 2232 3553 vero
2282 3488 2412 3552 Sirn

403 3586 616 3651 itidem
676 3587 1060 3671 temporibus
1110 3588 1468 3652 Maximiani
1537 3589 1834 3672 martyrio
1897 3594 2256 3652 coronatum
2307 3585 2412 3649 Με

409 3685 608 3750 Rom.
676 3688 735 3750 d.
801 3684 905 3750 25.
960 3686 1165 3749 Martii
1234 3687 1633 3771 consignant,
1716 3686 1911 3753 Men.
1982 3689 2103 3753 Gr.
2175 3692 2235 3749 et
2296 3685 2403 3748 Ar

403 3784 505 3850 23.
557 3786 718 3869 Aug.
815 3784 1173 3848 Notandum
1222 3789 1447 3861 autem,
1497 3785 1558 3849 in
1607 3785 1918 3850 nonnullis
1965 3784 2353 3849 Kalendariis
2409 3817 2412 3832 ‹

403 3883 640 3946 dicibus
685 3882 920 3947 Missae
967 3881 1120 3945 haec
1169 3882 1326 3946 festa
1372 3883 1458 3946 ita
1504 3883 1844 3947 enuntiari:
1896 3884 2091 3947 Faria
2137 3883 2203 3947 V.
2252 3881 2412 3944 Sanc

406 3979 579 4041 thimi
604 4004 696 4065 ep,
733 3993 791 4044 et
824 3981 1092 4062 Irenaei,
1122 3983 1497 4045 successoris
1528 3980 1977 4068 Apostolorum
1992 4008 2019 4056 ,·
2065 3983 2170 4047 ubi
2199 3981 2300 4045 alii
2325 4000 2412 4045 scl

408 4077 683 4141 Anthimi
742 4102 835 4164 ep.
902 4089 960 4142 et
1005 4080 1288 4156 Irenaei,
1359 4084 1672 4163 postrema
1729 4081 1834 4145 illa
1894 4081 2201 4145 additione
2264 4104 2412 4142 succ«

407 4174 849 4259 Apostolorum
908 4178 1155 4243 omissa.
1250 4178 1330 4241 Et
1377 4178 1440 4242 hi
1491 4180 1737 4261 quidem
1790 4180 2053 4255 rectius3
2118 4198 2258 4242 nam
2319 4177 2412 4241 Ire

408 4273 506 4353 qui
556 4281 960 4359 cognomento
1009 4274 1338 4339 Successor
1384 4275 1832 4361 Apostolorum
1880 4282 2147 4354 vocatur,
2212 4276 2366 4339 alius

408 4368 688 4449 Irenaeo,
758 4373 932 4456 cujus
993 4373 1094 4438 hic
1152 4373 1381 4438 festum
1431 4375 1651 4459 agitur.
1746 4373 1920 4439 Illius
1969 4376 2132 4439 enim
2181 4376 2408 4438 festum

412 4468 674 4533 ordinem
725 4469 909 4558 hujus
956 4472 1310 4540 Kalendarii
1375 4473 1790 4541 celebrabitur
1849 4474 2107 4540 seorsim
2157 4472 2412 4538 undecin
