<?xml version="1.0" encoding="UTF-8"?>
<!DOCTYPE html PUBLIC "-//W3C//DTD XHTML 1.0 Transitional//EN"
    "http://www.w3.org/TR/xhtml1/DTD/xhtml1-transitional.dtd">
<html xmlns="http://www.w3.org/1999/xhtml" xml:lang="en" lang="en">
 <head>
  <title>
</title>
<meta http-equiv="Content-Type" content="text/html;charset=utf-8" />
  <meta name='ocr-system' content='tesseract 3.04.00' />
  <meta name='ocr-capabilities' content='ocr_page ocr_carea ocr_par ocr_line ocrx_word'/>
</head>
<body>
  <div class='ocr_page' id='page_1' title='image "./kalendariummanu00nillgoog_0578.png"; bbox 0 0 3514 5391; ppageno 0'>
   <div class='ocr_carea' id='block_1_1' title="bbox 871 512 2472 582">
    <p class='ocr_par' dir='ltr' id='par_1_1' title="bbox 871 512 2472 582">
     <span class='ocr_line' id='line_1_1' title="bbox 871 512 2472 582; baseline 0.001 -16"><span class='ocrx_word' id='word_1_1' title='bbox 871 515 977 568; x_wconf 77' lang='lat'>536</span> <span class='ocrx_word' id='word_1_2' title='bbox 1522 514 1677 567; x_wconf 83' lang='lat' dir='ltr'>Festa</span> <span class='ocrx_word' id='word_1_3' title='bbox 1716 513 1922 568; x_wconf 82' lang='lat' dir='ltr'>mobilia</span> <span class='ocrx_word' id='word_1_4' title='bbox 1957 518 2075 582; x_wconf 92' lang='lat' dir='ltr'>post</span> <span class='ocrx_word' id='word_1_5' title='bbox 2114 512 2472 567; x_wconf 74' lang='lat' dir='ltr'><strong>Pentecosten.</strong></span> 
     </span>
    </p>
   </div>
   <div class='ocr_carea' id='block_1_2' title="bbox 848 710 3092 2372">
    <p class='ocr_par' dir='ltr' id='par_1_2' title="bbox 848 710 3092 2372">
     <span class='ocr_line' id='line_1_2' title="bbox 1048 710 3090 797; baseline -0.001 -20"><span class='ocrx_word' id='word_1_6' title='bbox 1048 713 1208 778; x_wconf 89' lang='lat' dir='ltr'>Hinc</span> <span class='ocrx_word' id='word_1_7' title='bbox 1269 720 1396 789; x_wconf 80' lang='lat' dir='ltr'>est,</span> <span class='ocrx_word' id='word_1_8' title='bbox 1465 714 1631 796; x_wconf 85' lang='lat' dir='ltr'>quod</span> <span class='ocrx_word' id='word_1_9' title='bbox 1691 713 1863 776; x_wconf 86' lang='lat' dir='ltr'>initio</span> <span class='ocrx_word' id='word_1_10' title='bbox 1915 714 2238 777; x_wconf 80' lang='lat' dir='ltr'>Adventus</span> <span class='ocrx_word' id='word_1_11' title='bbox 2300 711 2530 797; x_wconf 84' lang='lat' dir='ltr'>legitur</span> <span class='ocrx_word' id='word_1_12' title='bbox 2587 710 2971 796; x_wconf 83' lang='lat' dir='ltr'>evangelium</span> <span class='ocrx_word' id='word_1_13' title='bbox 3023 711 3090 775; x_wconf 89' lang='lat' dir='ltr'>de</span> 
     </span>
     <span class='ocr_line' id='line_1_3' title="bbox 869 808 3089 894; baseline -0.002 -17"><span class='ocrx_word' id='word_1_14' title='bbox 869 813 1140 877; x_wconf 90' lang='lat' dir='ltr'>secundo</span> <span class='ocrx_word' id='word_1_15' title='bbox 1192 810 1420 876; x_wconf 84' lang='lat' dir='ltr'>Christi</span> <span class='ocrx_word' id='word_1_16' title='bbox 1472 812 1735 875; x_wconf 85' lang='lat' dir='ltr'>adventu</span> <span class='ocrx_word' id='word_1_17' title='bbox 1787 815 1849 874; x_wconf 87' lang='lat' dir='ltr'>et</span> <span class='ocrx_word' id='word_1_18' title='bbox 1896 814 2171 874; x_wconf 80' lang='lat' dir='ltr'>extremo</span> <span class='ocrx_word' id='word_1_19' title='bbox 2212 809 2446 894; x_wconf 87' lang='lat' dir='ltr'>judicio</span> <span class='ocrx_word' id='word_1_20' title='bbox 2493 808 2843 885; x_wconf 83' lang='lat' dir='ltr'>universali,</span> <span class='ocrx_word' id='word_1_21' title='bbox 2892 829 3089 892; x_wconf 87' lang='lat' dir='ltr'>quem-</span> 
     </span>
     <span class='ocr_line' id='line_1_4' title="bbox 872 907 3090 994; baseline -0.002 -20"><span class='ocrx_word' id='word_1_22' title='bbox 872 911 1207 975; x_wconf 84' lang='lat' dir='ltr'>admodum</span> <span class='ocrx_word' id='word_1_23' title='bbox 1258 909 1538 994; x_wconf 88' lang='lat' dir='ltr'>pluribus</span> <span class='ocrx_word' id='word_1_24' title='bbox 1587 909 1859 974; x_wconf 79' lang='lat' dir='ltr'>ostendit</span> <span class='ocrx_word' id='word_1_25' title='bbox 1906 929 1954 973; x_wconf 79' lang='lat' dir='ltr'>s,</span> <span class='ocrx_word' id='word_1_26' title='bbox 2003 909 2141 973; x_wconf 88' lang='lat' dir='ltr'>Ivo</span> <span class='ocrx_word' id='word_1_27' title='bbox 2191 907 2752 986; x_wconf 86' lang='lat' dir='ltr'>Caruotensis‚</span> <span class='ocrx_word' id='word_1_28' title='bbox 2802 930 2974 972; x_wconf 77' lang='lat' dir='ltr'>serm.</span> <span class='ocrx_word' id='word_1_29' title='bbox 3022 907 3090 970; x_wconf 84' lang='lat' dir='ltr'>de</span> 
     </span>
     <span class='ocr_line' id='line_1_5' title="bbox 869 1004 3091 1092; baseline -0.001 -21"><span class='ocrx_word' id='word_1_30' title='bbox 869 1008 1163 1071; x_wconf 76' lang='lat' dir='ltr'>Adventu</span> <span class='ocrx_word' id='word_1_31' title='bbox 1192 1008 1311 1091; x_wconf 83' lang='lat'><strong>(7),</strong></span> <span class='ocrx_word' id='word_1_32' title='bbox 1362 1007 1537 1090; x_wconf 89' lang='lat' dir='ltr'>cujus</span> <span class='ocrx_word' id='word_1_33' title='bbox 1587 1008 1908 1072; x_wconf 78' lang='lat' dir='ltr'>exordium</span> <span class='ocrx_word' id='word_1_34' title='bbox 1955 1006 2121 1071; x_wconf 88' lang='lat' dir='ltr'>istud</span> <span class='ocrx_word' id='word_1_35' title='bbox 2154 1013 2281 1072; x_wconf 83' lang='lat' dir='ltr'>est:</span> <span class='ocrx_word' id='word_1_36' title='bbox 2339 1004 2654 1079; x_wconf 79' lang='lat' dir='ltr'>Quoniam</span> <span class='ocrx_word' id='word_1_37' title='bbox 2672 1007 3091 1092; x_wconf 69' lang='lat' dir='ltr'>praesentium</span> 
     </span>
     <span class='ocr_line' id='line_1_6' title="bbox 865 1102 3089 1190; baseline -0.001 -21"><span class='ocrx_word' id='word_1_38' title='bbox 865 1106 1294 1170; x_wconf 77' lang='lat' dir='ltr'>observatione</span> <span class='ocrx_word' id='word_1_39' title='bbox 1343 1106 1587 1169; x_wconf 80' lang='lat' dir='ltr'>dierum</span> <span class='ocrx_word' id='word_1_40' title='bbox 1629 1116 1957 1190; x_wconf 71' lang='lat' dir='ltr'>utmmque</span> <span class='ocrx_word' id='word_1_41' title='bbox 2012 1102 2252 1169; x_wconf 70' lang='lat' dir='ltr'>Christ-i</span> <span class='ocrx_word' id='word_1_42' title='bbox 2311 1104 2646 1169; x_wconf 80' lang='lat' dir='ltr'>adventum</span> <span class='ocrx_word' id='word_1_43' title='bbox 2707 1102 3089 1181; x_wconf 74' lang='lat' dir='ltr'>celebramus,</span> 
     </span>
     <span class='ocr_line' id='line_1_7' title="bbox 864 1201 3092 1288; baseline -0.001 -20"><span class='ocrx_word' id='word_1_44' title='bbox 864 1204 1373 1286; x_wconf 64' lang='lat' dir='ltr'>distinguendum</span> <span class='ocrx_word' id='word_1_45' title='bbox 1421 1214 1511 1266; x_wconf 79' lang='lat' dir='ltr'>est</span> <span class='ocrx_word' id='word_1_46' title='bbox 1538 1202 1960 1288; x_wconf 75' lang='lat' dir='ltr'>fraternitati</span> <span class='ocrx_word' id='word_1_47' title='bbox 2004 1213 2269 1285; x_wconf 78' lang='lat' dir='ltr'>vestrae,</span> <span class='ocrx_word' id='word_1_48' title='bbox 2319 1202 2472 1288; x_wconf 75' lang='lat' dir='ltr'>quid</span> <span class='ocrx_word' id='word_1_49' title='bbox 2516 1203 2632 1266; x_wconf 75' lang='lat' dir='ltr'>hac</span> <span class='ocrx_word' id='word_1_50' title='bbox 2679 1201 3092 1267; x_wconf 76' lang='lat' dir='ltr'>observatione</span> 
     </span>
     <span class='ocr_line' id='line_1_8' title="bbox 854 1299 3088 1388; baseline 0 -23"><span class='ocrx_word' id='word_1_51' title='bbox 854 1303 1273 1388; x_wconf 74' lang='lat' dir='ltr'>praeteritum</span> <span class='ocrx_word' id='word_1_52' title='bbox 1318 1302 1599 1365; x_wconf 71' lang='lat' dir='ltr'>debeatis</span> <span class='ocrx_word' id='word_1_53' title='bbox 1646 1302 1918 1383; x_wconf 79' lang='lat' dir='ltr'>credere,</span> <span class='ocrx_word' id='word_1_54' title='bbox 1967 1301 2123 1387; x_wconf 73' lang='lat' dir='ltr'>quid</span> <span class='ocrx_word' id='word_1_55' title='bbox 2150 1299 2452 1386; x_wconf 82' lang='lat' dir='ltr'>futurum</span> <span class='ocrx_word' id='word_1_56' title='bbox 2500 1312 2894 1387; x_wconf 75' lang='lat' dir='ltr'>eaespectare:</span> <span class='ocrx_word' id='word_1_57' title='bbox 2955 1326 3088 1387; x_wconf 81' lang='lat' dir='ltr'>qua·</span> 
     </span>
     <span class='ocr_line' id='line_1_9' title="bbox 862 1397 3092 1487; baseline -0 -24"><span class='ocrx_word' id='word_1_58' title='bbox 862 1412 1038 1465; x_wconf 75' lang='lat' dir='ltr'>tenus</span> <span class='ocrx_word' id='word_1_59' title='bbox 1086 1402 1468 1487; x_wconf 77' lang='lat' dir='ltr'>eoeapectatio</span> <span class='ocrx_word' id='word_1_60' title='bbox 1501 1400 1879 1486; x_wconf 74' lang='lat' dir='ltr'>futurorum</span> <span class='ocrx_word' id='word_1_61' title='bbox 1934 1424 2054 1485; x_wconf 81' lang='lat' dir='ltr'>per</span> <span class='ocrx_word' id='word_1_62' title='bbox 2103 1401 2385 1464; x_wconf 78' lang='lat' dir='ltr'>timorem</span> <span class='ocrx_word' id='word_1_63' title='bbox 2431 1397 2740 1463; x_wconf 70' lang='lat' dir='ltr'>sollicitos</span> <span class='ocrx_word' id='word_1_64' title='bbox 2783 1421 2892 1464; x_wconf 71' lang='lat' dir='ltr'>voa</span> <span class='ocrx_word' id='word_1_65' title='bbox 2947 1422 3092 1463; x_wconf 82' lang='lat' dir='ltr'>eom-</span> 
     </span>
     <span class='ocr_line' id='line_1_10' title="bbox 857 1497 3090 1584; baseline -0 -22"><span class='ocrx_word' id='word_1_66' title='bbox 857 1511 1075 1584; x_wconf 80' lang='lat' dir='ltr'>pescat</span> <span class='ocrx_word' id='word_1_67' title='bbox 1124 1523 1165 1563; x_wconf 86' lang='lat' dir='ltr'>a</span> <span class='ocrx_word' id='word_1_68' title='bbox 1210 1498 1420 1577; x_wconf 80' lang='lat' dir='ltr'>malis,</span> <span class='ocrx_word' id='word_1_69' title='bbox 1458 1499 1960 1584; x_wconf 78' lang='lat' dir='ltr'>praeteritorum</span> <span class='ocrx_word' id='word_1_70' title='bbox 2007 1509 2214 1562; x_wconf 77' lang='lat' dir='ltr'>autem</span> <span class='ocrx_word' id='word_1_71' title='bbox 2259 1497 2416 1568; x_wconf 71' lang='lat' dir='ltr'>fides</span> <span class='ocrx_word' id='word_1_72' title='bbox 2451 1521 2575 1583; x_wconf 79' lang='lat' dir='ltr'>per</span> <span class='ocrx_word' id='word_1_73' title='bbox 2603 1499 2934 1562; x_wconf 83' lang='lat' dir='ltr'>caritatem</span> <span class='ocrx_word' id='word_1_74' title='bbox 2975 1521 3090 1561; x_wconf 79' lang='lat' dir='ltr'>non</span> 
     </span>
     <span class='ocr_line' id='line_1_11' title="bbox 863 1596 3091 1684; baseline 0 -25"><span class='ocrx_word' id='word_1_75' title='bbox 863 1608 1238 1684; x_wconf 75' lang='lat' dir='ltr'>tepescentes</span> <span class='ocrx_word' id='word_1_76' title='bbox 1286 1598 1603 1682; x_wconf 80' lang='lat' dir='ltr'>confirmet</span> <span class='ocrx_word' id='word_1_77' title='bbox 1648 1599 1717 1661; x_wconf 81' lang='lat' dir='ltr'>in</span> <span class='ocrx_word' id='word_1_78' title='bbox 1768 1596 2041 1669; x_wconf 72' lang='lat' dir='ltr'>bonis¹).</span> <span class='ocrx_word' id='word_1_79' title='bbox 2138 1600 2348 1680; x_wconf 79' lang='lat' dir='ltr'>Atque</span> <span class='ocrx_word' id='word_1_80' title='bbox 2406 1597 2548 1662; x_wconf 88' lang='lat' dir='ltr'>iude</span> <span class='ocrx_word' id='word_1_81' title='bbox 2599 1597 2808 1661; x_wconf 82' lang='lat' dir='ltr'>venire</span> <span class='ocrx_word' id='word_1_82' title='bbox 2856 1599 3091 1662; x_wconf 81' lang='lat' dir='ltr'>tradunt</span> 
     </span>
     <span class='ocr_line' id='line_1_12' title="bbox 861 1694 3088 1781; baseline -0.001 -21"><span class='ocrx_word' id='word_1_83' title='bbox 861 1696 1244 1775; x_wconf 84' lang='lat' dir='ltr'>rubricistae‚</span> <span class='ocrx_word' id='word_1_84' title='bbox 1295 1698 1455 1780; x_wconf 91' lang='lat' dir='ltr'>quod</span> <span class='ocrx_word' id='word_1_85' title='bbox 1508 1698 1831 1761; x_wconf 81' lang='lat' dir='ltr'>Adventus</span> <span class='ocrx_word' id='word_1_86' title='bbox 1880 1696 2103 1779; x_wconf 87' lang='lat' dir='ltr'>partim</span> <span class='ocrx_word' id='word_1_87' title='bbox 2154 1701 2482 1760; x_wconf 76' lang='lat' dir='ltr'>censeatur</span> <span class='ocrx_word' id='word_1_88' title='bbox 2521 1704 2764 1781; x_wconf 78' lang='lat' dir='ltr'>tempus</span> <span class='ocrx_word' id='word_1_89' title='bbox 2796 1694 3088 1771; x_wconf 77' lang='lat' dir='ltr'>laetitiae,</span> 
     </span>
     <span class='ocr_line' id='line_1_13' title="bbox 860 1793 3086 1884; baseline -0.001 -25"><span class='ocrx_word' id='word_1_90' title='bbox 860 1816 981 1879; x_wconf 88' lang='lat' dir='ltr'>quo</span> <span class='ocrx_word' id='word_1_91' title='bbox 1031 1796 1337 1860; x_wconf 86' lang='lat' dir='ltr'>canticum</span> <span class='ocrx_word' id='word_1_92' title='bbox 1388 1793 1673 1884; x_wconf 83' lang='lat' dir='ltr'>Alleluja</span> <span class='ocrx_word' id='word_1_93' title='bbox 1719 1794 2040 1872; x_wconf 79' lang='lat' dir='ltr'>retinetur,</span> <span class='ocrx_word' id='word_1_94' title='bbox 2104 1794 2328 1877; x_wconf 87' lang='lat' dir='ltr'>partim</span> <span class='ocrx_word' id='word_1_95' title='bbox 2378 1813 2520 1858; x_wconf 84' lang='lat' dir='ltr'>vero</span> <span class='ocrx_word' id='word_1_96' title='bbox 2569 1795 2892 1873; x_wconf 73' lang='lat' dir='ltr'>moeroris,</span> <span class='ocrx_word' id='word_1_97' title='bbox 2956 1814 3086 1877; x_wconf 77' lang='lat' dir='ltr'>quo,</span> 
     </span>
     <span class='ocr_line' id='line_1_14' title="bbox 858 1891 3090 1978; baseline -0.001 -20"><span class='ocrx_word' id='word_1_98' title='bbox 858 1893 1138 1977; x_wconf 88' lang='lat' dir='ltr'>pluribus</span> <span class='ocrx_word' id='word_1_99' title='bbox 1186 1915 1260 1959; x_wconf 83' lang='lat' dir='ltr'>ex</span> <span class='ocrx_word' id='word_1_100' title='bbox 1310 1893 1621 1959; x_wconf 89' lang='lat' dir='ltr'>consuetis</span> <span class='ocrx_word' id='word_1_101' title='bbox 1669 1892 1939 1958; x_wconf 83' lang='lat' dir='ltr'>laetitiae</span> <span class='ocrx_word' id='word_1_102' title='bbox 1987 1892 2183 1978; x_wconf 85' lang='lat' dir='ltr'>signis</span> <span class='ocrx_word' id='word_1_103' title='bbox 2231 1892 2512 1969; x_wconf 80' lang='lat' dir='ltr'>omissiS‚</span> <span class='ocrx_word' id='word_1_104' title='bbox 2583 1912 2800 1975; x_wconf 80' lang='lat' dir='ltr'>preces</span> <span class='ocrx_word' id='word_1_105' title='bbox 2856 1891 3090 1956; x_wconf 87' lang='lat' dir='ltr'>feriales</span> 
     </span>
     <span class='ocr_line' id='line_1_15' title="bbox 855 1991 3090 2077; baseline -0.001 -20"><span class='ocrx_word' id='word_1_106' title='bbox 855 1992 1120 2077; x_wconf 83' lang='lat' dir='ltr'>genibus</span> <span class='ocrx_word' id='word_1_107' title='bbox 1168 1992 1341 2056; x_wconf 76' lang='lat' dir='ltr'>flexis</span> <span class='ocrx_word' id='word_1_108' title='bbox 1388 1992 1745 2057; x_wconf 80' lang='lat' dir='ltr'>recitantur.</span> <span class='ocrx_word' id='word_1_109' title='bbox 1839 1991 1940 2057; x_wconf 85' lang='lat' dir='ltr'>Ita</span> <span class='ocrx_word' id='word_1_110' title='bbox 1984 2011 2211 2076; x_wconf 87' lang='lat' dir='ltr'>nempe</span> <span class='ocrx_word' id='word_1_111' title='bbox 2258 2003 2581 2076; x_wconf 76' lang='lat' dir='ltr'>utrumque</span> <span class='ocrx_word' id='word_1_112' title='bbox 2643 1991 2755 2055; x_wconf 73' lang='lat' dir='ltr'>aab</span> <span class='ocrx_word' id='word_1_113' title='bbox 2805 1993 3090 2077; x_wconf 70' lang='lat' dir='ltr'>temporis</span> 
     </span>
     <span class='ocr_line' id='line_1_16' title="bbox 861 2088 3090 2170; baseline 0 -18"><span class='ocrx_word' id='word_1_114' title='bbox 861 2088 1296 2154; x_wconf 69' lang='lat' dir='ltr'>obem-vatione</span> <span class='ocrx_word' id='word_1_115' title='bbox 1342 2100 1567 2154; x_wconf 76' lang='lat' dir='ltr'>sancta</span> <span class='ocrx_word' id='word_1_116' title='bbox 1612 2091 1907 2154; x_wconf 76' lang='lat' dir='ltr'>venerari</span> <span class='ocrx_word' id='word_1_117' title='bbox 1952 2092 2270 2154; x_wconf 75' lang='lat' dir='ltr'>consuevit</span> <span class='ocrx_word' id='word_1_118' title='bbox 2316 2089 2626 2170; x_wconf 76' lang='lat' dir='ltr'>Ecclesia,</span> <span class='ocrx_word' id='word_1_119' title='bbox 2689 2101 2760 2153; x_wconf 80' lang='lat' dir='ltr'>ut</span> <span class='ocrx_word' id='word_1_120' title='bbox 2805 2090 3090 2152; x_wconf 73' lang='lat' dir='ltr'>inchoata</span> 
     </span>
     <span class='ocr_line' id='line_1_17' title="bbox 848 2186 3085 2275; baseline -0 -23"><span class='ocrx_word' id='word_1_121' title='bbox 848 2189 1097 2273; x_wconf 76' lang='lat' dir='ltr'>prioris</span> <span class='ocrx_word' id='word_1_122' title='bbox 1158 2187 1451 2272; x_wconf 76' lang='lat' dir='ltr'>beneficia</span> <span class='ocrx_word' id='word_1_123' title='bbox 1508 2186 1751 2252; x_wconf 83' lang='lat' dir='ltr'>recolat</span> <span class='ocrx_word' id='word_1_124' title='bbox 1806 2212 1942 2252; x_wconf 82' lang='lat' dir='ltr'>cum</span> <span class='ocrx_word' id='word_1_125' title='bbox 1994 2190 2350 2275; x_wconf 71' lang='lat' dir='ltr'>qratiarum</span> <span class='ocrx_word' id='word_1_126' title='bbox 2411 2189 2656 2252; x_wconf 74' lang='lat' dir='ltr'>actione</span> <span class='ocrx_word' id='word_1_127' title='bbox 2723 2198 2783 2251; x_wconf 90' lang='lat' dir='ltr'>et</span> <span class='ocrx_word' id='word_1_128' title='bbox 2830 2186 3085 2269; x_wconf 79' lang='lat' dir='ltr'>laetitia,</span> 
     </span>
     <span class='ocr_line' id='line_1_18' title="bbox 855 2280 3086 2372; baseline -0 -23"><span class='ocrx_word' id='word_1_129' title='bbox 855 2298 1282 2351; x_wconf 76' lang='lat' dir='ltr'>consummata</span> <span class='ocrx_word' id='word_1_130' title='bbox 1328 2308 1471 2350; x_wconf 84' lang='lat' dir='ltr'>vero</span> <span class='ocrx_word' id='word_1_131' title='bbox 1502 2284 1728 2371; x_wconf 77' lang='lat' dir='ltr'>futuri</span> <span class='ocrx_word' id='word_1_132' title='bbox 1789 2286 2096 2350; x_wconf 74' lang='lat' dir='ltr'>adventus</span> <span class='ocrx_word' id='word_1_133' title='bbox 2143 2286 2311 2350; x_wconf 82' lang='lat' dir='ltr'>bona</span> <span class='ocrx_word' id='word_1_134' title='bbox 2369 2280 2764 2370; x_wconf 76' lang='grc' dir='ltr'><strong><em>(ἄρχιτελεία</em></strong></span> <span class='ocrx_word' id='word_1_135' title='bbox 2817 2289 2929 2372; x_wconf 65' lang='grc' dir='ltr'>τῆς</span> <span class='ocrx_word' id='word_1_136' title='bbox 2970 2306 3086 2349; x_wconf 83' lang='grc' dir='ltr'>σω-</span> 
     </span>
    </p>
   </div>
   <div class='ocr_carea' id='block_1_3' title="bbox 852 2380 3086 2475">
    <p class='ocr_par' dir='ltr' id='par_1_3' title="bbox 852 2380 3086 2475">
     <span class='ocr_line' id='line_1_19' title="bbox 852 2380 3086 2475; baseline -0.001 -26"><span class='ocrx_word' id='word_1_137' title='bbox 852 2380 1104 2475; x_wconf 64' lang='grc' dir='ltr'><strong><em>τηρίας)</em></strong></span> <span class='ocrx_word' id='word_1_138' title='bbox 1171 2408 1308 2449; x_wconf 80' lang='lat' dir='ltr'>cum</span> <span class='ocrx_word' id='word_1_139' title='bbox 1365 2385 1489 2471; x_wconf 82' lang='lat' dir='ltr'>pia</span> <span class='ocrx_word' id='word_1_140' title='bbox 1552 2395 1865 2471; x_wconf 76' lang='lat' dir='ltr'>exspectet</span> <span class='ocrx_word' id='word_1_141' title='bbox 1929 2384 2352 2471; x_wconf 71' lang='lat' dir='ltr'>trepidatione</span> <span class='ocrx_word' id='word_1_142' title='bbox 2381 2384 2467 2467; x_wconf 82' lang='lat'>²),</span> <span class='ocrx_word' id='word_1_143' title='bbox 2550 2384 2911 2470; x_wconf 85' lang='lat' dir='ltr'>religiosum</span> <span class='ocrx_word' id='word_1_144' title='bbox 2975 2384 3086 2449; x_wconf 85' lang='lat' dir='ltr'>hoc</span> 
     </span>
    </p>
   </div>
   <div class='ocr_carea' id='block_1_4' title="bbox 740 2482 3084 2569">
    <p class='ocr_par' dir='ltr' id='par_1_4' title="bbox 740 2482 3084 2569">
     <span class='ocr_line' id='line_1_20' title="bbox 740 2482 3084 2569; baseline -0 -21"><span class='ocrx_word' id='word_1_145' title='bbox 740 2492 747 2497; x_wconf 85' lang='lat'>&#39;</span> <span class='ocrx_word' id='word_1_146' title='bbox 855 2488 1102 2568; x_wconf 87' lang='lat' dir='ltr'>tempus</span> <span class='ocrx_word' id='word_1_147' title='bbox 1150 2504 1273 2550; x_wconf 91' lang='lat' dir='ltr'>non</span> <span class='ocrx_word' id='word_1_148' title='bbox 1321 2484 1453 2548; x_wconf 88' lang='lat' dir='ltr'>sine</span> <span class='ocrx_word' id='word_1_149' title='bbox 1501 2483 1707 2567; x_wconf 83' lang='lat' dir='ltr'>aliqua</span> <span class='ocrx_word' id='word_1_150' title='bbox 1756 2484 2031 2567; x_wconf 84' lang='lat' dir='ltr'>corporis</span> <span class='ocrx_word' id='word_1_151' title='bbox 2082 2483 2439 2548; x_wconf 81' lang='lat' dir='ltr'>austeritate</span> <span class='ocrx_word' id='word_1_152' title='bbox 2488 2483 2792 2569; x_wconf 78' lang='lat' dir='ltr'>exigendo</span> <span class='ocrx_word' id='word_1_153' title='bbox 2821 2482 2890 2568; x_wconf 79' lang='lat'>⁸).</span> <span class='ocrx_word' id='word_1_154' title='bbox 2971 2483 3084 2547; x_wconf 88' lang='lat' dir='ltr'>Sed</span> 
     </span>
    </p>
   </div>
   <div class='ocr_carea' id='block_1_5' title="bbox 850 2580 3086 2863">
    <p class='ocr_par' dir='ltr' id='par_1_5' title="bbox 850 2580 3086 2863">
     <span class='ocr_line' id='line_1_21' title="bbox 850 2580 3086 2666; baseline -0 -21"><span class='ocrx_word' id='word_1_155' title='bbox 850 2582 971 2646; x_wconf 89' lang='lat' dir='ltr'>ista</span> <span class='ocrx_word' id='word_1_156' title='bbox 1019 2582 1226 2646; x_wconf 87' lang='lat' dir='ltr'>omnia</span> <span class='ocrx_word' id='word_1_157' title='bbox 1282 2582 1407 2646; x_wconf 87' lang='lat' dir='ltr'>late</span> <span class='ocrx_word' id='word_1_158' title='bbox 1470 2587 1835 2666; x_wconf 86' lang='lat' dir='ltr'>persecutus</span> <span class='ocrx_word' id='word_1_159' title='bbox 1884 2602 2022 2648; x_wconf 91' lang='lat' dir='ltr'>sum</span> <span class='ocrx_word' id='word_1_160' title='bbox 2086 2584 2144 2646; x_wconf 91' lang='lat' dir='ltr'>in</span> <span class='ocrx_word' id='word_1_161' title='bbox 2195 2582 2371 2647; x_wconf 90' lang='lat' dir='ltr'>Actis</span> <span class='ocrx_word' id='word_1_162' title='bbox 2421 2582 2647 2647; x_wconf 87' lang='lat' dir='ltr'>nostris</span> <span class='ocrx_word' id='word_1_163' title='bbox 2703 2580 3086 2659; x_wconf 78' lang='lat' dir='ltr'>„Zeitschrist</span> 
     </span>
     <span class='ocr_line' id='line_1_22' title="bbox 852 2678 3078 2766; baseline 0 -23"><span class='ocrx_word' id='word_1_164' title='bbox 852 2679 954 2744; x_wconf 80' lang='lat' dir='ltr'>fur</span> <span class='ocrx_word' id='word_1_165' title='bbox 1012 2678 1185 2747; x_wconf 88' lang='lat' dir='ltr'>kath.</span> <span class='ocrx_word' id='word_1_166' title='bbox 1237 2680 1609 2766; x_wconf 70' lang='lat' dir='ltr'>Theologie“</span> <span class='ocrx_word' id='word_1_167' title='bbox 1688 2682 1892 2758; x_wconf 74' lang='lat'><strong>1896,</strong></span> <span class='ocrx_word' id='word_1_168' title='bbox 1961 2702 2065 2765; x_wconf 89' lang='lat' dir='ltr'>pp.</span> <span class='ocrx_word' id='word_1_169' title='bbox 2115 2679 2493 2746; x_wconf 84' lang='lat'>593—613.</span> <span class='ocrx_word' id='word_1_170' title='bbox 2599 2679 2802 2747; x_wconf 82' lang='lat' dir='ltr'>Notas</span> <span class='ocrx_word' id='word_1_171' title='bbox 2857 2680 3078 2746; x_wconf 89' lang='lat' dir='ltr'>ibidem</span> 
     </span>
     <span class='ocr_line' id='line_1_23' title="bbox 856 2777 2770 2863; baseline 0.001 -22"><span class='ocrx_word' id='word_1_172' title='bbox 856 2778 1052 2844; x_wconf 86' lang='lat' dir='ltr'>factas</span> <span class='ocrx_word' id='word_1_173' title='bbox 1099 2779 1371 2843; x_wconf 89' lang='lat' dir='ltr'>secundo</span> <span class='ocrx_word' id='word_1_174' title='bbox 1419 2800 1540 2843; x_wconf 90' lang='lat' dir='ltr'>non</span> <span class='ocrx_word' id='word_1_175' title='bbox 1590 2779 1921 2863; x_wconf 86' lang='lat' dir='ltr'>proferam,</span> <span class='ocrx_word' id='word_1_176' title='bbox 1972 2781 2117 2862; x_wconf 85' lang='lat' dir='ltr'>quia</span> <span class='ocrx_word' id='word_1_177' title='bbox 2163 2780 2470 2845; x_wconf 82' lang='lat' dir='ltr'>indicasse</span> <span class='ocrx_word' id='word_1_178' title='bbox 2518 2777 2770 2844; x_wconf 86' lang='lat' dir='ltr'>sufficit.</span> 
     </span>
    </p>
   </div>
   <div class='ocr_carea' id='block_1_6' title="bbox 843 2920 3085 3690">
    <p class='ocr_par' dir='ltr' id='par_1_6' title="bbox 843 2920 3085 3690">
     <span class='ocr_line' id='line_1_24' title="bbox 1030 2920 3082 3007; baseline 0 -22"><span class='ocrx_word' id='word_1_179' title='bbox 1030 2922 1122 2986; x_wconf 89' lang='lat' dir='ltr'>De</span> <span class='ocrx_word' id='word_1_180' title='bbox 1172 2923 1495 2986; x_wconf 84' lang='lat' dir='ltr'>Adventus</span> <span class='ocrx_word' id='word_1_181' title='bbox 1543 2922 1782 3007; x_wconf 84' lang='lat' dir='ltr'>origine</span> <span class='ocrx_word' id='word_1_182' title='bbox 1829 2923 1987 2987; x_wconf 88' lang='lat' dir='ltr'>haec</span> <span class='ocrx_word' id='word_1_183' title='bbox 2035 2923 2296 2988; x_wconf 87' lang='lat' dir='ltr'>caeteris</span> <span class='ocrx_word' id='word_1_184' title='bbox 2331 2920 2707 3007; x_wconf 82' lang='lat' dir='ltr'>probabilior</span> <span class='ocrx_word' id='word_1_185' title='bbox 2736 2923 3082 3006; x_wconf 85' lang='lat' dir='ltr'>conjectura</span> 
     </span>
     <span class='ocr_line' id='line_1_25' title="bbox 849 3019 3080 3110; baseline 0 -27"><span class='ocrx_word' id='word_1_186' title='bbox 849 3021 1109 3096; x_wconf 87' lang='lat' dir='ltr'>videtur,</span> <span class='ocrx_word' id='word_1_187' title='bbox 1158 3026 1516 3110; x_wconf 15' lang='lat' dir='ltr'>quam-post</span> <span class='ocrx_word' id='word_1_188' title='bbox 1545 3019 1695 3085; x_wconf 88' lang='lat' dir='ltr'>alios</span> <span class='ocrx_word' id='word_1_189' title='bbox 1729 3021 1919 3085; x_wconf 85' lang='lat' dir='ltr'>tradit</span> <span class='ocrx_word' id='word_1_190' title='bbox 1945 3021 2344 3086; x_wconf 90' lang='lat' dir='ltr'>Binterim</span> <span class='ocrx_word' id='word_1_191' title='bbox 2370 3072 2384 3096; x_wconf 91' lang='lat'>‚</span> <span class='ocrx_word' id='word_1_192' title='bbox 2434 3020 3080 3106; x_wconf 72' lang='lat' dir='ltr'>Denkwnrdiqkeiten,</span> 
     </span>
     <span class='ocr_line' id='line_1_26' title="bbox 848 3116 3081 3203; baseline 0.001 -21"><span class='ocrx_word' id='word_1_193' title='bbox 848 3119 1013 3202; x_wconf 86' lang='lat' dir='ltr'>piam</span> <span class='ocrx_word' id='word_1_194' title='bbox 1063 3116 1223 3183; x_wconf 87' lang='lat' dir='ltr'>hanc</span> <span class='ocrx_word' id='word_1_195' title='bbox 1271 3119 1721 3183; x_wconf 88' lang='lat' dir='ltr'>institutionem</span> <span class='ocrx_word' id='word_1_196' title='bbox 1770 3140 2028 3203; x_wconf 78' lang='lat' dir='ltr'>nempe,</span> <span class='ocrx_word' id='word_1_197' title='bbox 2097 3120 2158 3184; x_wconf 92' lang='lat' dir='ltr'>in</span> <span class='ocrx_word' id='word_1_198' title='bbox 2208 3119 2424 3186; x_wconf 78' lang='lat' dir='ltr'>Galliis</span> <span class='ocrx_word' id='word_1_199' title='bbox 2485 3119 2758 3203; x_wconf 87' lang='lat' dir='ltr'>primum</span> <span class='ocrx_word' id='word_1_200' title='bbox 2814 3125 3013 3184; x_wconf 86' lang='lat' dir='ltr'>ortam</span> <span class='ocrx_word' id='word_1_201' title='bbox 3032 3118 3081 3200; x_wconf 73' lang='lat'>⁴)</span> 
     </span>
     <span class='ocr_line' id='line_1_27' title="bbox 849 3215 3085 3304; baseline 0.001 -24"><span class='ocrx_word' id='word_1_202' title='bbox 849 3215 1095 3280; x_wconf 85' lang='lat' dir='ltr'>sacculo</span> <span class='ocrx_word' id='word_1_203' title='bbox 1142 3215 1204 3292; x_wconf 83' lang='lat'>5,</span> <span class='ocrx_word' id='word_1_204' title='bbox 1256 3217 1399 3280; x_wconf 88' lang='lat' dir='ltr'>inde</span> <span class='ocrx_word' id='word_1_205' title='bbox 1446 3216 1508 3280; x_wconf 86' lang='lat' dir='ltr'>in</span> <span class='ocrx_word' id='word_1_206' title='bbox 1555 3217 1797 3282; x_wconf 84' lang='lat' dir='ltr'>Italiam</span> <span class='ocrx_word' id='word_1_207' title='bbox 1851 3218 2155 3304; x_wconf 84' lang='lat' dir='ltr'>migrasse</span> <span class='ocrx_word' id='word_1_208' title='bbox 2203 3217 2450 3283; x_wconf 87' lang='lat' dir='ltr'>saeculo</span> <span class='ocrx_word' id='word_1_209' title='bbox 2481 3218 2541 3294; x_wconf 88' lang='grc'>6,</span> <span class='ocrx_word' id='word_1_210' title='bbox 2592 3222 2777 3301; x_wconf 86' lang='lat' dir='ltr'>atque</span> <span class='ocrx_word' id='word_1_211' title='bbox 2808 3239 2880 3283; x_wconf 84' lang='lat' dir='ltr'>ex</span> <span class='ocrx_word' id='word_1_212' title='bbox 2910 3217 3085 3282; x_wconf 87' lang='lat' dir='ltr'>Urbe</span> 
     </span>
     <span class='ocr_line' id='line_1_28' title="bbox 848 3312 3080 3402; baseline 0.002 -26"><span class='ocrx_word' id='word_1_213' title='bbox 848 3312 1047 3377; x_wconf 86' lang='lat' dir='ltr'>Roma</span> <span class='ocrx_word' id='word_1_214' title='bbox 1094 3333 1202 3396; x_wconf 88' lang='lat' dir='ltr'>per</span> <span class='ocrx_word' id='word_1_215' title='bbox 1248 3318 1445 3380; x_wconf 89' lang='lat' dir='ltr'>totum</span> <span class='ocrx_word' id='word_1_216' title='bbox 1495 3315 1709 3380; x_wconf 87' lang='lat' dir='ltr'>orbem</span> <span class='ocrx_word' id='word_1_217' title='bbox 1776 3316 2178 3381; x_wconf 86' lang='lat' dir='ltr'>christianum</span> <span class='ocrx_word' id='word_1_218' title='bbox 2231 3337 2374 3381; x_wconf 80' lang='lat' dir='ltr'>mox</span> <span class='ocrx_word' id='word_1_219' title='bbox 2421 3322 2824 3402; x_wconf 83' lang='lat' dir='ltr'>propagatam</span> <span class='ocrx_word' id='word_1_220' title='bbox 2874 3317 3080 3381; x_wconf 78' lang='lat' dir='ltr'>fuisse.</span> 
     </span>
     <span class='ocr_line' id='line_1_29' title="bbox 845 3411 3078 3499; baseline 0.002 -25"><span class='ocrx_word' id='word_1_221' title='bbox 845 3411 1040 3490; x_wconf 78' lang='lat' dir='ltr'>Quam</span> <span class='ocrx_word' id='word_1_222' title='bbox 1093 3413 1352 3477; x_wconf 88' lang='lat' dir='ltr'>eandem</span> <span class='ocrx_word' id='word_1_223' title='bbox 1403 3415 1776 3478; x_wconf 78' lang='lat' dir='ltr'>sententiani</span> <span class='ocrx_word' id='word_1_224' title='bbox 1826 3415 2082 3480; x_wconf 87' lang='lat' dir='ltr'>ultimus</span> <span class='ocrx_word' id='word_1_225' title='bbox 2139 3434 2386 3499; x_wconf 89' lang='lat' dir='ltr'>quoque</span> <span class='ocrx_word' id='word_1_226' title='bbox 2435 3435 2607 3479; x_wconf 86' lang='lat' dir='ltr'>suam</span> <span class='ocrx_word' id='word_1_227' title='bbox 2659 3416 2809 3481; x_wconf 80' lang='lat' dir='ltr'>fecit</span> <span class='ocrx_word' id='word_1_228' title='bbox 2855 3415 3078 3480; x_wconf 77' lang='lat' dir='ltr'>Krull</span> 
     </span>
     <span class='ocr_line' id='line_1_30' title="bbox 843 3508 3074 3599; baseline 0.003 -28"><span class='ocrx_word' id='word_1_229' title='bbox 843 3508 903 3571; x_wconf 88' lang='lat' dir='ltr'>in</span> <span class='ocrx_word' id='word_1_230' title='bbox 958 3508 1688 3597; x_wconf 79' lang='lat' dir='ltr'>Real·Encyklopaedie</span> <span class='ocrx_word' id='word_1_231' title='bbox 1751 3512 1867 3577; x_wconf 82' lang='lat' dir='ltr'>der</span> <span class='ocrx_word' id='word_1_232' title='bbox 1912 3513 2308 3578; x_wconf 67' lang='lat' dir='ltr'>christlichen</span> <span class='ocrx_word' id='word_1_233' title='bbox 2356 3512 2781 3578; x_wconf 72' lang='lat' dir='ltr'>Altertktlmer</span> <span class='ocrx_word' id='word_1_234' title='bbox 2825 3514 2992 3599; x_wconf 85' lang='lat' dir='ltr'>(edit.</span> <span class='ocrx_word' id='word_1_235' title='bbox 3045 3535 3074 3577; x_wconf 81' lang='lat' dir='ltr'>a</span> 
     </span>
     <span class='ocr_line' id='line_1_31' title="bbox 844 3608 1810 3690; baseline 0.005 -19"><span class='ocrx_word' id='word_1_236' title='bbox 844 3608 999 3689; x_wconf 86' lang='lat' dir='ltr'>prof.</span> <span class='ocrx_word' id='word_1_237' title='bbox 1054 3608 1282 3690; x_wconf 84' lang='lat' dir='ltr'>Kraus)</span> <span class='ocrx_word' id='word_1_238' title='bbox 1333 3629 1383 3674; x_wconf 88' lang='lat' dir='ltr'>s.</span> <span class='ocrx_word' id='word_1_239' title='bbox 1434 3632 1487 3674; x_wconf 83' lang='lat' dir='ltr'>v.</span> <span class='ocrx_word' id='word_1_240' title='bbox 1541 3610 1810 3676; x_wconf 71' lang='lat' dir='ltr'>Advent.</span> 
     </span>
    </p>
   </div>
   <div class='ocr_carea' id='block_1_7' title="bbox 836 3889 3069 4287">
    <p class='ocr_par' dir='ltr' id='par_1_7' title="bbox 1032 3889 2225 3965">
     <span class='ocr_line' id='line_1_32' title="bbox 1032 3889 2225 3965; baseline 0.007 -22"><span class='ocrx_word' id='word_1_241' title='bbox 1032 3889 1071 3958; x_wconf 88' lang='lat'>¹)</span> <span class='ocrx_word' id='word_1_242' title='bbox 1110 3892 1257 3960; x_wconf 83' lang='lat' dir='ltr'>Apud</span> <span class='ocrx_word' id='word_1_243' title='bbox 1296 3893 1484 3960; x_wconf 83' lang='lat' dir='ltr'>Migue.</span> <span class='ocrx_word' id='word_1_244' title='bbox 1525 3893 1665 3947; x_wconf 85' lang='lat' dir='ltr'>Patr.</span> <span class='ocrx_word' id='word_1_245' title='bbox 1708 3894 1738 3946; x_wconf 87' lang='lat' dir='ltr'>l.</span> <span class='ocrx_word' id='word_1_246' title='bbox 1779 3897 1816 3947; x_wconf 83' lang='lat' dir='ltr'>t.</span> <span class='ocrx_word' id='word_1_247' title='bbox 1861 3895 1978 3950; x_wconf 74' lang='grc'>162.</span> <span class='ocrx_word' id='word_1_248' title='bbox 2019 3913 2064 3965; x_wconf 85' lang='lat' dir='ltr'>p.</span> <span class='ocrx_word' id='word_1_249' title='bbox 2105 3897 2225 3951; x_wconf 75' lang='lat'>567.</span> 
     </span>
    </p>

    <p class='ocr_par' dir='ltr' id='par_1_8' title="bbox 1026 3971 1610 4038">
     <span class='ocr_line' id='line_1_33' title="bbox 1026 3971 1610 4038; baseline 0.007 -14"><span class='ocrx_word' id='word_1_250' title='bbox 1026 3971 1068 4036; x_wconf 77' lang='lat'>²)</span> <span class='ocrx_word' id='word_1_251' title='bbox 1109 3971 1191 4025; x_wconf 81' lang='lat' dir='ltr'>lta</span> <span class='ocrx_word' id='word_1_252' title='bbox 1229 3990 1269 4025; x_wconf 82' lang='lat' dir='ltr'>S.</span> <span class='ocrx_word' id='word_1_253' title='bbox 1310 3973 1451 4038; x_wconf 79' lang='lat' dir='ltr'>lvo,</span> <span class='ocrx_word' id='word_1_254' title='bbox 1494 3974 1525 4026; x_wconf 93' lang='grc' dir='ltr'>Ι.</span> <span class='ocrx_word' id='word_1_255' title='bbox 1566 3992 1610 4028; x_wconf 84' lang='lat' dir='ltr'>c.</span> 
     </span>
    </p>

    <p class='ocr_par' dir='ltr' id='par_1_9' title="bbox 836 4049 3069 4287">
     <span class='ocr_line' id='line_1_34' title="bbox 1019 4049 3067 4127; baseline 0.003 -24"><span class='ocrx_word' id='word_1_256' title='bbox 1019 4049 1061 4114; x_wconf 77' lang='lat'>³)</span> <span class='ocrx_word' id='word_1_257' title='bbox 1100 4052 1155 4104; x_wconf 91' lang='lat' dir='ltr'>In</span> <span class='ocrx_word' id='word_1_258' title='bbox 1188 4053 1305 4121; x_wconf 90' lang='lat' dir='ltr'>jure</span> <span class='ocrx_word' id='word_1_259' title='bbox 1343 4071 1491 4108; x_wconf 80' lang='lat' dir='ltr'>sacro</span> <span class='ocrx_word' id='word_1_260' title='bbox 1532 4054 1796 4107; x_wconf 83' lang='lat' dir='ltr'>Adventus</span> <span class='ocrx_word' id='word_1_261' title='bbox 1847 4057 1954 4108; x_wconf 86' lang='lat' dir='ltr'>fere</span> <span class='ocrx_word' id='word_1_262' title='bbox 2003 4059 2372 4127; x_wconf 85' lang='lat' dir='ltr'>aequiparatur</span> <span class='ocrx_word' id='word_1_263' title='bbox 2408 4057 2866 4127; x_wconf 72' lang='lat' dir='ltr'>Quadragesimae.</span> <span class='ocrx_word' id='word_1_264' title='bbox 2949 4059 3067 4112; x_wconf 79' lang='lat' dir='ltr'>Hinc</span> 
     </span>
     <span class='ocr_line' id='line_1_35' title="bbox 836 4132 3069 4209; baseline 0.003 -25"><span class='ocrx_word' id='word_1_265' title='bbox 836 4137 1047 4200; x_wconf 78' lang='lat' dir='ltr'>praeter</span> <span class='ocrx_word' id='word_1_266' title='bbox 1092 4132 1193 4185; x_wconf 81' lang='lat' dir='ltr'>ulia</span> <span class='ocrx_word' id='word_1_267' title='bbox 1242 4133 1527 4201; x_wconf 82' lang='lat' dir='ltr'>prohibitae</span> <span class='ocrx_word' id='word_1_268' title='bbox 1579 4133 1823 4203; x_wconf 75' lang='lat' dir='ltr'>leguntur</span> <span class='ocrx_word' id='word_1_269' title='bbox 1873 4136 2243 4190; x_wconf 72' lang='lat' dir='ltr'>solemnitates</span> <span class='ocrx_word' id='word_1_270' title='bbox 2278 4138 2592 4208; x_wconf 79' lang='lat' dir='ltr'>meptiarum</span> <span class='ocrx_word' id='word_1_271' title='bbox 2644 4157 2688 4193; x_wconf 91' lang='lat' dir='ltr'>c.</span> <span class='ocrx_word' id='word_1_272' title='bbox 2719 4139 2839 4192; x_wconf 75' lang='lat' dir='ltr'>Non</span> <span class='ocrx_word' id='word_1_273' title='bbox 2877 4140 3069 4209; x_wconf 76' lang='lat' dir='ltr'>oportet</span> 
     </span>
     <span class='ocr_line' id='line_1_36' title="bbox 836 4213 2660 4287; baseline 0.004 -23"><span class='ocrx_word' id='word_1_274' title='bbox 836 4213 941 4268; x_wconf 80' lang='lat' dir='ltr'>cit..</span> <span class='ocrx_word' id='word_1_275' title='bbox 982 4217 1033 4265; x_wconf 79' lang='lat' dir='ltr'>et</span> <span class='ocrx_word' id='word_1_276' title='bbox 1059 4228 1283 4282; x_wconf 60' lang='lat' dir='ltr'>pugnae</span> <span class='ocrx_word' id='word_1_277' title='bbox 1321 4231 1363 4266; x_wconf 88' lang='lat' dir='ltr'>c.</span> <span class='ocrx_word' id='word_1_278' title='bbox 1395 4213 1639 4283; x_wconf 73' lang='lat' dir='ltr'>Trenqas</span> <span class='ocrx_word' id='word_1_279' title='bbox 1680 4217 1725 4270; x_wconf 85' lang='lat'>1.</span> <span class='ocrx_word' id='word_1_280' title='bbox 1768 4214 1831 4268; x_wconf 87' lang='lat' dir='ltr'>X.</span> <span class='ocrx_word' id='word_1_281' title='bbox 1871 4215 1944 4268; x_wconf 87' lang='lat' dir='ltr'>de&#39;</span> <span class='ocrx_word' id='word_1_282' title='bbox 1971 4225 2156 4286; x_wconf 83' lang='lat' dir='ltr'>treuga</span> <span class='ocrx_word' id='word_1_283' title='bbox 2194 4223 2246 4270; x_wconf 91' lang='lat' dir='ltr'>et</span> <span class='ocrx_word' id='word_1_284' title='bbox 2286 4235 2411 4287; x_wconf 83' lang='lat' dir='ltr'>pace</span> <span class='ocrx_word' id='word_1_285' title='bbox 2449 4218 2511 4284; x_wconf 91' lang='lat' dir='ltr'>(I.</span> <span class='ocrx_word' id='word_1_286' title='bbox 2550 4219 2660 4282; x_wconf 80' lang='lat'><strong>35).</strong></span> 
     </span>
    </p>
   </div>
   <div class='ocr_carea' id='block_1_8' title="bbox 836 4292 3063 4443">
    <p class='ocr_par' dir='ltr' id='par_1_10' title="bbox 836 4292 3063 4443">
     <span class='ocr_line' id='line_1_37' title="bbox 836 4292 3063 4428; baseline 0.004 -83"><span class='ocrx_word' id='word_1_287' title='bbox 836 4373 876 4426; x_wconf 77' lang='grc' dir='ltr'>Ρ</span> <span class='ocrx_word' id='word_1_288' title='bbox 912 4379 931 4426; x_wconf 89' lang='lat' dir='ltr'>t</span> <span class='ocrx_word' id='word_1_289' title='bbox 1014 4292 1059 4425; x_wconf 61' lang='grc' dir='ltr'>ἶ)</span> <span class='ocrx_word' id='word_1_290' title='bbox 1090 4293 1523 4428; x_wconf 54' lang='lat' dir='ltr'>t(ltanregbor.</span> <span class='ocrx_word' id='word_1_291' title='bbox 1552 4292 1870 4348; x_wconf 77' lang='lat' dir='ltr'>Tui-ouen.</span> <span class='ocrx_word' id='word_1_292' title='bbox 1911 4295 2057 4350; x_wconf 75' lang='lat' dir='ltr'>Hist.</span> <span class='ocrx_word' id='word_1_293' title='bbox 2087 4297 2309 4364; x_wconf 65' lang='lat' dir='ltr'>Franc„</span> <span class='ocrx_word' id='word_1_294' title='bbox 2347 4298 2379 4352; x_wconf 91' lang='grc'>1.</span> <span class='ocrx_word' id='word_1_295' title='bbox 2410 4301 2492 4356; x_wconf 87' lang='grc'>10.</span> <span class='ocrx_word' id='word_1_296' title='bbox 2532 4316 2576 4353; x_wconf 88' lang='lat' dir='ltr'>c.</span> <span class='ocrx_word' id='word_1_297' title='bbox 2604 4303 2664 4354; x_wconf 85' lang='lat'>31</span> <span class='ocrx_word' id='word_1_298' title='bbox 2713 4301 2871 4372; x_wconf 76' lang='lat' dir='ltr'>(apud</span> <span class='ocrx_word' id='word_1_299' title='bbox 2889 4301 3063 4372; x_wconf 76' lang='lat' dir='ltr'>Migne.</span> 
     </span>
     <span class='ocr_line' id='line_1_38' title="bbox 878 4376 1528 4443; baseline 0.002 -16"><span class='ocrx_word' id='word_1_300' title='bbox 878 4390 978 4429; x_wconf 83' lang='lat' dir='ltr'>ar.</span> <span class='ocrx_word' id='word_1_301' title='bbox 1039 4415 1050 4427; x_wconf 91' lang='lat'><strong>.</strong></span> <span class='ocrx_word' id='word_1_302' title='bbox 1117 4414 1129 4427; x_wconf 89' lang='lat'><strong>.</strong></span> <span class='ocrx_word' id='word_1_303' title='bbox 1170 4376 1201 4428; x_wconf 73' lang='lat' dir='ltr'>&#39;a&#39;</span> <span class='ocrx_word' id='word_1_304' title='bbox 1244 4416 1254 4438; x_wconf 88' lang='grc'>,</span> <span class='ocrx_word' id='word_1_305' title='bbox 1295 4391 1342 4443; x_wconf 90' lang='lat' dir='ltr'>p.</span> <span class='ocrx_word' id='word_1_306' title='bbox 1383 4376 1528 4442; x_wconf 75' lang='lat'><strong>=·›·3).</strong></span> 
     </span>
    </p>
   </div>
  </div>
 </body>
</html>
