3514 5391
892 530 996 583 586
1516 532 1692 583 Annus
1731 529 2117 586 ecclesiasticus
2157 532 2512 585 Armeniorum.

1352 727 1523 782 Sectio
1559 726 1646 781 Ν.
1711 727 2084 783 ΗοΙῑθ-ΚαΙιιεῐ.
2142 728 2410 782 Adventus
2446 727 2683 796 Spiritus

1461 845 1516 850 ..-
1651 845 1752 850 -θῇ
1812 846 1831 851 ,
1874 835 2031 851 ψ-.“..’””’
2094 846 2153 852 ..ἠύ
2268 835 2457 851 x-‚q-
2594 846 2607 850 ,
2704 835 2761 842 *v-

893 910 1185 985 credidit,
1252 914 1313 975 et
1373 910 1531 974 vitae
1595 911 1983 994 integritate,
2055 930 2126 974 ac
2174 908 2564 975 Christianae
2625 909 2930 995 religIouis
2989 908 3107 973 zelo

893 1007 1146 1091 claruit,
1214 1027 1284 1072 ae
1331 1009 1582 1073 tandem
1633 1026 1870 1073 veneno
1920 1008 2120 1073 eidem
2184 1028 2221 1072 a
2266 1006 2543 1092 Satrapis
2611 1010 2797 1092 (quod
2846 1006 2985 1073 illos
3037 1006 3107 1069 ob

892 1106 1225 1173 dissolutos
1274 1126 1487 1171 eorum
1513 1125 1739 1172 mores
1783 1105 2338 1192 reprehendisset),
2390 1112 2693 1191 porrecto,
2744 1106 3026 1190 martyrio
3052 1105 3107 1168 in

898 1205 1144 1271 Christo
1193 1210 1659 1272 consummatus
1723 1210 1872 1270 est:
1913 1207 2064 1271 item
2123 1205 2201 1271 de
2261 1207 2498 1272 Asenia
2544 1206 2787 1292 regina,
2832 1203 3109 1270 Tiridatis

891 1324 1098 1382 uxore,
1150 1324 1307 1388 quae
1356 1305 1618 1369 eandem
1652 1305 1809 1369 vitae
1842 1305 2235 1370 sanctitatem
2283 1324 2434 1388 prae
2463 1324 2532 1370 se
2565 1306 2789 1384 ferens,
2834 1302 3109 1370 omnibus

894 1405 1189 1469 111atronis
1246 1407 1641 1486 contemptus
1703 1403 1938 1482 mundi,
2002 1408 2064 1469 et
2109 1403 2413 1470 asceticae
2462 1404 2653 1480 vitae,
2722 1402 3108 1470 abstinentiae

890 1523 1108 1568 norma
1155 1507 1217 1568 et
1263 1502 1577 1586 exemplar
1624 1502 1860 1568 extitit:
1916 1522 2033 1569 nec
2078 1523 2203 1569 non
2249 1504 2327 1567 de
2348 1500 2906 1585 Ghosroiduchtha,
2955 1500 3102 1566 Tiri-

891 1600 1050 1666 datis
1110 1619 1352 1679 sorore,
1422 1606 1583 1684 quae*
1641 1601 1925 1687 virginali
1988 1602 2291 1677 castitate,
2360 1620 2431 1666 ac
2479 1602 2642 1667 vitae
2689 1602 3007 1687 asperitate
3053 1600 3137 1662 in·

782 1720 787 1727 ·
891 1699 1104 1764 Garnii
1149 1697 1414 1765 Castello
1464 1698 1802 1765 solitariam
1858 1719 2049 1786 agens
2094 1701 2313 1778 vitam,
2379 1720 2628 1766 cursum
2678 1695 3109 1767 consummavit

890 1799 950 1861 in
997 1801 1354 1872 sanctitate,
1424 1798 1701 1864 scribunt
1752 1801 1809 1865 A
1824 1798 2023 1884 gath
2043 1797 2417 1884 angelus,
2494 1799 2773 1883 ejusdem
2834 1794 3106 1863 Tiridatis

891 1896 1114 1972 scriba,
1181 1895 1775 1973 Chorenensis‚
1840 1893 2039 1962 Men.
2089 1898 2290 1964 Aerm.
2342 1897 2564 1962 horum
2616 1898 2801 1964 trium
2846 1912 3104 1961 comme·

893 1996 1300 2060 morationem
1349 1995 1531 2061 simul
1581 2015 1819 2079 ponens
1867 1998 1925 2063 d.
1978 1996 2082 2062 29.
2133 1996 2291 2061 Nov,

1067 2265 1119 2337 F
1141 2266 1312 2329 eria
1355 2265 1485 2331 III.
1548 2266 1799 2331 Festum
1830 2288 1911 2331 ss.
1947 2265 2262 2331 Filiorum
2309 2276 2368 2329 et
2396 2265 2715 2352 Nepotum
2744 2258 3106 2347 &Groqorii

889 2363 926 2424 I
933 2361 1396 2438 lluminatoris,
1458 2362 1693 2427 scilieet
1739 2363 2110 2442 Avistarcis,
2174 2363 2527 2445 Vei-thanis,
2588 2363 2894 2452 Hesychii,
2956 2354 3100 2421 Gre-

885 2463 1054 2549 9orii
1098 2472 1158 2524 et
1203 2460 1517 2526 Danielis.

1067 2607 1426 2671 Avistarces
1484 2607 1605 2690 (vel
1673 2613 1738 2671 ut
1789 2608 2153 2672 vetustiores
2203 2608 2449 2673 codices
2494 2608 2733 2673 habent
2778 2607 3094 2681 Restaoesa

889 2707 1004 2771 suit
1054 2726 1102 2772 s,
1155 2707 1441 2792 Gregorii
1488 2705 1654 2772 filius
1702 2707 1905 2772 minor
1950 2710 2117 2784 natu,
2168 2707 2273 2790 qui
2322 2727 2358 2771 a
2389 2725 2580 2791 puero
2610 2706 2675 2771 in
2704 2704 2957 2771 ascetica
2988 2697 3097 2762 vita

889 2804 1203 2881 educatus,
1254 2824 1324 2869 ac
1373 2804 1664 2870 Tiridatis
1711 2805 1879 2889 regis
1928 2803 2240 2889 postulatu
2290 2825 2329 2869 a
2355 2809 2531 2889 patre
2561 2825 2674 2871 suo
2704 2801 3093 2871 consecratus.

889 2904 1090 2968 eidem
1137 2903 1198 2967 in
1248 2904 1668 2968 Armenorum
1715 2903 2136 2987 patriarchatu
2188 2904 2507 2981 successit,
2558 2924 2841 2988 unusque
2883 2898 2991 2965 fuit
3031 2904 3111 2959 ex·

888 2998 1179 3066 Patribus
1251 3000 1508 3067 Concilii
1574 3001 1871 3078 Nicaeni,
1954 3003 2184 3086 quique
2265 3002 2342 3066 ab
2419 3001 2729 3068 Archelao
2796 2993 3093 3065 Praefecto

887 3097 1152 3178 Quartae
1199 3097 1562 3167 Provinciae
1586 3101 1924 3167 Armeniae
1982 3103 2345 3185 martyrium
2398 3121 2616 3184 passus
2665 3106 2778 3166 est.
2838 3137 2906 3147 -
2962 3092 3090 3157 Ver-

889 3196 1102 3260 thanes
1151 3197 1267 3262 fuit
1311 3197 1475 3263 filius
1507 3198 1951 3267 Illuminatoris
2001 3200 2199 3283 major
2220 3203 2387 3275 natu,
2439 3200 2545 3283 qui
2576 3204 2718 3284 post
2742 3200 3090 3266 Aristarcem

887 3298 1303 3361 Armenorum
1351 3297 1804 3382 patriarchatus
1853 3299 2068 3364 sedem
2116 3298 2458 3382 occupavit.
2537 3298 2742 3376 Hunc,
2792 3312 2970 3382 quum
2995 3305 3089 3353 ne·

887 3393 1168 3476 quissimi
1234 3395 1482 3478 quidam
1544 3395 1832 3461 homines
1891 3396 1953 3460 in
2017 3396 2279 3462 Taronia
2340 3416 2415 3461 ex
2474 3397 2715 3462 insidiis
2777 3389 3090 3462 interficere

886 3494 1265 3572 statuissent,
1314 3495 1639 3561 invisibilis
1690 3496 1883 3561 virtus
1931 3496 2233 3561 devinctis
2281 3515 2495 3560 eorum
2525 3495 2838 3561 ‘manibus
2883 3486 3084 3556 salvum

887 3592 1129 3675 eripuit.
1220 3592 1363 3676 Ipse
1411 3594 1662 3659 demum
1713 3595 1959 3659 natione
2008 3594 2258 3678 optimis
2304 3594 2604 3659 institutis
2632 3591 2954 3659 informata
2978 3581 3087 3664 12¹⁸·

888 3690 1027 3754 cida
1073 3697 1271 3756 morte
1318 3692 1378 3757 in
1430 3691 1677 3759 Christo
1726 3693 1935 3758 obivit.
2008 3731 2089 3740 —-
2158 3694 2505 3781 Hesychius
2554 3694 2672 3759 fuit
2717 3713 2766 3760 s.
2819 3693 2920 3759 Gr.
2963 3681 3081 3749 Illu-

886 3789 1207 3855 minatoris
1269 3811 1495 3876 nepos,
1543 3795 1668 3876 'qui
1731 3797 1869 3877 post
1935 3797 2173 3877 patrem
2233 3812 2412 3857 suum
2478 3791 2863 3858 Verthanem
2920 3777 3081 3851 tenni*

886 3889 1099 3954 sedem
1162 3890 1613 3974 patriarchatus
1663 3893 2113 3967 Armenorum‚
2184 3894 2246 3955 et
2307 3890 2435 3957 zelo
2481 3890 2726 3956 divinae
2773 3889 2923 3976 legis
2965 3896 3080 3944 con-

887 3989 1164 4074 fringens
1213 3988 1611 4055 simulacrum
1664 3988 1894 4054 Juliani
1945 3991 2306 4073 Apostatae‚
2357 3990 2518 4073 quod
2554 3991 2961 4055 Armenorum
3000 3991 3080 4041 ΓΘΧ

885 4088 1209 4171 Tyrannus
1256 4089 1320 4153 in
1367 4086 1598 4173 templo
1647 4089 1762 4154 Dei
1813 4092 2109 4162 erexerat,
2178 4087 2446 4153 fustibus
2494 4092 2953 4154 consummatus
3003 4074 3090 4138 esl-

883 4185 954 4249 in
1001 4184 1252 4271 liturgia
1298 4191 1552 4252 vocatur
1589 4187 1859 4268 oman,
1919 4186 2161 4272 Ussiyh,
2216 4186 2440 4273 Husiq,
2488 4197 2558 4250 ut
2590 4187 2800 4252 videre
2829 4190 2921 4252 est
2953 4165 3105 4274 am}

894 4284 1214 4352 Daniel.
1274 4283 1423 4351 Cod.
1463 4285 1558 4350 lit.
1595 4293 1637 4350 t.
1664 4288 1726 4362 4,
1779 4307 1839 4371 p.
1871 4283 2022 4348 467.
2052 4324 2135 4332 --·
2170 4283 2514 4372 Greqorius
2561 4290 2695 4350 erat
2741 4305 2790 4350 S.
2827 4264 3107 4367 Hesyaehu

885 4381 1076 4447 frater
1123 4384 1320 4464 major
1365 4389 1511 4449 natu
1559 4384 1850 4468 filiusque
1898 4405 1947 4449 s.
2004 4383 2354 4462 Verthania
2406 4382 2511 4449 filii
2562 4404 2612 4451 s,
2641 4383 2923 4470 Gregorii
2964 4364 3112 4447 [ΠΨ

890 4482 1226 4548 minatoris.
1329 4483 1393 4547 Is
1451 4483 1628 4564 jussu
1701 4484 1905 4566 magni
1973 4483 2141 4565 regis
2205 4482 2493 4546 Tiridatis
2560 4482 2677 4546 fuit
2740 4477 3112 4548 AJbanoz‘um
