3514 5391
1332 1054 1928 1137 PROTESTATIO
1984 1054 2432 1137 AUCTORIS.

943 1236 1113 1318 Quae
1159 1235 1221 1299 in
1269 1233 1488 1317 elogiis
1520 1234 1852 1299 illustrium
1888 1254 2205 1299 servorum
2239 1233 2383 1311 Dei,
2434 1235 2705 1298 nondum
2741 1230 3005 1296 Sanctae

765 1335 943 1400 Sedis
992 1333 1389 1418 Apostolicae
1438 1334 1802 1398 auctoritate
1851 1332 2239 1411 Sanctorum,
2299 1333 2634 1397 Beatorum
2683 1336 2788 1397 aut
2835 1332 3003 1397 Mar-

763 1438 971 1517 tyrum
1020 1431 1298 1516 catalogo
1349 1431 1804 1514 adscriptorum
1852 1431 1916 1494 in
1954 1431 2071 1495 hoc
2105 1430 2262 1495 libro
2298 1432 2656 1495 summatim
2705 1430 3003 1515 perstrin-

762 1535 995 1616 guntur
1041 1532 1119 1594 de
1149 1530 1485 1595 eorundem
1537 1529 1881 1593 sanctitatis
1929 1534 2035 1594 aut
2063 1531 2343 1612 martyrii
2371 1530 2538 1594 fama
2571 1529 2664 1595 vel
2695 1529 3001 1612 opinione,

765 1649 839 1693 ea
899 1634 1113 1693 exacta
1173 1628 1423 1692 omnino
1484 1627 1770 1692 volumus
1832 1628 1906 1691 ad
1972 1616 2236 1692 Constitss
2279 1627 2594 1692 Urbani
2656 1627 2783 1691 ΡΡ.
2829 1625 3001 1692 VIII.

772 1724 1066 1793 Caelestis
1115 1725 1521 1790 Hierusalem
1567 1727 1661 1791 ed.
1713 1727 1773 1791 d.
1822 1724 1884 1792 5.
1935 1725 2084 1791 Julii
2137 1725 2309 1790 1634
2358 1730 2544 1810 atque
2593 1727 2667 1791 ad
2717 1726 2834 1791 alia
2878 1724 3002 1790 De-

764 1830 933 1890 creta
979 1824 1335 1889 authentica
1361 1823 1593 1888 ibidem
1628 1823 1840 1905 relata,
1897 1824 2280 1901 confirmata,
2333 1824 2643 1889 declarata
2671 1822 2999 1907 (Bullar.

764 1923 1075 1989 Roman.
1128 1934 1270 1988 tom.
1320 1926 1384 2001 5,
1441 1946 1554 2008 pp.
1605 1922 1737 1986 260
1785 1944 1946 2008 seqq.
2013 1922 2163 1987 edit.
2216 1922 2681 2008 Luoeemburq.).
2777 1920 3004 2002 Quem-

765 2022 1099 2086 admodum
1171 2021 1333 2086 enim
1411 2019 1708 2085 Caelestis
1782 2019 2187 2085 Hierusalem
2257 2022 2420 2086 cives
2483 2022 2598 2086 rite
2666 2021 3000 2086 canonizati

762 2119 1037 2184 Sanctae
1084 2117 1271 2183 Sedis
1316 2118 1724 2205 Apostolicae
1785 2120 2136 2184 ministerio
2200 2143 2242 2183 a
2291 2121 2430 2207 piis
2485 2117 3006 2203 C'kristzfldelibus

761 2220 1151 2282 honorantur
1195 2220 1266 2281 in
1314 2219 1502 2282 terris
1549 2216 1849 2302 (Constit.
1901 2219 2004 2282 cit.
2048 2240 2326 2304 prooem.
2325 2219 2384 2303 )‚
2433 2219 2516 2283 ita
2565 2217 2755 2282 solius
2792 2216 3004 2281 Ponti-

763 2315 897 2381 ficis
945 2316 1207 2381 Romani
1256 2320 1353 2380 est
1398 2317 1475 2381 de
1525 2317 1851 2381 sanctitate
1899 2316 2146 2381 illorum
2186 2317 2486 2400 judicare,
2538 2317 2643 2400 qui
2674 2335 2864 2400 quum
2896 2315 3004 2378 he-

762 2417 931 2480 roica
976 2415 1199 2480 virtute
1249 2414 1544 2479 claruisse
1594 2415 1918 2480 videantur
1965 2416 2024 2480 in
2071 2416 2270 2493 terriS,
2321 2414 2690 2480 Sanctorum
2741 2414 3005 2479 honores

763 2518 971 2578 tamen
1018 2512 1343 2596 hucusque
1392 2533 1515 2577 non
1564 2518 1708 2578 sunt
1755 2513 1994 2598 adepti:
2047 2537 2283 2598 arqum.
2320 2538 2372 2580 c.
2404 2513 2782 2577 Audivimus
2829 2515 2889 2576 1.
2923 2511 2998 2574 X.

764 2611 840 2674 de
885 2609 1063 2697 reliq.
1115 2622 1174 2676 ct
1219 2624 1495 2676 venerat.
1546 2610 1661 2678 SS.
1711 2613 1854 2690 ΙΙῙ.,
1904 2615 1991 2677 45
2052 2612 2383 2697 (Alexand.
2434 2612 2583 2691 III.‚
2652 2633 2747 2678 an.
2804 2609 3002 2693 1170)

749 2714 913 2800 jeta.
961 2710 1044 2797 92.
1115 2750 1199 2757 —-
1266 2711 1403 2776 Hoc
1461 2716 1589 2775 tam
1652 2715 1866 2777 sancte
1912 2711 2237 2796 profitetur
2285 2717 2525 2790 auctor,
2590 2732 2778 2796 quam
2825 2710 3005 2774 decet

763 2829 924 2884 eum,
953 2810 1057 2892 qui
1084 2810 1300 2893 etipse
1331 2808 1876 2876 obedientissimus
1906 2811 2171 2892 Sanctae
2197 2811 2376 2877 Sedis
2411 2810 2807 2894 Apostolicae
2839 2808 3002 2873 filius

762 2907 1011 2984 haberi,
1079 2913 1142 2973 et
1188 2909 1264 2973 ab
1314 2928 1388 2972 ea
1447 2913 1515 2972 ut
1560 2908 1623 2972 in
1671 2910 1837 2973 omni
1887 2930 2000 2974 sua
2046 2910 2316 2988 actione,
2378 2910 2466 2974 ita
2519 2906 2882 2974 nominatim
2938 2906 2998 2969 in

764 3004 1003 3071 clericis
1051 3026 1227 3071 sacro
1266 3007 1407 3089 jure
1456 3007 1811 3072 erudiendis
1858 3009 2040 3093 dirigi
2089 3010 2288 3093 cupit:
2340 3031 2376 3073 a
2420 3029 2544 3093 qua
2578 3008 2686 3073 ubi
2717 3011 2998 3071 sanctum

763 3105 1028 3168 Domini
1072 3107 1391 3190 expetitur
1453 3106 1624 3189 operi
1686 3107 1748 3170 in
1797 3108 1974 3172 vinea
2021 3106 2338 3173 Ecclesiae
2397 3106 2813 3193 aggrediendo
2862 3123 3001 3187 per-

762 3201 1169 3284 ficiendoque,
1218 3201 1302 3266 ibi
1348 3225 1476 3266 non
1524 3203 1748 3268 obruta
1794 3204 1987 3269 sulcis
2020 3205 2352 3291 frumenta
2398 3208 2467 3269 in
2499 3203 2717 3270 lolium
2746 3224 3000 3267 avenas-

760 3321 875 3384 que
923 3300 1326 3387 deyenerant,
1392 3301 1505 3365 aed
1550 3304 1780 3389 cespite
1830 3315 2002 3368 terra
2030 3304 2355 3390 foecundo
2403 3304 2705 3368 dominici
2749 3301 3000 3367 seminia

756 3400 1104 3484 puritatem
1169 3411 1424 3464 centeno
1474 3400 1704 3486 fructu
1764 3401 1999 3487 refert:
2074 3401 2140 3470 O.
2212 3402 2524 3477 Quoniam
2595 3411 2830 3466 vetusto
2891 3401 2997 3463 25.

764 3495 829 3562 O.
882 3497 1109 3561 XXIV.
1162 3519 1218 3582 q.
1273 3500 1327 3562 1.
1382 3500 1458 3581 (s.
1512 3501 1815 3584 Hieron.).
