3514 5391
969 565 1107 619 Ordo
1146 567 1393 621 festorum
1433 567 1679 622 ecclesiae
1718 585 1974 623 armenae.
2493 571 2599 624 629

984 763 1157 817 Sectio
1196 763 1331 817 VIII.
1390 764 1634 834 HiSsnag.
1692 766 1977 820 Adventus

531 941 649 1007 Hic
700 944 895 1009 series
951 945 1249 1010 festorum
1302 946 1598 1031 pertingit
1659 966 1856 1030 usque
1914 947 1990 1011 ad
2039 948 2144 1011 24.
2209 956 2270 1012 et
2300 949 2420 1014 25.
2474 949 2598 1012 De-

364 1040 641 1118 cembris,
695 1043 925 1126 quibus
971 1044 1190 1109 diebus
1237 1046 1352 1110 etsi
1382 1045 1693 1112 inchoent
1715 1047 1973 1111 Armeni
2023 1048 2303 1112 ordinum
2337 1051 2601 1130 quatuor

365 1138 652 1205 festorum
726 1141 1063 1223 majorum,
1132 1148 1201 1208 ut
1257 1144 1683 1209 testimonium
1730 1144 2052 1209 Nativitati
2115 1147 2189 1212 D.
2241 1145 2321 1210 N.
2372 1145 2430 1210 J.
2483 1144 2596 1210 Oh.

359 1237 768 1318 reddentium,
819 1246 1001 1324 prout
1048 1242 1299 1307 exhibet
1328 1242 1597 1307 Rubriea
1644 1245 2032 1326 sequentium
2083 1243 2417 1320 festorum;
2469 1243 2597 1308 Na-

362 1335 648 1402 tivitatem
707 1338 967 1403 Domini
1015 1344 1220 1429 tamen
1272 1347 1487 1425 postea
1538 1362 1656 1405 nna
1703 1363 1844 1406 cum
1893 1334 2349 1427 Epiphania'd.
2403 1344 2460 1408 6.
2491 1342 2598 1407 Ja-

360 1436 548 1498 nuarii
599 1436 923 1503 celebrant
947 1437 1014 1520 ¹).

538 1561 985 1628 Verumtamen
1034 1565 1152 1642 illi,
1219 1566 1321 1649 qui
1373 1586 1515 1630 cum
1565 1565 1842 1631 Romana
1890 1566 2169 1631 Eeelesia
2225 1572 2369 1632 sunt
2424 1568 2597 1643 uniti,

361 1664 519 1725 reete
566 1661 670 1725 hie
725 1662 783 1726 d.
834 1663 939 1727 24.
971 1664 1357 1729 Decembris
1389 1664 1683 1750 Vigiliam
1730 1665 2106 1743 Nativitatis‚
2159 1671 2218 1730 et
2252 1666 2355 1731 25.
2395 1666 2598 1730 Festi-

360 1759 608 1824 vitatem
656 1761 1019 1826 Nativitatis
1068 1763 1455 1828 celebrantes
1501 1764 1669 1846 juxta
1700 1765 1981 1831 ordinem
2032 1765 2204 1828 initio
2247 1764 2596 1829 Kalendarii

359 1859 833 1944 praescriptum,
883 1862 1287 1945 sequentibus
1336 1863 1555 1927 diebus
1603 1867 1787 1946 prout
1812 1862 2258 1928 Kalendarium
2310 1861 2600 1927 obtulerit

361 1957 520 2022 dieta
567 1959 807 2042 majora
837 1960 1014 2039 festa,
1066 1966 1127 2025 et
1158 1967 1402 2026 caetera
1448 1982 1604 2046 quae
1633 1969 1992 2046 sequuntur,
2044 1967 2365 2047 peragunt.
2442 1960 2601 2043 Qua-

363 2059 495 2120 tuor
542 2062 756 2122 autem
809 2059 1040 2140 majora
1089 2061 1247 2124 festa
1293 2064 1434 2123 sunt
1483 2062 1630 2125 ista:

535 2290 818 2355 Primum
885 2294 1134 2357 Festum
1193 2304 1284 2358 eet
1346 2294 1566 2358 David
1627 2295 1996 2379 Prophetae,
2067 2304 2126 2356 et
2169 2290 2404 2357 Jacobi
2450 2289 2597 2375 Ap„

369 2387 615 2452 Fratris
663 2390 946 2456 Domini.
2553 2446 2556 2449 ·

538 2514 763 2579 David
808 2515 1124 2605 Propheta
1173 2518 1232 2582 in
1282 2517 1506 2582 Mart.
1573 2517 1772 2583 Rom.
1824 2517 2141 2600 reponitur
2174 2517 2232 2580 d.
2270 2516 2374 2581 29.
2412 2516 2599 2591 Dee.;

369 2612 470 2674 sed
530 2614 594 2677 in
657 2615 866 2679 Arm.
932 2614 1129 2682 Men.
1212 2616 1476 2681 refertur
1536 2617 1595 2680 d.
1664 2615 1769 2680 25.
1829 2615 2195 2680 Decembris
2267 2636 2390 2678 una
2460 2633 2600 2676 eum

367 2711 601 2777 ‚Iacobo
643 2715 871 2778 Fratre
913 2716 1192 2797 Domini,
1244 2737 1426 2800 quem
1477 2737 1691 2781 rursus
1740 2716 1997 2781 seorsim
2050 2718 2492 2779 commemorat
2540 2713 2599 2775 d.

369 2811 466 2874 23.
518 2811 651 2877 Oet.

538 2991 895 3056 See-undum
949 2994 1198 3057 Festum
1245 3015 1292 3058 ε.
1346 2991 1653 3079 Stephani
1699 2992 2210 3078 Protomartyri&

542 3114 606 3181 S.
659 3115 1017 3203 Stephanus
1083 3118 1510 3201 l’rotomartyr
1576 3119 1637 3181 in
1704 3117 1932 3182 Mart.
2004 3112 2205 3182 Ro’m.
2277 3120 2338 3180 et
2402 3112 2598 3178 Men.

373 3213 565 3278 Arm.
616 3214 953 3280 collocatur
1013 3218 1073 3280 d.
1124 3217 1229 3284 26.
1286 3218 1453 3293 Dec„
1502 3217 1563 3280 in
1614 3218 1739 3280 Gr.
1793 3220 1999 3280 autem
2057 3216 2114 3279 d.
2167 3215 2270 3279 27.
2323 3213 2600 3292 eiusdem

375 3331 615 3378 mensns,

542 3492 818 3556 Tertium
849 3491 1093 3579 festum
1138 3515 1219 3556 88.
1273 3490 1733 3579 Principalium
1782 3493 1949 3579 App.
1983 3492 2162 3555 Petri
2208 3502 2266 3553 et
2299 3487 2506 3554 Pauli.

550 3615 920 3698 Martyrium
972 3619 1322 3702 principum
1374 3619 1536 3703 App.
1587 3618 1757 3682 Petri
1825 3625 1885 3683 et
1934 3617 2109 3681 Pauli
2173 3617 2359 3681 etiam
2406 3615 2599 3678 Men.

381 3712 585 3779 Arm.
655 3734 796 3778 eum
850 3715 1137 3782 Graec,
1202 3716 1406 3782 Men.
1478 3722 1538 3781 et
1590 3717 1823 3781 Mart.
1877 3716 2088 3779 Rom.
2156 3716 2213 3778 d.
2280 3714 2383 3777 29.
2435 3712 2603 3776 ,lunii

383 3815 669 3875 recenset.

550 3989 847 4069 Quartum
909 3992 1165 4056 Festum
1225 4015 1303 4057 88.
1338 3990 1627 4074 filiorum
1689 3992 1958 4055 tonitrus
2005 3990 2239 4055 Jacobi
2298 4000 2357 4051 et
2401 3991 2604 4064 Joanf

384 4087 478 4149 nis
522 4088 633 4151 Ev.

555 4213 663 4279 SS.
723 4213 985 4278 filiorum
1044 4214 1346 4281 Zebedaei
1395 4215 1615 4280 Jacobi
1682 4220 1742 4279 et
1789 4214 2049 4278 Joannis
2113 4214 2338 4276 festum
2404 4209 2604 4272 Latini

391 4313 447 4372 et
491 4310 706 4375 Graeci
769 4332 1048 4378 seorsum
1096 4315 1426 4381 celebrant.
1524 4315 1728 4379 Latini
1780 4315 2030 4397 quidem
2081 4310 2383 4374 Jacobum
2436 4327 2604 4371 eom-

563 4518 602 4589 ¹)
641 4518 889 4571 Videatur
926 4519 1172 4574 festorum
1211 4519 1373 4575 series
1412 4523 1449 4571 t.
1490 4520 1538 4587 1,
1578 4534 1660 4589 pp.
1699 4516 2000 4571 373—374.
