3514 5391
2384 0 3498 155 <Vi

946 1703 1305 1785 Praefatio
1362 1711 1433 1785 et
1487 1706 1760 1786 occasio
1818 1705 2194 1786 scribendi.

616 1880 819 1961 Quum
874 1881 1151 1946 studium
1201 1881 1622 1968 heortologiae
1684 1884 2005 1966 utriusque
2054 1882 2352 1949 ecclesiae
2408 1905 2686 1968 praeser-

420 1980 542 2042 tim
616 1978 677 2042 in
740 1979 1013 2062 propriis
1073 1978 1441 2045 lectionibus
1519 1984 1704 2064 atque
1776 1981 2317 2047 exercitationibus
2384 1981 2685 2058 litorariis,

422 2097 594 2159 quas
660 2077 1030 2142 academias
1090 2082 1345 2155 vocant,
1410 2078 1602 2144 excoli
1650 2081 2122 2163 promoverique
2170 2080 2397 2157 soleat,
2464 2100 2687 2163 operae

426 2175 632 2240 fuerit
676 2176 969 2259 pretium,
1020 2177 1097 2241 de
1146 2176 1381 2262 origine
1430 2182 1614 2260 atque
1661 2177 1868 2242 indole
1901 2177 2204 2260 ejusmodi
2234 2178 2686 2243 academiarum

434 2293 646 2356 pauca
690 2274 980 2356 praefari.

624 2379 1046 2460 Academias,
1107 2401 1265 2464 quae
1314 2381 1447 2446 aliis
1492 2383 1842 2446 seminaria
1889 2388 2210 2461 vocantur,
2280 2381 2691 2466 Josephus

431 2478 479 2543 S
499 2499 595 2562 ey
618 2477 835 2557 bold,
887 2479 1092 2544 clarus
1126 2479 1273 2543 olim
1305 2480 1364 2543 in
1398 2479 1563 2545 alma
1591 2480 1705 2546 hac
1736 2480 2055 2547 literarum
2088 2481 2508 2547 Universitate
2531 2480 2690 2563 juris

437 2576 730 2641 canonici
774 2577 1127 2660 professor,
1193 2599 1336 2643 curn
1383 2578 1595 2643 multis
1638 2580 2048 2664 scriptoribus
2094 2576 2429 2666 ὁὸηγηταῖς
2473 2579 2692 2643 definit

436 2674 935 2761 Jurisprudent.
992 2686 1171 2761 part.
1220 2680 1295 2756 2,
1346 2675 1546 2764 fund.
1596 2681 1671 2761 2,
1749 2679 2262 2757 „exercitat-iones
2327 2678 2685 2763 dogmatum

438 2795 554 2839 scu
606 2775 1049 2859 principiorum
1113 2775 1370 2859 alicujus
1419 2777 1813 2861 disciplinae,
1882 2779 1942 2842 in
1993 2781 2170 2842 coetu
2218 2778 2566 2841 auditorum
2613 2774 2717 2840 ad'

440 2872 562 2938 hoc
615 2873 976 2938 exercitium
1013 2875 1529 2952 convenientium,
1581 2876 1696 2940 sub
1743 2896 1867 2940 uno
1915 2876 2219 2960 praeside,
2269 2876 2375 2959 qui
2423 2895 2688 2940 conven-

440 2979 580 3036 tum
629 2971 904 3056 dirigit“.

623 3077 929 3144 Pervetus
997 3083 1093 3143 est
1153 3081 1607 3145 academiarum
1669 3081 1731 3145 in
1791 3082 2295 3146 universitatibus
2350 3081 2687 3157 instituti03

442 3198 550 3241 eas
598 3177 827 3261 quippe
862 3177 1189 3242 ordinariis
1220 3179 1659 3264 magistrorum
1695 3179 2214 3263 praelectionibus
2243 3180 2519 3245 subsidio
2553 3199 2689 3244 esse

441 3274 688 3359 illisque
734 3275 1038 3340 inservire
1087 3283 1269 3359 atque
1319 3276 1596 3342 ancillari
1639 3278 1831 3342 voluit
1878 3278 2228 3362 antiquitas,

622 3382 1122 3465 PraelectioneS,
1189 3403 1347 3467 quae
1396 3406 1430 3449 a
1477 3384 1827 3468 professore
1889 3387 2266 3470 compositae
2325 3386 2388 3450 in
2445 3384 2689 3468 scriptis

443 3481 524 3545 ad
572 3481 884 3547 calamum
935 3482 1280 3560 traduntur,
1348 3483 1533 3548 certis
1596 3487 1836 3547 tantum
1898 3484 2209 3569 dogmatis
2270 3488 2552 3548 constare
2617 3502 2686 3546 ac

444 3581 705 3645 modicis
751 3579 1116 3665 regionibus
1163 3582 1671 3666 circumscriptae
1734 3601 1870 3647 esse
1932 3581 2163 3660 solent3
2231 3583 2292 3646 in
2354 3579 2688 3645 academiis

440 3685 661 3745 contra
712 3678 1067 3744 accuratius
1128 3681 1588 3763 expenduntur,
1659 3701 1818 3764 quae
1866 3682 2128 3746 strictim
2178 3684 2415 3744 tantum
2473 3699 2509 3741 a
2555 3698 2686 3741 ma-

436 3779 636 3862 gistro
685 3781 835 3841 sunt
881 3776 1266 3842 auditoribus
1314 3778 1726 3864 praelegendo
1775 3780 2031 3856 tradita3
2083 3780 2160 3843 ad
2199 3797 2446 3842 omnem
2477 3796 2683 3840 rerum

442 3876 902 3960 verborumque
954 3878 1297 3941 excurritur
1343 3877 1666 3957 originem,
1730 3877 2074 3952 historiam,
2133 3895 2420 3945 sensum:
2485 3873 2685 3937 variae

438 3975 839 4058 quaestiones
889 3973 1130 4051 affineS,
1181 3995 1339 4058 quae
1386 3980 1737 4040 nostrorum
1787 3975 1975 4040 veluti
2022 3980 2371 4058 temporum
2404 3975 2565 4046 sunt,
2616 3990 2686 4034 ac

440 4072 532 4138 vel
582 4074 860 4157 primum
926 4091 1091 4135 nunc
1139 4073 1437 4138 excitatae
1502 4073 1597 4138 vel
1646 4073 1863 4156 majori
1926 4073 2356 4139 dissidentium
2419 4069 2683 4153 partium

439 4173 838 4260 contentione
889 4171 1191 4255 agitatae,
1252 4171 1516 4255 ideoque
1563 4192 1710 4255 prae
1759 4174 2016 4237 caeteris
2074 4172 2231 4236 scitu
2280 4167 2684 4242 necessariae,

438 4270 868 4356 attinguntur·;
921 4286 1045 4351 quo
1090 4288 1214 4334 una
1260 4289 1399 4334 cum
1433 4271 1775 4335 seminibus
1807 4291 2084 4356 propago
2117 4287 2363 4353 quoque
2397 4264 2687 4330 studiosis

437 4373 619 4451 atque
667 4387 859 4452 seges
910 4371 1193 4431 occurrat
1237 4368 1635 4433 materiarum
1686 4370 1764 4434 ad
1809 4369 1996 4434 vitam
2048 4367 2420 4453 perutilium.
2514 4363 2686 4427 Haec

436 4465 512 4529 de
560 4463 909 4531 academiis
957 4465 1317 4549 generatim.
