3514 5391
851 1611 976 1685 De
1040 1611 1524 1685 christianis
1592 1632 1656 1684 S.
1705 1608 2087 1683 Thomae
2155 1610 2368 1683 ritus
2426 1610 3082 1702 syro-chaldaici

1652 1719 1739 1790 in
1788 1717 2277 1790 Malabaria.

1027 1882 1101 1940 In
1140 1881 1393 1955 epistola
1431 1881 1508 1940 ad
1546 1900 1590 1939 S.
1629 1881 1931 1953 Ignatium
1969 1880 2041 1938 de
2078 1879 2310 1951 Loyola
2349 1896 2421 1936 ex
2458 1878 2651 1937 Indiis
2688 1878 2742 1934 d.
2780 1878 2833 1935 d.
2866 1878 3081 1936 14:112-

851 1979 1018 2020 nuar.
1059 1961 1199 2019 1549
1249 1979 1293 2020 s,
1331 1961 1805 2020 Franciscus
1843 1961 2239 2019 Xaverius
2290 1959 2628 2017 universam
2682 1966 2745 2015 et
2782 1959 3077 2032 propriam

851 2042 1306 2115 christianorum
1356 2040 1981 2114 Syro-Malabarorum
2032 2058 2134 2098 seu
2187 2041 2575 2095 Thomaeorum
2624 2048 2863 2111 gentem
2914 2040 3079 2097 brevi

852 2123 1192 2181 definitione
1234 2123 1674 2195 complectitur:
1726 2122 2019 2177 christiani
2070 2122 2324 2176 Thomaei
2368 2121 2537 2191 hujus
2585 2120 2830 2190 reyz‘onis
2872 2122 3082 2175 accolae

850 2208 995 2269 sunt,
1032 2204 1144 2258 orti
1178 2204 1246 2258 ab
1281 2204 1386 2269 iis,
1436 2220 1566 2273 quos
1604 2224 1648 2257 s.
1694 2203 1925 2257 Thomas
1960 2203 2281 2257 christianis
2315 2202 2497 2256 sacris
2543 2201 2782 2256 initiavit
2802 2201 2859 2272 ¹).
2935 2200 3081 2259 Gon·

852 2290 1025 2341 sonat
1076 2301 1218 2341 sane
1271 2290 1444 2341 vetus
1495 2283 1745 2342 traditio
1796 2283 2128 2357 popularis,
2186 2282 2354 2340 bonis
2405 2282 2772 2341 documentis
2824 2282 3007 2340 etiam
3046 2298 3079 2338 a

853 2365 1136 2437 gravibus
1172 2364 1321 2422 viris
1348 2364 1715 2435 confirmata,
1757 2365 1816 2422 in
1842 2364 2214 2422 Malabariae
2253 2363 2375 2420 oris
2414 2379 2451 2420 a
2477 2380 2521 2420 s,
2542 2362 2834 2435 Apostolo
2859 2362 3079 2420 Thomu

853 2444 1038 2502 fuisse
1078 2451 1139 2501 et
1177 2444 1551 2517 evangelium
1588 2444 1999 2518 praedicatum
2041 2450 2101 2502 et
2140 2444 2453 2502 ecclesiam
2489 2441 2820 2501 fundatam.

1034 2533 1223 2606 Quum
1264 2550 1406 2593 vero
1445 2552 1556 2591 non
1598 2534 1684 2592 ita
1723 2534 1912 2592 multa
1936 2541 2084 2605 post,
2122 2534 2537 2606 persecutione
2576 2539 2787 2591 eontra
2815 2533 3081 2591 christia·

855 2632 961 2673 nos
998 2615 1210 2672 oborta
1244 2615 1656 2688 percussisque
1706 2615 2077 2689 pastoribus,
2131 2613 2361 2672 Christi
2397 2630 2537 2673 oves
2585 2614 3082 2687 dispergerentur,

856 2713 928 2754 ex
966 2694 1276 2755 Chaldaea
1327 2697 1590 2770 episcopi
1640 2705 1778 2754 sunt
1817 2695 1996 2764 missi,
2049 2695 2145 2767 qui
2185 2713 2429 2768 gregem
2480 2695 2695 2754 iterum
2736 2697 3085 2768 colligerent

856 2783 919 2834 et
954 2782 1304 2914 palscgregit:
1355 2785 1532 2849 atque
1572 2777 1708 2834 hinc
1748 2777 1899 2835 ritus
1939 2776 2472 2849 syro-chaldaicus
2522 2777 2581 2833 in
2622 2776 2962 2835 Malabaria
2998 2794 3082 2833 or·

856 2864 975 2915 tum
1059 2873 1094 2913 a
1137 2874 1196 2914 ιιι
1231 2901 1241 2911 .

1034 2945 1317 3004 Pluribus
1356 2948 1613 3006 saeculis
1652 2955 1792 3006 ante
1829 2946 2247 3005 Lusitanorum
2289 2947 2347 3004 in
2375 2964 2512 3005 oras
2538 2946 2751 3005 Indiae
2773 2948 3080 3006 adventum

858 3025 1117 3084 ecclesia
1157 3026 1527 3085 malabarica
1566 3028 1870 3102 episcopos
1909 3028 2284 3085 nestorianos
2335 3027 2675 3100 accipiebat
2728 3045 2803 3086 ex
2840 3027 3083 3085 Perside

859 3112 920 3163 et
955 3123 1065 3180 per
1104 3123 1203 3164 eos
1242 3108 1579 3166 universam
1619 3110 1914 3167 haeresim
1955 3108 2239 3167 Nestorii.

1008 3195 1131 3254 Uno
1169 3195 1359 3255 ferme
1399 3199 1639 3256 saeculo
1689 3207 1823 3272 post
1857 3197 2186 3256 Alexius
2238 3198 2323 3255 de
2362 3197 2746 3266 MenezeS‚
2805 3197 3086 3271 archiepi-

859 3292 1066 3348 scopus
1107 3277 1348 3335 Goanus
1388 3284 1450 3335 et
1474 3277 1780 3336 Indiarum
1817 3279 2197 3336 orientalium
2224 3278 2480 3346 PrimaS‚
2521 3283 2849 3335 convocata
2874 3276 3086 3349 synodo

858 3355 1321 3431 Diamperitana
1358 3358 1566 3430 (1599),
1606 3358 1981 3418 Christianos
2020 3377 2064 3417 S.
2104 3358 2385 3428 Thomae‚
2425 3359 2500 3416 ad
2540 3359 2600 3415 id
2636 3365 2869 3432 tempus
2885 3357 3082 3416 Nesto·

859 3437 1143 3496 riauismo
1182 3438 1454 3511 infectos„
1511 3457 1692 3514 opera
1742 3440 2013 3514 inprimis
2052 3457 2189 3498 usus
2230 3440 2734 3498 missionariorum
2774 3439 3086 3498 Societatis

859 3518 1028 3590 ἄθεα,
1068 3519 1144 3577 ad
1184 3520 1499 3578 ecclesiam
1541 3520 1898 3579 catholicam
1937 3520 2179 3579 reduxit
2200 3521 2277 3592 ²),
2330 3522 2571 3593 antiquo
2610 3521 2733 3579 ritu
2771 3519 3086 3594 syro-chal·

862 3600 1050 3671 daicO,
1087 3608 1155 3657 ut
1191 3617 1302 3673 par
1340 3607 1493 3670 erat,
1533 3607 1774 3659 servato
1790 3599 1855 3672 ⁸),
1894 3617 2098 3658 verum
2139 3601 2470 3659 rationibus
2505 3601 2873 3660 Kalendarii
2911 3600 3085 3658 eccle·

860 3680 1093 3738 siastici
1131 3679 1306 3754 paulo
1346 3681 1583 3739 nimium
1627 3682 1700 3738 ad
1740 3679 1988 3740 formam
2029 3681 2278 3739 latinam
2319 3682 2564 3742 exactis.

1043 3914 1084 3982 ¹)
1125 3915 1271 3984 Apud
1310 3914 1680 3969 Tursellin.
1733 3915 1910 3984 Epist.
1963 3935 2008 3968 s.
2050 3914 2251 3969 Fratue.
2300 3914 2479 3972 Xax..
2529 3930 2578 3984 p.
2620 3916 2719 3978 74,
2780 3916 2901 3970 edit.
2952 3914 3083 3968 Rom.

865 4013 949 4050 an.
992 3996 1145 4052 1596.

1039 4075 1083 4138 ⁸)
1123 4076 1199 4130 Ea
1236 4076 1296 4130 de
1335 4093 1391 4130 re
1430 4077 1529 4130 vid.
1567 4077 1813 4130 Raulin
1851 4076 2034 4130 Joan.
2074 4076 2358 4130 Facund.
2406 4075 2654 4131 Historia
2683 4076 2943 4133 ecclesiae
2974 4089 3080 4126 ma·

862 4159 1142 4213 labaricae
1167 4174 1282 4212 cum
1310 4157 1732 4227 Diampet·itana
1772 4158 1975 4228 synodo
2012 4157 2159 4228 apud
2182 4157 2350 4210 Indos
2374 4157 2760 4224 Nestor-tanos,
2795 4177 2840 4212 3.
2872 4156 3083 4211 Thoosae

863 4240 1195 4295 christianos
1211 4242 1562 4308 nuncupatos,
1591 4242 1772 4293 coacta
1800 4239 1869 4291 ab
1888 4238 2083 4292 Alexio
2108 4238 2175 4292 de
2194 4239 2453 4292 Meneees
2476 4254 2558 4295 an.
2582 4239 2739 4294 1599.
2780 4239 2919 4294 Rom.
2939 4234 3081 4290 1745.

1046 4320 1088 4386 ⁸)
1134 4319 1267 4388 „Les
1303 4319 1653 4374 missionaires
1691 4319 1919 4374 Jesuites
1958 4319 2018 4372 de
2058 4320 2107 4373 la
2145 4323 2259 4372 cote
2296 4319 2360 4372 du
2401 4318 2632 4373 Malabar
2670 4321 2961 4374 trouverent
2990 4331 3081 4368 une

864 4402 1027 4474 eglise
1066 4403 1126 4456 do
1168 4402 1398 4459 150.000
1436 4401 1709 4466 chremens,
1749 4400 1851 4454 dits
1889 4401 1951 4454 de
1990 4398 2400 4468 Saint-ThomaS‚
2450 4399 2536 4472 qui
2574 4399 2831 4454 suivaient
2867 4395 3080 4452 l'heresie
