3514 5391
825 513 895 563 70
1403 508 1561 562 Festa
1599 508 1805 562 mobilia
1844 512 1963 560 ante
2004 506 2479 574 Quadi-agesimam.

824 708 898 761 ad
933 707 1232 778 captandas
1283 706 1429 760 alias
1465 704 1696 759 sordes:
1747 704 1957 762 Verba
2007 710 2147 762 suut
2194 704 2344 762 haee
2394 700 2711 774 Theophili
2747 699 3069 773 Raynaudi

824 793 946 842 tom.
987 788 1076 842 16.
1115 804 1261 857 oper.
1300 802 1450 841 suot.
1475 803 1609 856 paq.
1650 785 1781 839 412.
1819 801 1963 839 num.
2003 784 2094 838 41.

1005 868 1288 936 Vestrum
1330 880 1423 932 est
1459 875 1663 947 igitur,
1702 874 2104 934 venerabiles
2142 873 2417 942 Fratres,
2454 872 2609 930 hauc
2648 871 2805 929 viam
2843 876 3069 940 tenere,

826 965 889 1017 et
928 958 1004 1015 ad
1041 958 1195 1015 hanc
1221 955 1658 1029 suscipiendam
1685 960 1888 1013 vestro
1915 954 2186 1026 exemplo
2213 953 2475 1012 caeteris
2504 951 2892 1010 incitamento
2921 968 3069 1009 esse.

824 1038 1196 1097 Praesertim
1235 1053 1378 1096 vero
1418 1036 1636 1095 divinis
1675 1034 1891 1094 officiis
1929 1035 2455 1094 bacchanaliorum
2492 1039 2758 1106 tempore
2805 1031 3067 1105 quotidie

825 1135 927 1177 vos
967 1120 1258 1176 interesse
1298 1118 1578 1191 cupimuS,
1618 1123 2064 1175 sacrosanctum
2104 1116 2322 1174 Missae
2363 1113 2721 1173 sacrificium
2748 1129 2946 1171 coram
2974 1130 3070 1186 po-

824 1200 960 1272 pulo
1001 1199 1331 1270 celebrare,
1373 1199 1662 1256 ecclesias
1702 1203 1767 1256 et
1803 1196 2171 1255 xenodochia
2211 1196 2489 1266 invisere,
2529 1201 2593 1252 et
2630 1193 3071 1252 ecclesiasticos

822 1279 1102 1350 homineS,
1159 1279 1459 1351 laicosque
1509 1279 1812 1337 vobiscum
1866 1277 1942 1335 ad
1980 1278 2043 1335 id
2082 1277 2342 1335 muueris
2394 1276 2682 1334 invitare:
2734 1274 3070 1347 hujusmodi

826 1361 980 1419 enim
1022 1361 1353 1430 comitatuS,
1395 1368 1458 1417 et
1495 1365 1737 1417 sanctus
1778 1359 1913 1429 erit,
1953 1359 2321 1431 maximeque
2346 1357 2690 1416 laudabilis
2757 1354 3069 1411 Cat-andum

817 1445 1118 1510 praeterea
1158 1458 1192 1494 a
1230 1441 1378 1495 vobis
1413 1444 1514 1507 est,
1550 1444 1611 1493 ut
1646 1441 1702 1494 in
1740 1457 1871 1506 una,
1908 1440 2086 1494 autin
2101 1439 2364 1510 pluribus
2387 1438 2630 1494 ecclesiis
2656 1437 3069 1503 Sanctis-simum

824 1522 1219 1576 Eucharistiae
1255 1521 1672 1576 Sacramentum
1711 1537 1822 1591 per
1872 1520 2113 1575 triduum
2139 1521 2359 1591 publico
2412 1520 2582 1575 cultui
2628 1520 2953 1588 exponatur,
3010 1524 3072 1576 et

824 1601 1086 1674 quotidie
1123 1602 1338 1675 populo
1378 1601 1455 1659 ad
1492 1618 1806 1675 vesperam
1847 1601 2259 1673 benedicatur,
2312 1601 2373 1657 in
2412 1598 2923 1674 septuagesimae,
2962 1603 3072 1656 aut

824 1679 1267 1752 Sexagesimae,
1307 1688 1413 1738 aut
1440 1681 1980 1755 quinquagesimae
2007 1681 2415 1751 hebdomadiS,
2444 1688 2548 1740 aut
2574 1679 2765 1738 tribus
2786 1679 3068 1737 omnibus.

821 1762 1222 1820 Nos'interea
1260 1761 1556 1835 fidelibus,
1594 1763 1707 1821 hac
1733 1761 1960 1821 Nostra
1998 1762 2255 1836 epistola
2284 1762 2584 1833 circulari,
2622 1760 2956 1834 plenariam
2986 1759 3068 1816 in-

825 1842 1190 1913 dulgentiam
1215 1842 1604 1914 concedimus,
1632 1859 1783 1914 qnae
1811 1859 1848 1899 a
1877 1843 2043 1916 vobis
2070 1842 2264 1900 solitis
2290 1840 2561 1900 formulis
2580 1840 3069 1914 promulgabitur,

824 1938 1089 1996 quaeque
1129 1939 1256 1980 cum
1296 1923 1372 1977 ad
1406 1939 1539 1993 opus
1562 1924 1717 1993 pium
1760 1923 1993 1981 directa
2019 1923 2115 1991 sit,
2154 1940 2270 1980 non
2297 1923 2620 1995 impeditur
2647 1922 2772 1979 alia
2796 1919 3071 1995 plenaria

823 2002 1217 2075 indulgentia,
1273 2019 1448 2075 quam
1501 2004 1778 2068 ecclesia,
1834 2004 1935 2062 ubi
1972 2003 2363 2062 Eucharistia
2413 2003 2751 2076 exponitur,
2807 2002 2944 2059 aliis
2996 2001 3069 2058 de

825 2084 1019 2141 causis
1056 2084 1280 2141 habere
1318 2083 1520 2156 possit,
1573 2086 1829 2157 plenam,
1877 2084 2134 2156 inquam,
2188 2084 2493 2158 culparum
2531 2083 2767 2141 veniam
2805 2081 3072 2156 imperti-

825 2180 955 2221 mur
991 2163 1355 2235 quibuslibet
1391 2162 1914 2234 christifidelibus,
1967 2165 2065 2236 qui
2101 2164 2488 2238 poenitentia,
2546 2169 2609 2222 et
2645 2180 2821 2221 sacra
2858 2162 3069 2235 synaxi

824 2244 941 2302 rite
981 2244 1220 2316 muniti,
1271 2243 1520 2317 singulis
1573 2244 1782 2303 diebus
1832 2244 2336 2318 Angustissimum
2383 2243 2613 2303 Christi
2642 2242 2880 2316 'Corpus
2932 2241 3071 2301 visi·

823 2325 1031 2397 tarint,
1067 2323 1267 2383 Deum
1305 2329 1546 2383 orantes
1578 2324 1757 2397 Juxta
1794 2324 2111 2384 Ecclesiae
2149 2332 2421 2398 mentem,
2462 2342 2635 2399 quam
2674 2324 2928 2397 desuper
2973 2340 3070 2381 ex·

823 2406 1124 2479 posuimus
1147 2405 1206 2476 ¹).

1001 2496 1413 2569 Apostolicum
1451 2494 1561 2552 hoc
1578 2493 1861 2554 Nostrum
1897 2511 2108 2553 munus
2147 2496 2444 2568 exigebat,
2484 2500 2552 2553 ut
2573 2495 2742 2553 vobis
2766 2493 3070 2567 hancrepi-

821 2576 1040 2633 stolam
1080 2576 1602 2634 conscriberemus.
1658 2575 1945 2634 Vestrum
1979 2576 2327 2649 exemplum,
2367 2576 2464 2647 qui
2489 2574 2676 2634 Nobis
2702 2575 3070 2649 propinquio-

824 2672 924 2714 res
952 2657 1128 2729 ‘estia
1175 2655 1617 2729 longinquiores
1657 2655 1953 2731 impellet,
2007 2661 2075 2715 ut
2113 2655 2189 2715 ad
2225 2655 2351 2716 Nos
2389 2661 2733 2729 recurrant;
2789 2656 2889 2729 qui
2926 2671 3071 2714 sane

825 2753 925 2794 eos
962 2737 1134 2808 omni,
1174 2753 1289 2809 qua
1325 2753 1647 2810 possumus„
1702 2753 1813 2809 ope
1843 2737 2217 2808 juvabimus,
2272 2738 2627 2810 easdemque
2665 2736 3071 2810 indulgentias

825 2818 988 2890 ipsis,
1026 2834 1341 2890 eorumque
1370 2817 1762 2878 dioecesibus,
1791 2817 2117 2876 concedere
2138 2834 2253 2876 non
2272 2819 2674 2890 gravabimur.
2730 2817 2817 2876 Et
2837 2818 3069 2875 demum

827 2897 951 2956 Vos
990 2914 1064 2955 ex
1103 2898 1296 2955 animo
1338 2898 1787 2971 amplectentes
1847 2903 1911 2955 et
1947 2897 2137 2956 Vobis
2176 2898 2444 2971 singulis,
2483 2898 2882 2957 Venerabiles
2918 2897 3069 2955 Fra·

824 2985 966 3048 tres,
1006 2985 1070 3035 et
1105 2979 1276 3050 gregi
1313 2979 1499 3038 Vobis
1538 2979 1864 3051 commisso,
1919 2979 2306 3053 apostolicam
2344 2979 2817 3038 benedictionem
2856 2980 3069 3052 imper-

825 3057 1025 3115 timur.
1329 3070 1333 3074 ·

1000 3146 1224 3204 Datum
1265 3147 1492 3206 Romae
1532 3149 1687 3221 apud
1715 3146 2002 3206 Sanctam
2028 3148 2284 3207 Mariam
2304 3148 2595 3221 Majorem
2619 3148 2762 3209 Kal.
2783 3148 2830 3208 J
2832 3149 3069 3207 anuarii

827 3225 1348 3286 MDCCXLVHI.
1387 3227 1783 3287 Pontificatus
1818 3227 2025 3288 Nostri
2064 3229 2240 3287 Anno
2277 3228 2445 3290 VJII
2460 3228 2523 3298 ¹).

1007 3388 1049 3452 ²)
1088 3388 1235 3442 Hanc
1271 3389 1640 3458 indulgentiam
1691 3390 1757 3443 ad
1795 3406 1970 3444 omnes
2008 3391 2254 3445 ecclesias
2291 3391 2431 3446 orbis
2467 3391 2707 3446 catholici
2759 3407 2851 3462 pro
2898 3391 3068 3446 triduo

825 3470 1160 3539 expositionis
1198 3469 1287 3524 SS.
1327 3469 1648 3523 Sacra-menti
1685 3471 1736 3524 in
1774 3469 2090 3525 hebdomada
2126 3472 2236 3526 sive
2273 3471 2716 3542 Septuagesimae,
2762 3472 2874 3525 sive
2911 3471 3068 3525 Sexa-

824 3551 1071 3618 gesimae,
1121 3551 1232 3604 sive
1270 3549 1759 3620 Quinquagesimae,
1812 3551 1894 3605 vel
1933 3552 1983 3605 in
2021 3553 2237 3621 singulis
2274 3554 2553 3622 praedictis
2588 3553 2935 3619 hebdomadiS,
2985 3551 3067 3605 vel

823 3630 876 3683 in
915 3630 1026 3683 sola
1065 3630 1194 3683 feria
1211 3630 1274 3684 V.
1312 3630 1852 3686 infra·hebdomadam
1872 3630 2235 3701 Sexagesimae
2275 3634 2508 3688 extendit
2545 3633 2782 3688 Clemens
2807 3632 2907 3687 ΡΡ.
2929 3631 3067 3687 XIII.

827 3710 876 3762 vi
915 3709 1126 3763 Decreti
1164 3710 1215 3764 S.
1255 3710 1512 3780 Congreg.
1552 3711 1749 3781 Indulg.
1790 3729 1945 3781 supra
1984 3715 2129 3767 citati
2167 3729 2216 3784 p.
2255 3715 2341 3769 57.

1006 3787 1050 3854 ²)
1089 3788 1283 3843 Bullar.
1322 3789 1587 3844 Benedicti
1626 3791 1725 3845 ΡΡ.
1766 3791 1922 3858 XIV„
1961 3797 1999 3847 t.
2040 3794 2088 3858 2,
2129 3810 2212 3864 pp.
2255 3796 2552 3851 170—174.
