3514 5391
824 488 1071 559 Κυριακή
1110 492 1207 543 τοῦ
1240 487 1476 545 ἀσώτου.
1540 489 1807 545 Dominica
1844 487 2284 560 Septuagesimae.
2607 491 2677 547 15

448 686 919 753 solemnissimae
977 686 1407 753 observantiae
1467 686 2041 774 quadragesimalis·
2083 687 2338 753 retinuit
2395 687 2678 754 Ecclesia

445 786 626 853 latina.
699 785 1048 869 Propterea
1094 806 1128 850 a
1174 785 1392 870 primis
1421 784 1720 871 Vesperis
1769 786 2135 855 Dominicae
2165 785 2676 873 Septuagesimae

437 885 752 969 deponitur
798 881 1120 974 Allelujo,
1186 885 1555 950 omittuntur
1616 885 1770 954 item
1830 885 2072 956 cantica
2132 884 2443 964 laetitiae;
2510 887 2676 953 unde

437 1004 541 1049 non
589 984 821 1048 dicitur
874 983 963 1049 Te
1008 983 1212 1049 Deum
1276 984 1337 1048 in
1402 982 1623 1049 Officio
1682 983 2037 1049 dominicali
2103 987 2166 1051 et
2219 983 2418 1051 feriali
2477 1004 2675 1069 usque

435 1083 499 1146 ad
546 1081 817 1149 Pascha.

596 1198 947 1283 Mysticum
997 1198 1426 1282 appellationis
1474 1218 1728 1264 sensum
1778 1218 1854 1264 ex
1901 1198 2297 1282 antiquorum
2324 1199 2675 1265 traditione

432 1298 815 1380 expositurus
872 1296 1369 1374 Amalarius‚
1435 1295 1949 1385 Septuayesima‚
2013 1297 2217 1381 inquit
2276 1297 2315 1364 l.
2366 1318 2456 1373 c.‚
2522 1321 2676 1364 com·

421 1405 687 1481 putatur
731 1395 1076 1460 secundum
1123 1395 1547 1461 titulationem
1576 1393 2083 1460 Sacramentarii
2132 1406 2192 1459 et
2217 1395 2680 1484 Antiphonarii

428 1517 636 1558 novem
667 1494 1164 1559 hebdomadibus
1196 1504 1343 1561 ante
1367 1494 1615 1559 Pascha
1638 1495 1906 1558 Domini
1937 1504 1997 1558 et
2009 1493 2240 1579 finitur
2260 1505 2411 1581 post
2432 1496 2678 1559 Pascha

425 1592 686 1656 Domini
732 1593 803 1656 in
849 1594 1118 1680 septima
1163 1593 1430 1658 sabbati.
1522 1594 1648 1657 Die
1708 1593 2023 1659 dominico
2084 1591 2270 1659 habet
2310 1594 2572 1663 initium,
2620 1602 2679 1657 et

425 1690 492 1753 in
537 1690 804 1756 sabbato
834 1691 1056 1776 finem.

598 1808 944 1892 Postquam
971 1808 1194 1874 deinde
1218 1808 1512 1886 ostendit,
1554 1827 1667 1892 per
1690 1807 1808 1873 hos
1838 1808 2230 1893 septuaginta
2259 1808 2393 1873 dies
2425 1812 2674 1892 septua-

423 1906 592 1990 ginta
639 1927 837 1972 annos
885 1907 1258 1991 captivitatis
1305 1907 1516 1992 populi
1548 1906 1666 1972 Dei
1714 1906 1775 1971 in
1813 1904 2134 1989 Babylone
2183 1905 2542 1991 significari,
2591 1906 2678 1970 ita

427 2005 653 2088 pergit:
705 2004 970 2090 Agimus
1016 2005 1154 2070 dies
1199 2005 1620 2091 septuayinta‚
1669 2014 1740 2068 ut
1770 2004 2039 2091 captivis
2068 2006 2139 2068 in
2155 2005 2676 2090 pereyrinatione

425 2101 620 2167 luctus
657 2104 1098 2189 poenitentiae
1158 2113 1560 2168 eonvertatur
1618 2104 1688 2168 in
1733 2102 2039 2188 gaudium
2096 2103 2168 2165 in
2221 2104 2675 2168 resurrectione

426 2201 687 2264 Domini
697 2224 723 2280 ;
766 2203 841 2266 in
885 2203 1337 2267 resurreetione
1375 2224 1497 2289 per
1542 2224 1655 2266 seco
1684 2211 2008 2287 sequentes
2039 2201 2174 2264 dies
2195 2223 2678 2288 perseveramus

424 2323 611 2385 usque
658 2300 748 2364 ad
784 2298 1050 2387 plenam
1097 2299 1655 2388 Septuayesimam.

600 2416 877 2483 Miserae
927 2418 1297 2483 conditionis
1344 2438 1493 2483 suae
1542 2419 1605 2483 in
1651 2418 2008 2502 captivitate
2055 2415 2242 2500 hujus
2280 2416 2509 2482 saeculi
2543 2438 2673 2484 me-

426 2534 574 2593 mor,
626 2517 1047 2602 ingemiscens
1091 2516 1376 2583 Ecclesia
1420 2516 1740 2582 introitum
1792 2516 2026 2581 Missae
2088 2516 2152 2580 in
2199 2514 2673 2601 Septuagesima

427 2613 666 2700 incipit:
728 2612 1289 2681 Circumdederunt
1333 2638 1428 2679 me
1474 2617 1738 2703 qemitus
1784 2615 2042 2694 mortis3
2091 2613 2335 2699 expleta
2357 2634 2502 2681 vero
2532 2636 2670 2700 my·

427 2714 575 2778 stica
623 2713 710 2779 70
756 2713 999 2779 dierum
1050 2715 1336 2800 periodo,
1400 2715 1695 2780 nimirum
1756 2715 2018 2781 sabbato
2076 2718 2218 2778 ante
2277 2715 2669 2781 Dominicam

427 2810 485 2875 in
529 2811 744 2889 Albis,
816 2814 994 2896 quasi
1059 2814 1252 2879 durae
1315 2813 1632 2880 servitutis
1683 2812 1840 2898 jugo
1905 2835 1940 2878 a
1994 2812 2138 2878 filiis
2204 2812 2333 2876 suis
2393 2814 2671 2898 depulso,

428 2909 680 2976 Missam
746 2912 1064 2977 exorditur
1123 2933 1158 2977 a
1205 2912 1716 2978 memorabilibus
1764 2912 2003 2976 verbis:
2069 2911 2317 2975 Eduxit
2362 2911 2676 2977 Dominus

420 3006 723 3094 populum
783 3031 964 3073 suum
1020 3010 1092 3074 in
1154 3009 1576 3092 multatione,
1645 3007 1950 3097 alleluja,-
2019 3019 2079 3073 et
2133 3007 2355 3074 electos
2401 3032 2547 3075 suos
2604 3012 2673 3075 in

426 3105 694 3190 laetitia,
747 3105 1038 3198 alleluja,
1088 3106 1375 3198 alleluja.

1001 3303 1393 3376 Depositio
1443 3304 1708 3362 cantici
1757 3301 2098 3375 Alleluia.

598 3441 657 3506 A
704 3439 1039 3505 Dominica
1082 3439 1595 3526 Septuagesimae
1644 3440 1854 3506 Latini
1914 3440 2163 3505 solitum
2209 3439 2481 3505 laetitiae
2529 3458 2666 3504 can·

422 3540 609 3604 ticum
636 3535 929 3628 Alleluja
974 3537 1345 3604 dimittimus
1378 3539 1456 3604 ob
1489 3543 1794 3604 moestam
1827 3538 2194 3604 memoriam
2223 3538 2434 3622 lapsus
2463 3545 2669 3621 proto-

420 3636 622 3720 plasti,
674 3636 784 3720 qui
831 3647 904 3702 eo
951 3636 1061 3701 die'
1097 3637 1161 3701 in
1206 3635 1489 3702 Ecclesia
1535 3638 1849 3704 recitatur.
1933 3637 2195 3700 Peccato
2232 3638 2459 3700 veteris
2483 3637 2666 3699 ho'mi-

418 3735 520 3799 nis
567 3734 812 3799 scilicet
858 3757 901 3799 a
948 3743 1253 3799 conventu
1300 3732 1621 3821 anyelicae
1653 3732 2072 3825 jubilationis
2103 3734 2361 3822 eapulsi
2387 3735 2458 3797 in
2487 3735 2671 3824 hujus

418 3834 685 3898 miserae
714 3833 887 3897 vitae
917 3831 1325 3921 Babylonem,
1373 3856 1565 3921 super
1576 3834 1857 3921 flumina
1882 3838 2017 3924 ejus
2039 3832 2321 3899 sedemus
2348 3843 2408 3896 et
2416 3834 2667 3921 flemus,

420 3930 567 3995 dum
625 3930 1037 3996 recordamur
1094 3929 1275 3996 illius
1322 3930 1511 4014 Sion,
1579 3933 1648 3996 in
1704 3955 1830 4018 qua
1886 3931 2094 3995 Deum
2152 3932 2326 3996 decet
2371 3932 2632 4018 hymnus
2646 3957 2666 3996 .·

420 4028 657 4094 idcireo
708 4053 752 4093 a
801 4026 1281 4115 Septuaqesima
1324 4029 1596 4114 Alleluja
1649 4052 1866 4094 novem
1911 4028 2319 4093 hebdomadis
2362 4030 2666 4093 intermit-

422 4128 633 4207 timus,
700 4126 946 4192 scilieet
996 4151 1187 4215 usque
1247 4130 1318 4192 in
1375 4129 1655 4210 Pascha,
1725 4128 1837 4192 ubi
1889 4125 2176 4196 Christus
2236 4149 2564 4215 resuryens
2628 4151 2668 4191 a

420 4228 683 4292 mortuis
732 4224 1066 4290 tristitiam
1109 4235 1394 4290 nostram
1440 4228 1511 4291 in
1539 4225 1842 4312 qaudium
1869 4226 2058 4289 vertit
2103 4237 2162 4289 et
2191 4223 2455 4309 Alleluja
2484 4223 2667 4288 nobis

418 4325 645 4390 reddit.
724 4323 907 4388 Haec
952 4323 1012 4388 in
1060 4344 1315 4409 corpore
1355 4324 1514 4408 juris
1561 4325 1719 4389 sacri
1768 4325 1938 4391 Can.
1988 4324 2088 4388 Hi
2107 4322 2232 4388 duo
2256 4326 2363 4386 55.
2394 4323 2563 4394 Dist.
2599 4325 2661 4390 1.

420 4422 493 4485 de
546 4421 732 4488 Cons.
818 4419 897 4484 In
944 4420 1107 4488 fonte
1154 4442 1299 4488 vero
1347 4424 1647 4488 rationem
1696 4423 1860 4489 hanc
1889 4423 2091 4488 reddit
2123 4420 2458 4485 intermissi
2496 4418 2665 4486 Alle-
