3514 5391
697 509 802 561 190
1346 504 1505 559 Festa
1541 504 1748 558 mobilia
1787 503 1838 556 in
1875 501 2299 572 Quadragesima.

1626 617 1673 620 ——
1680 616 1741 620 ——
1769 616 1844 620 ——
2247 615 2382 622 -———-
2427 617 2490 622 -—-
2497 617 2576 622 -..-.-

699 710 759 762 et
799 704 1076 775 adoranS,
1115 703 1192 760 ad
1230 702 1378 773 loca,
1417 718 1567 775 quae
1607 700 1933 766 consuevit,
1982 698 2343 758 familiarius
2383 709 2715 760 concurrat.
2755 734 2822 742 —
2861 703 2946 761 Et

697 786 835 857 quia
871 786 1054 842 boves
1094 784 1288 841 solent
1324 783 1385 839 in
1424 781 1719 839 sacrificio
1762 782 2109 839 daemonum
2148 782 2362 840 multos
2402 782 2705 848 occidere,
2763 783 2944 840 debet

696 866 788 922 his
829 866 1010 922 etiam
1065 865 1175 922 hae
1216 864 1287 920 de
1327 880 1392 920 re
1433 864 1635 935 aliqua
1673 862 2020 919 solemnitas
2061 862 2390 933 immutari,
2443 869 2510 920 ut
2558 863 2653 921 die
2707 863 2944 921 dedioa·

695 947 874 1003 tionis
914 945 1007 1003 vel
1050 944 1348 1002 natalitiis
1387 950 1723 1001 sanctorum
1768 949 2130 1015 martyrum,
2181 959 2422 1014 quorum
2474 944 2600 1002 illic
2651 944 2941 1017 reliquiae

696 1032 1007 1100 ponuntur,
1049 1025 1441 1082 tabernacula
1479 1023 1593 1081 sibi
1633 1024 1798 1082 eirca
1838 1023 2074 1081 easdem
2119 1024 2409 1082 ecelesias
2467 1042 2617 1097 quae
2672 1042 2745 1083 ex
2784 1024 2944 1082 fanis

697 1112 1092 1165 commutatae
1133 1111 1286 1176 sunt,
1342 1105 1415 1161 de
1458 1105 1641 1162 ramis
1682 1106 1959 1161 arborum
1999 1103 2255 1168 faciant,
2310 1111 2374 1162 et
2409 1105 2709 1176 religiosis
2749 1106 2943 1162 eonvi-

696 1189 811 1247 viis
850 1185 1288 1244 solemnitatem
1328 1186 1656 1244 eelebrent.
1714 1184 1842 1243 Nee
1883 1185 2117 1242 diabolo
2148 1185 2277 1256 Jam
2306 1185 2594 1244 animalia
2619 1186 2940 1246 immolent.

697 1268 803 1324 sed
844 1267 921 1324 ad
959 1266 1192 1324 laudem
1231 1266 1352 1324 Dei
1391 1266 1448 1323 in
1491 1283 1651 1323 esum
1694 1282 1856 1323 suum
1899 1265 2185 1323 animalia
2223 1266 2517 1336 occidant,
2567 1273 2631 1324 et
2669 1266 2942 1323 donatori

697 1349 952 1406 omnium
995 1346 1068 1404 de
1106 1347 1394 1404 satietate
1437 1363 1545 1404 sua
1582 1345 1816 1418 gratias
1854 1343 2144 1418 referant,
2197 1354 2263 1404 ut
2303 1346 2436 1404 dum
2479 1346 2565 1404 eis
2605 1347 2806 1420 aliqua
2846 1364 2942 1403 ex-

700 1429 887 1488 terius
926 1427 1149 1499 gaudia
1185 1432 1590 1497 reservantur,
1632 1425 1707 1482 ad
1748 1425 2041 1483 interiora
2079 1426 2302 1498 gaudia
2341 1426 2677 1484 consentire
2704 1425 2943 1484 facilius

695 1510 958 1568 valeant.
1016 1508 1169 1567 Nam
1215 1508 1378 1566 duris
1418 1507 1713 1565 mentibus
1754 1506 1924 1564 simul
1968 1507 2163 1564 omnia
2193 1507 2547 1567 abscindere
2579 1507 2942 1583 impossibile

697 1607 846 1662 esse,
884 1607 998 1647 non
1040 1588 1276 1646 dubium
1319 1595 1411 1645 est
1430 1587 1494 1659 ¹),
1534 1587 1672 1659 quia
1711 1586 1762 1644 is
1802 1587 1900 1658 qui
1939 1588 2128 1645 locum
2169 1604 2451 1645 summum
2495 1590 2820 1648 ascendere
2861 1587 2940 1645 ni·

698 1672 862 1732 titur,
903 1686 1145 1727 neeesse
1185 1674 1293 1738 est,
1356 1675 1422 1726 ut
1458 1667 1745 1740 gradibus
1803 1666 1900 1726 vel
1939 1668 2246 1741 passibus,
2302 1684 2412 1725 non
2453 1677 2648 1728 autem
2691 1669 2945 1728 saltibus

698 1753 986 1810 elevetur.
1062 1748 1164 1806 Sic
1201 1748 1545 1806 Israelitico
1584 1748 1797 1822 populo
1838 1749 1896 1804 in
1934 1747 2215 1821 Aegypto
2253 1748 2544 1808 Dominus
2598 1769 2661 1808 se
2710 1750 2941 1822 quidem

696 1832 967 1902 innotuit,
1020 1830 1124 1887 sed
1165 1836 1366 1888 tamen
1407 1829 1494 1886 eis
1534 1827 1963 1886 sacrificiorum
2004 1845 2159 1900 usus,
2212 1846 2353 1901 quos
2394 1829 2630 1888 diabolo
2668 1831 2942 1888 solebant

697 1914 998 1972 exhibere,
1038 1912 1099 1969 in
1139 1910 1300 1968 cultu
1338 1910 1578 1983 proprio
1616 1909 1973 1979 reservavit,
2012 1916 2079 1967 ut
2117 1911 2203 1967 eis
2244 1910 2302 1966 in
2342 1910 2639 1969 sacrificio
2678 1927 2782 1968 suo
2819 1911 2943 1967 ani·

699 1994 881 2051 malia
933 1991 1238 2050 immolare
1297 1989 1707 2062 praeciperem
1766 1997 2058 2061 quatenus
2113 2007 2214 2048 eor
2267 1996 2594 2062 mutantes,
2653 1991 2818 2048 aliud
2871 1990 2944 2046 de

697 2074 992 2132 sacrificio
1021 2071 1386 2140 amitterent,
1427 2069 1589 2127 aliud
1618 2070 1971 2141 retinerent,
2010 2077 2093 2142 ut,
2133 2070 2248 2128 etsi
2276 2071 2408 2143 ipsa
2436 2077 2639 2128 essent
2660 2069 2944 2127 animalia

697 2172 846 2227 quae
885 2154 1101 2211 offerre
1141 2156 1599 2218 consueverant,
1656 2157 2066 2209 verumtamen
2103 2150 2236 2208 Deo
2291 2151 2445 2209 haee
2495 2159 2556 2208 et
2608 2168 2718 2207 non
2769 2150 2947 2207 idolis

699 2236 1087 2302 immolante&
1119 2232 1248 2304 jam
1288 2231 1589 2290 sacrificia
1629 2232 1760 2304 ipsa
1798 2248 1910 2289 non
1951 2236 2168 2288 essent.
2244 2230 2345 2289 Sic
2385 2231 2506 2289 ille.

875 2325 937 2382 H
942 2341 1013 2382 ae
1051 2324 1284 2380 ratione
1312 2321 1497 2392 igitur
1524 2320 1852 2394 appellatio
1876 2322 2141 2375 amr-lelna
2167 2321 2361 2375 nedl'la
2402 2337 2530 2378 eum
2559 2320 2947 2394 popularibus

698 2405 818 2463 suis
857 2404 1071 2462 ritibus
1121 2420 1159 2461 a
1196 2402 1360 2460 cultu
1396 2403 1746 2456 Morzannae
1764 2401 1809 2469 ²)
1864 2402 2227 2474 aliorumque
2282 2419 2318 2459 a
2358 2402 2684 2459 christiano
2731 2402 2947 2475 populo

700 2483 1019 2542 transferri
1071 2489 1270 2556 potest
1321 2483 1918 2555 ad.redemptionem
1979 2484 2053 2540 ab
2107 2482 2456 2540 idololatria
2507 2481 2946 2548 celebrandam,

698 2566 847 2636 quod
888 2572 950 2622 et
988 2563 1224 2637 proprio
1265 2563 1534 2621 instituto
1576 2563 1635 2620 in
1675 2563 1973 2620 nonnullis
1993 2562 2282 2621 Poloniae
2322 2562 2662 2634 regionibns
2701 2561 2833 2619 fieri
2861 2563 2947 2620 vi-

700 2645 889 2704 dimus
930 2662 1001 2703 ex
1039 2643 1377 2716 Dlngossio,
1416 2660 1595 2719 supra
1636 2643 1822 2702 citato
1861 2661 1912 2717 p.
1957 2644 2078 2702 145.

791 2840 1184 2924 Ἑβδομιὶς
1230 2845 1387 2905 τῶν
1431 2839 1714 2922 βαΐων,
1898 2842 2429 2906 Hebdomada
2479 2843 2941 2907 Passionis.

878 2986 1269 3050 Dominieam
1320 2985 1563 3049 ,lud-ica
1610 2986 1838 3068 exeipit
1897 2986 2058 3069 apud
2110 2985 2362 3050 Latinos
2408 2985 2745 3050 hebdomas
2793 2987 2942 3049 Pas·

699 3086 897 3148 sionis
961 3105 1068 3149 seu
1126 3083 1663 3167 Quad⁷·a9esimae
1713 3085 1969 3170 quinta,
2035 3085 2194 3168 apud
2248 3086 2521 3149 Graeeos
2554 3086 2942 3173 jejunior-nm

699 3193 899 3263 sexta,
949 3204 984 3246 a
1031 3182 1433 3265 subsequenti
1486 3183 1810 3246 Dominiea
1858 3177 2142 3264 ἑβδομὰς
2188 3186 2315 3245 τῶν
2358 3180 2571 3262 βαΐων
2616 3183 2942 3266 appellata.

704 3282 790 3345 lca
836 3286 903 3345 ut
951 3280 1209 3365 insignis
1257 3280 1401 3344 olim
1453 3279 1637 3345 OPoli
1689 3287 1822 3344 erat
1869 3282 2046 3345 donis
2094 3286 2156 3344 et
2204 3281 2668 3366 erogationibus
2716 3283 2791 3346 ab
2827 3281 2942 3345 iln-

705 3386 990 3464 poratore
1040 3384 1101 3442 et
1148 3378 1497 3462 patriarcha
1546 3380 1891 3444 distributis
1914 3379 1985 3461 3),
2038 3380 2123 3444 ita
2169 3386 2226 3443 et
2277 3379 2333 3443 in
2373 3380 2524 3443 urbe
2557 3379 2755 3444 Roma
2787 3380 2943 3444 anti-

884 3664 927 3733 ¹)
967 3664 1141 3718 Simile
1182 3665 1457 3733 pastoralis
1497 3664 1800 3733 prudentiae
1841 3665 2134 3730 eonsilium,
2194 3681 2257 3718 ex
2296 3665 2471 3718 eodem
2510 3682 2552 3718 S.
2593 3664 2845 3733 Gregorio
2897 3667 2947 3719 in

699 3762 880 3814 corpus
912 3745 1045 3813 juris
1083 3746 1311 3799 canonici
1351 3752 1685 3816 assumptum,
1718 3749 1828 3817 Jam
1868 3747 2184 3800 exhibuimus
2223 3763 2374 3815 supra
2416 3763 2499 3816 pp.
2541 3748 2839 3813 119—120,
2891 3762 2946 3809 ut

698 3827 931 3880 nimirum
973 3826 1228 3880 candidati
1269 3827 1362 3880 sibi
1417 3828 1479 3882 ab
1519 3829 1788 3881 immodico
1840 3827 2168 3897 quorumdam
2208 3828 2319 3881 zelo
2366 3844 2551 3881 cavere
2589 3827 2808 3895 discant»,
2858 3829 2944 3897 qui

700 3911 1034 3975 praepostera
1072 3906 1256 3973 agendi
1298 3907 1495 3960 ratione
1536 3912 1593 3960 ut
1629 3908 1784 3961 duros
1823 3909 1872 3961 in
1911 3909 2134 3961 schisma
2174 3908 2508 3977 compellunt,
2558 3908 2636 3962 ita
2672 3908 2841 3962 redire
2881 3910 2944 3962 ad

698 3986 982 4039 Ecclesiam
1022 3986 1309 4040 volentibus
1347 3987 1481 4040 viam
1520 3988 1680 4056 spinis
1718 3989 1935 4058 objectis
1973 3988 2180 4042 nimium
2219 3994 2464 4058 quantum
2502 3989 2723 4058 sepiunt.

882 4072 921 4131 ⁸)
963 4068 1169 4121 Cous-uli
1211 4068 1271 4121 de
1311 4069 1405 4121 hoc
1444 4068 1577 4122 idolo
1617 4071 1827 4139 ejusque
1867 4070 2007 4122 cultu
2045 4074 2293 4138 possunt,
2345 4086 2474 4139 quae
2516 4074 2633 4139 post
2672 4070 2944 4129 Grimm,

700 4148 974 4201 Deutsehe
996 4148 1342 4217 Mfftlwloqie.
1368 4165 1450 4218 pp.
1474 4151 1755 4204 733—734
1785 4150 1997 4217 egregie
2025 4150 2310 4219 disputavit
2332 4150 2658 4203 doctissimus
2678 4149 2943 4215 Brandl,

702 4229 1044 4282 Glossarium
1084 4229 1375 4282 illm-‹truns-
1412 4230 2011 4284 bohemico—moravit-ae
2047 4231 2316 4284 historiae
2343 4233 2552 4301 fumea,
2601 4248 2646 4285 v.
2687 4232 2946 4285 Moratur.

698 4325 779 4377 pp.
824 4311 1120 4362 lna-160.

876 4389 919 4453 ³)
960 4390 1067 4443 Cfr.
1090 4389 1406 4443 Tlioodor.
1438 4390 1814 4443 Balsamon.
1855 4396 1908 4443 et
1937 4390 2334 4459 Luitprand.
2374 4392 2524 4446 relat.
2553 4410 2582 4445 a
2611 4392 2945 4445 Gretsero

696 4471 743 4522 in
788 4470 970 4523 (Μαίη.
1009 4471 1141 4539 apud
1182 4472 1368 4535 migne,
1412 4471 1550 4525 Patr.
1590 4489 1669 4538 gr.
1709 4480 1830 4524 tom.
1876 4474 1993 4529 157,
2037 4488 2117 4540 pp.
2158 4474 2462 4527 345—347.
