3514 5391
852 475 959 533 322

1564 475 1725 534 Festa
1760 478 1969 535 mobilia
2004 485 2123 549 post
2159 477 2376 535 Pascha.
2410 513 2417 518 -

2670 592 2811 600 -———-

850 678 1037 762 Λὸγε
1080 681 1196 742 τοῦ
1248 679 1416 742 Θεοῦ
1460 676 1568 741 καὶ
1615 675 1921 759 δύναμιςΙ
2029 679 2134 758 tia,
2185 685 2247 745 et
2275 680 2549 745 Verbum
2584 680 2721 758 Dei,
2771 684 2835 745 et
2880 685 3092 765 poten-

851 771 1056 842 Δίδου
1113 773 1261 862 ἡμῖν
1306 772 1748 860 ἕκτυπώτερόν
1793 793 1922 840 ’σου

2031 778 2148 845 tia:
2198 779 2277 843 da
2311 779 2490 844 nobis
2535 783 2605 844 ut
2634 773 3005 863 expressius·
3033 781 3092 840 te

847 877 1219 960 μετασχεῖν,
1297 872 1365 939 ἐν
1436 879 1513 962 τῇ
1586 871 1922 960 ἀνεσπέρῳ
2030 876 2497 962 participemus,
2546 878 2609 941 in
2648 897 2771 942 non
2805 895 3091 960 vespera-

849 973 1049 1064 ἡμέρᾳ
1092 978 1203 1061 τῆς
1246 968 1585 1055 βασιλείας
1633 993 1768 1039 σου.

2031 975 2227 1040 scenti
2274 975 2452 1060 regni
2497 975 2587 1040 tui
2633 974 2753 1041 die.

1022 1152 1622 1219 Animadversiones
1667 1153 1738 1217 in
1785 1155 2203 1240 synaoearium
2231 1152 2403 1240 festi
2436 1152 2786 1240 paschalis.

1025 1280 1197 1354 Quod
1252 1296 1434 1354 supra
1472 1279 1601 1352 J‘am
1653 1279 1715 1338 in
1768 1280 2014 1339 Triodio
2066 1279 2186 1356 (pp.
2224 1280 2465 1350 22—23,
2517 1275 2827 1348 105—106)
2880 1281 3089 1335 contra

846 1362 1019 1420 fidem
1060 1361 1350 1420 docuerat
1372 1359 1514 1419 Nic
1531 1378 1562 1418 e
1577 1361 1668 1435 ph
1684 1378 1886 1430 orus,
1928 1363 2157 1422 animas
2185 1361 2452 1422 aet-ernis
2478 1358 2787 1433 suppliciis
2816 1357 3089 1416 addictas

844 1442 1070 1515 piorum
1098 1442 1376 1516 precibus
1404 1441 1727 1513 sublevari,
1755 1442 2103 1515 quandoque
2132 1443 2314 1501 etiam
2340 1441 2595 1499 liberari
2612 1438 2675 1513 ¹),
2702 1438 2763 1497 id
2791 1439 2851 1496 in
2872 1437 3091 1496 Pente-

1027 1605 1069 1673 ²)
1108 1605 1247 1659 Idem
1284 1604 1366 1657 hic
1405 1619 1550 1658 error
1587 1604 1637 1657 in
1676 1603 1861 1658 librum
1899 1605 2233 1675 symbolicum
2272 1603 2523 1658 ecclesiae
2561 1601 2829 1656 orientalis
2864 1600 3088 1655 transiit.

846 1686 1128 1757 Confessio
1164 1683 1467 1739 orthodoxa
1520 1684 1653 1738 enim
1691 1684 1977 1739 doctrinam
2027 1686 2332 1740 catholicam
2383 1684 2451 1738 de
2473 1682 2807 1754 purgatorio
2854 1681 3089 1736 absolute

839 1768 1097 1837 rejectura
1120 1769 1329 1834 quaest.
1356 1765 1391 1817 6
1395 1765 1449 1830 6,
1487 1766 1538 1820 in
1565 1769 1893 1820 antecessum
1918 1768 2029 1837 jam
2054 1783 2254 1821 omnem
2281 1770 2477 1820 statum
2500 1764 2736 1818 mediam
2764 1763 2913 1817 inter
2940 1762 3087 1817 dam·

839 1847 1116 1901 nationem
1153 1847 1207 1898 et
1243 1843 1553 1899 beatitatem
1590 1843 1874 1914 (ἁνάμεσα
1912 1850 2021 1900 τῶν
2046 1843 2370 1916 σωζομένων
2394 1847 2483 1896 καὶ
2500 1843 2924 1914 ἀπολλυμένων)
2962 1861 3088 1912 προ-

839 1927 1177 1996 φυλακτικῶς
1214 1925 1412 1994 respuit
1449 1942 1508 1980 ac
1537 1925 1597 1980 de
1625 1927 1750 1995 ipsis
1778 1926 2034 1982 damnatis
2058 1928 2188 1982 haec
2216 1927 2506 1997 dogmatice
2532 1926 2721 1980 statuit
2746 1927 2956 1995 quaest.
2983 1923 3089 1977 64.-

945 2018 1152 2079 Βέβαια
1189 2015 1379 2067 πολλοὶ
1416 2014 1526 2067 aad
1567 2014 1695 2074 τούς
1730 2014 1906 2086 ἆμαρ·

839 2094 1044 2154 τωλοῦς
1089 2093 1584 2163 ἰλευθερῶνουνται
1636 2096 1745 2148 aad
1801 2100 1907 2150 τῶν

837 2175 1061 2246 δεσμῶν
1110 2178 1211 2228 τοῦ
1247 2174 1413 2242 ᾅδου,
1471 2175 1569 2244 ὄχι
1615 2175 1684 2245 μὲ
1733 2176 1906 2246 μετά-

841 2275 999 2310 νοιαν
1027 2255 1468 2325 ἢέξομολόγησιν
1488 2256 1829 2323 ἐδικήντους.
1854 2299 1868 2314 .
1892 2298 1906 2312 .

838 2336 973 2389 ἀλλά
1021 2336 1090 2407 μὲ
1129 2337 1223 2394 τιὶς
1262 2335 1485 2397 conotus·
1534 2342 1641 2392 τῶν
1688 2336 1907 2399 ζώντων

835 2421 922 2469 καὶ
961 2416 1268 2488 προςευχάς
1303 2415 1440 2489 ’ὑπὲρ
1479 2418 1660 2471 αὐτῶν
1695 2422 1788 2485 τῆς
1822 2420 1904 2471 ἐκ-

834 2500 1083 2571 κλησίας,
1138 2500 1225 2549 καὶ
1280 2498 1349 2567 μὲ
1406 2500 1506 2565 τήν
1560 2491 1907 2571 ἀναίμακτον

833 2578 1076 2647 μάλιστα
1113 2582 1337 2645 θυσίαν,
1375 2577 1517 2632 ὅπου
1542 2580 1669 2631 καθ’
1695 2578 1904 2651 ἡμέραν

834 2662 1122 2732 προςφέρει
1161 2657 1191 2726 ἠ
1217 2658 1464 2726 ἐκκλησία
1501 2658 1594 2712 διά
1626 2661 1753 2722 τούς
1771 2663 1904 2723 ζῶν·

832 2759 926 2800 τας
978 2743 1065 2792 καὶ
1123 2739 1451 2806 τεθνηκότας
1503 2745 1696 2800 κοινῶς
1750 2742 1901 2806 ὅλως,

831 2821 1014 2880 καθώς
1058 2823 1147 2873 καὶ
1185 2818 1217 2873 ὁ
1260 2821 1508 2891 Χριστός
1543 2820 1787 2876 ἀπέθανε
1825 2822 1899 2875 δι’

832 2901 1044 2961 αὐτούς.
1088 2950 1100 2962 ,
1141 2941 1152 2953 .
1195 2941 1205 2952 .
1283 2899 1478 2954 Μόναι
1519 2898 1572 2961 αἱ
1613 2907 1763 2956 θεῖαι
1790 2904 1900 2957 λει-

831 2987 1100 3053 τουργίαι,
1139 2984 1195 3033 αἱ
1232 2990 1531 3053 προςευχιιὶ
1568 2984 1899 3055 καὶέλεημο-

788 3075 800 3086 ·
831 3063 1020 3125 σύναι,
1076 3061 1219 3116 ὅπου
1269 3066 1557 3131 γίνουνται
1605 3064 1681 3116 δι’
1728 3066 1899 3133 αυτὴν

828 3144 939 3197 ἀπο·
978 3144 1107 3204 τούς
1140 3146 1359 3206 ζῶντας,
1395 3144 1576 3198 ἐκεῖνα
1612 3145 1712 3212 τὴν
1749 3146 1897 3217 ὠφε-

827 3227 986 3279 λοῦσι
1023 3224 1329 3281 πολλότατα
1364 3228 1453 3276 καὶ
1477 3224 1588 3278 ἀπὸ
1626 3226 1690 3279 ta*
1718 3226 1899 3297 δεσμά

831 3309 929 3358 τοῦ·
965 3304 1106 3374 ᾅδου
1143 3304 1243 3370 τὴν
1280 3306 1684 3377 ἐλευθεροῦσιν.

920 3390 1126 3456 Πρέπει
1146 3385 1363 3445 πάντως
1382 3385 1451 3439 vd
1473 3388 1900 3457 παρακαλοῦμεν

2127 2018 2288 2073 Certo
2337 2016 2499 2072 malti
2534 2017 2857 2086 peccatores
2905 2029 2940 2066 a
2978 2013 3088 2066 m'n·

2016 2099 2155 2155 culis
2173 2099 2390 2171 inferni
2403 2095 2731 2163 liberantur,
2746 2110 2852 2149 aon
2853 2096 3089 2164 propter

2013 2180 2255 2251 ipsorum
2291 2177 2686 2251 poenitentiam
2735 2178 2834 2228 aut
2879 2175 3087 2245 confes-

2013 2261 2238 2327 sionem,
2256 2260 2358 2315 sed
2369 2260 2432 2313 ob
2445 2257 2729 2313 vicentium
2748 2256 2887 2310 bona
2900 2270 3087 2325 opera,

2015 2344 2070 2394 et
2090 2345 2325 2411 propter
2351 2340 2611 2395 ecclesiae
2622 2353 2734 2409 pro
2760 2335 2899 2407 ipsis
2914 2336 3088 2405 susas

2014 2421 2325 2488 orationes,
2361 2419 2665 2491 praecipue
2700 2433 2828 2472 cero
2850 2419 3086 2487 propter

2013 2502 2354 2557 lact-uentum
2373 2500 2723 2571 sacrificium,
2759 2497 2902 2568 quod
2924 2497 3083 2552 eccle-

2012 2579 2104 2637 sia'
2139 2583 2377 2653 quotidIe
2413 2583 2582 2652 offert
2602 2595 2716 2651 pro
2740 2579 2987 2633 omnibus
3011 2579 3082 2632 ei·

2012 2664 2256 2719 ventibus
2304 2662 2470 2719 simul
2519 2665 2573 2717 et
2608 2660 2860 2727 mortuis,
2905 2674 3109 2731 quem.

2011 2745 2298 2800 admodum
2319 2742 2647 2798 et'Cltrastns
2650 2757 2763 2812 pro
2779 2740 2852 2796 ils
2857 2740 3082 2811 pariter

2009 2829 2260 2881 mortuas
2297 2827 2395 2880 est.
2435 2864 2449 2879 .
2489 2864 2502 2878 .
2542 2862 2556 2878 .
2630 2822 2816 2877 Solam
2865 2820 3078 2876 dicinae

2009 2907 2290 2978 liturgiae,
2329 2906 2383 2960 et
2392 2921 2594 2977 preces
2619 2907 2672 2959 et
2690 2903 3076 2972 eleemosynae,

2010 3004 2150 3058 qaae
2187 3005 2221 3042 a
2259 2987 2553 3041 viventibus
2585 3001 2698 3056 pro
2734 2984 2855 3055 ipsa
2892 2982 3073 3037 anima

1997 3071 2161 3140 fiunt,
2198 3067 2351 3123 illam
2384 3066 2625 3120 maxime
2644 3065 2869 3139 jaccant,
2903 3064 3071 3120 illam·

2006 3165 2109 3218 que
2147 3148 2185 3202 a‘
2218 3147 2447 3203 m'nculis
2482 3145 2697 3218 inferni
2728 3145 2977 3201 liberant.
3006 3176 3068 3184 --

2009 3229 2332 3283 Postremum
2370 3228 2585 3282 incisum
2630 3227 2888 3296 repetitur
2921 3242 3068 3297 quae·

2006 3310 2174 3364 stione
2212 3309 2478 3379 sequenti:

2082 3402 2087 3405 “
2118 3391 2340 3460 Oportet
2365 3388 2597 3454 omnino,
2635 3391 2818 3458 atpro
2844 3386 3069 3441 mortuis

826 3466 919 3518 δια
976 3468 1106 3526 τούς
1161 3470 1618 3536 κεκοᾳμημίνους,
1679 3470 1772 3520 καὶ
1828 3470 1895 3521 vd
1990 3486 2193 3540 preces
2218 3470 2529 3541 fundamus
2574 3472 2629 3523 et
2663 3470 2948 3523 incruenta
2982 3483 3067 3521 sa-

826 3551 1217 3619 προςφέρωμεν
1267 3550 1470 3606 θυσίας
1505 3548 1894 3618 ἀναιμάκτους,

826 3628 1077 3687 διδόντες
1113 3626 1496 3698 ἐλεημοσύνας.
1533 3630 1642 3685 κτλ.

2003 3550 2211 3622 crificia
2261 3552 2566 3621 offeramus
2614 3553 2669 3605 et
2704 3549 3068 3619 eleemosynas

2001 3631 2416 3686 distribuamus.

1003 3718 1223 3774 Textum
1260 3734 1504 3788 graecum
1541 3736 1655 3775 cum
1694 3721 1930 3775 versione
1969 3720 2148 3786 latina,
2187 3737 2367 3790 pamm
2405 3725 2579 3775 tamen
2604 3720 2803 3787 idonea,
2844 3719 3066 3789 reperies

821 3798 955 3868 apud
993 3798 1307 3865 Kimmel‚
1347 3799 1468 3852 Lib.
1493 3800 1662 3869 symb.
1690 3801 1812 3856 eccl.
1840 3801 2056 3868 orient„
2092 3805 2131 3855 t.
2162 3803 2210 3867 1,
2250 3816 2334 3870 pp.
2360 3801 2655 3869 133—134.
2715 3799 2845 3854 Eum
2870 3800 3065 3870 pridem

821 3879 981 3933 multo
1019 3879 1218 3933 fidelius
1257 3880 1308 3932 in
1333 3881 1685 3947 germanicum
1710 3885 1948 3936 verterat
1972 3881 2240 3949 Frisch3
2279 3881 2452 3941 Liber
2476 3881 2800 3951 symbolicas
2838 3881 3064 3951 (Lipsiae

822 3974 903 4013 an.
946 3961 1128 4027 1727),
1166 3976 1250 4029 pp.
1287 3960 1519 4028 46—47‚
1558 3977 1721 4031 nuper
1756 3968 1932 4016 autem
1970 3963 2360 4017 accuratissime
2396 3963 2772 4032 interpretatus
2796 3968 2881 4017 est
2906 3979 3066 4016 rume-

819 4039 932 4093 nice
971 4038 1063 4093 Dr.
1103 4039 1311 4094 Barbu
1345 4039 1920 4109 Constantinescu,
1964 4043 2358 4113 Confessianea
2399 4041 2686 4109 ortodoxa,
2722 4058 2807 4114 pp.
2836 4042 3064 4109 45-46,

820 4119 904 4189 qui
943 4125 1116 4174 tamen
1154 4121 1218 4174 ad
1257 4121 1498 4175 incisum:
1538 4121 1698 4176 multi
1719 4124 2001 4192 peccatosi
2032 4140 2094 4177 se
2133 4140 2228 4177 vor
2264 4123 2441 4178 isaaci
2473 4123 2566 4177 din
2594 4122 2889 4193 leqatnrile
2913 4122 3066 4177 iada-

818 4199 902 4254 lai
935 4241 948 4254 .
989 4241 1002 4254 .
1042 4241 1055 4254 .
1082 4201 1218 4270 prin
1260 4201 1637 4272 bine-sacerile
1674 4204 1821 4258 celor
1867 4203 1941 4258 cii
1952 4245 1969 4270 ,
2008 4200 2143 4274 'prin
2194 4205 2538 4274 ruqacianile
2578 4207 2772 4276 facule
2822 4206 2880 4258 tn
2932 4204 3067 4258 bise-

818 4279 937 4334 rica
976 4283 1072 4334 eet.
1124 4279 1310 4351 (malti
1331 4285 1653 4350 peccatores
1688 4300 1722 4337 a
1763 4283 1991 4338 vinculis
2027 4284 2243 4355 inferni
2275 4285 2585 4340 liberantur
2624 4325 2637 4340 .
2676 4325 2690 4338 .
2729 4324 2743 4339 .
2795 4284 2860 4338 ob
2896 4284 3065 4338 cicen-

816 4361 948 4414 te'am
989 4360 1126 4414 bona
1163 4376 1328 4431 opera
1380 4365 1433 4414 et
1456 4366 1692 4431 propter
1717 4366 1893 4435 susas
1938 4364 1993 4418 in
2032 4365 2260 4420 ecclesia
2297 4363 2599 4435 orationes)
2651 4364 3064 4420 animadvertere

816 4439 1005 4505 omisit,
1043 4440 1307 4511 antiquam
1327 4440 1669 4498 Rumenorum
1708 4444 1979 4499 ecclesiam
2012 4462 2049 4499 a
2085 4446 2280 4501 novitio
2316 4446 2406 4502 illo
2442 4462 2664 4516 graecae
2694 4445 3066 4516 Confessioms
