3514 5391
845 489 960 553 '146
1503 495 1662 554 Festa
1697 498 1905 555 mobilia
1941 502 1993 554 in
2030 497 2451 570 Quadragesima.

1015 697 1305 763 Tandem
1357 716 1431 762 ex
1478 698 1885 764 eaeremoniis
1933 699 2005 763 ad
2056 698 2279 779 fontes»,
2312 699 2527 784 'glaeie
2566 699 2702 782 jam
2738 698 3094 784 liquefacta,

853 816 890 861 a
931 796 1122 881 vulgo
1166 797 1540 875 observatiS,
1608 797 1858 863 fluxisse
1924 797 2166 863 videtur
2227 797 2555 882 appellatio
2605 798 2842 878 Fonta,
2910 817 3095 881 quam

859 895 1217 959 Dominieae
1269 894 1534 959 Laetare
1581 897 1642 959 in
1692 916 1842 981 agro
1889 895 2231 961 Pertieensi
2279 896 2570 980 (PertoiS,
2620 898 2681 961 in
2732 895 3095 981 Campania)

855 994 1078 1057 factam
1125 992 1407 1058 videmus
1454 995 1614 1078 apud
1665 994 1777 1058 Du
1814 993 2110 1081 Gange,
2167 994 2375 1061 Glose.
2426 993 2540 1061 lat.
2592 996 2707 1061 sub
2756 995 2874 1060 hae
2924 1016 3092 1061 voce.

850 1233 1218 1318 Ἑβδομὰς
1247 1233 1319 1302 ε’.
1351 1239 1501 1298 τῶν
1531 1240 1913 1323 νηστειῶν.
2026 1236 2550 1301 Hebdomada
2589 1237 2706 1311 JV.
2748 1235 3094 1310 Quadra·

1869 1350 1884 1373 ⁴-
2155 1336 2331 1422 yesi
2345 1357 2527 1402 mae.
2628 1336 2957 1401 Mediana.

1028 1477 1389 1545 Monuimus
1427 1479 1583 1561 jam,
1645 1478 2007 1544 Latinorum
2056 1478 2482 1544 hebdomadas
2528 1479 2771 1564 graecis
2830 1499 2948 1543 non
2999 1498 3093 1543 re-

849 1578 1189 1662 spondere3
1240 1578 1518 1660 adeoque
1567 1581 1978 1660 praesentem,
2029 1597 2186 1660 quae
2218 1577 2454 1641 Latinis
2501 1582 2596 1642 est
2625 1587 2878 1662 quarta,
2928 1578 3090 1660 apud

852 1676 1123 1740 Graecos
1171 1678 1454 1761 qaintam
1500 1675 1641 1754 diei,
1709 1696 1742 1739 a
1793 1675 2117 1740 Dominica
2164 1676 2487 1753 nimirum,
2552 1695 2710 1759 quae
2759 1696 2897 1740 eam
2945 1695 3091 1739 eon-

849 1774 1146 1859 sequitur.
1241 1775 1430 1858 Apud
1478 1773 1732 1838 Latinos
1793 1779 2008 1839 eontra
2069 1794 2105 1838 a
2168 1775 2578 1858 praecedente.
2642 1773 2971 1838 Dominiea
3032 1774 3088 1837 in

848 1875 1041 1940 saeris
1089 1873 1429 1937 canonibus
1493 1875 1746 1939 vocatur
1807 1872 2107 1937 mediana
2160 1874 2525 1957 ,septimana
2590 1870 2857 1935 Paschae
2884 1872 2936 1955 ¹)
3000 1870 3089 1935 vel

848 1970 1209 2054 simpliciter
1253 1970 1552 2034 mediana
1599 1970 1991 2035 hebdomada
2013 1970 2086 2049 ²),
3082 1976 3090 1983 ’

970 2172 974 2179 ’
1026 2150 1216 2232 Eeria
1249 2148 1362 2213 IV.
1410 2148 1836 2235 hebdomadae
1866 2148 1987 2211 IV.¹
2053 2147 2611 2233 thadraqesimae.
2706 2150 2900 2212 Feria
2927 2172 3090 2212 scru-

849 2249 1014 2332 tinii.
2042 2268 2045 2275 '

907 2370 910 2377 ¹
1026 2372 1432 2453 Scrutinium,
1479 2394 1572 2458 gr.
1608 2370 2017 2459 ἕξερεύνησις,
2066 2373 2488 2458 ἰηυεείἱραιίο,
2537 2394 2574 2437 a
2603 2372 2790 2436 verbo
2825 2384 3088 2449 scrutor,

848 2464 1068 2557 triplex
1117 2472 1175 2536 in
1216 2471 1357 2555 jure
1405 2492 1580 2536 sacro
1630 2472 2059 2557 distinguitur:
2123 2472 2695 2535 catechumenorum
2755 2472 2875 2555 (ee.
2927 2472 3088 2535 Ante

845 2572 1090 2658 viyinti.
1140 2571 1245 2635 55.
1298 2576 1358 2634 et
1389 2590 1562 2654 seqq.
1645 2570 1798 2634 Dist.
1828 2570 1889 2635 4.
1923 2571 2000 2635 de
2034 2571 2254 2653 cons),
2305 2569 2808 2634 ordinandorum
2836 2571 2958 2653 (tit.
2994 2571 3086 2635 12.

847 2668 952 2736 lib.
1007 2672 1063 2738 1.
1128 2668 1437 2736 Decretal.
1488 2668 1564 2733 de
1614 2668 1916 2733 scrutinio
1977 2669 2049 2732 in
2094 2668 2315 2734 ordine
2345 2667 2690 2755 faciendo)
2756 2672 2819 2733 et
2865 2666 3087 2755 suffra·

843 2771 1088 2855 qiorum
1149 2769 1206 2833 in
1247 2765 1664 2833 electionibus
1727 2768 2049 2832 canonic-is
2101 2768 2220 2852 (tit.
2274 2769 2333 2834 6.
2384 2767 2490 2832 lib.
2545 2769 2602 2832 1.
2668 2767 2745 2830 de
2792 2767 3086 2831 electione

846 2877 906 2930 et
952 2863 1144 2930 electi'
1170 2866 1537 2953 potestate).
1633 2865 1704 2929 In
1754 2865 2163 2950 appellatione
2211 2864 2399 2950 hujus
2448 2866 2636 2930 feriae
2685 2865 2950 2932 sumitur
2979 2885 3086 2949 pro

843 2966 1148 3029 scrutinio
1187 2964 1777 3040 catechumenorum,
1826 2983 1936 3028 seu
1970 2984 2080 3048 pro
2112 2963 2214 3028 illa
2246 2965 2713 3027 eaeaminatione
2762 2962 3084 3050 baptizan-

846 3063 1087 3145 dorum,
1135 3069 1202 3128 ut
1227 3067 1481 3152 vocatur
1508 3083 1561 3130 e.
1589 3061 2004 3148 Baptizandi.
2035 3061 2139 3126 60.
2171 3063 2328 3126 nist.
2355 3063 2479 3138 eit„
2520 3082 2705 3146 quam
2734 3063 3085 3126 sacerdotes

843 3166 1124 3247 tempore
1180 3161 1703 3246 Quadragesimae
1766 3160 2086 3225 instituere
2141 3160 2484 3236 debebant,
2550 3165 2617 3224 ut
2678 3160 3083 3244 explorarent,

845 3262 1096 3346 quinam
1148 3281 1220 3325 ex
1270 3258 1732 3325 catechumenis
1782 3259 1980 3323 idonei
2041 3259 2171 3341 jam
2236 3266 2445 3324 essent
2504 3260 2579 3322 ad
2629 3263 3083 3323 sacramentum

847 3358 1138 3442 baptismi
1186 3359 1464 3442 proximo
1512 3357 1783 3423 Sabbato
1832 3362 2046 3422 saneto
2096 3358 2579 3442 suscipiendum,
2639 3358 2895 3441 quinam
2942 3379 3085 3423 vero

843 3456 921 3519 ob
972 3457 1284 3521 defectum
1335 3457 1580 3522 debitae
1614 3456 2102 3539 praeparationis
2151 3456 2225 3519 ad
2262 3456 2425 3520 aliud
2460 3460 2708 3539 tempus
2739 3453 3082 3521 differendi.

1021 3561 1511 3628 Celebraba-ntur
1567 3567 1773 3627 autem
1834 3562 1897 3627 in
1945 3563 2208 3627 decursu
2259 3562 2784 3648 Quadragesimae
2845 3568 3081 3647 septem

844 3659 1431 3726 eateehumenorum
1497 3660 1822 3725 scrutinia:
1892 3661 2158 3745 primum
2229 3681 2299 3726 ae
2366 3663 2708 3726 seeundum
2772 3661 2931 3726 seria
2974 3662 3081 3726 IV.

843 3763 904 3822 et
964 3759 1222 3824 sabbato
1284 3749 1501 3824 tertiae
1563 3758 2006 3837 hebdomadis3
2076 3759 2196 3824 alia
2258 3765 2524 3843 quatuor
2582 3759 2801 3824 iisdem
2865 3760 3085 3828 diebus

842 3859 1101 3922 duarum
1179 3859 1572 3944 sequentium
1642 3858 2142 3934 hebdomadum3
2226 3858 2558 3942 septimum
2631 3859 2883 3922 tandem
2956 3863 3085 3922 erat

845 3957 996 4020 feria
1039 3956 1149 4022 IV.
1219 3959 1426 4021 sextae
1491 3956 1922 4021 hebdomadis,
2018 3956 2402 4021 Hodiernum
2455 3947 2588 4020 erat
2633 3955 2973 4020 solemnius
3024 3961 3085 4020 et

845 4053 1258 4137 principalius,
1317 4056 1579 4138 ideoque
1627 4058 1688 4118 et
1734 4055 1868 4119 dies
1916 4055 1979 4119 in
2028 4054 2256 4120 Ordine
2306 4054 2585 4120 Romano
2632 4050 2774 4116 κατ’
2820 4051 3083 4116 ἀντονο-

838 4145 1079 4231 μασίαν
1119 4158 1379 4235 ‚voe-atur
1408 4142 1595 4239 feria
1640 4154 1956 4232 scrutinii,
2006 4157 2067 4216 et
2115 4156 2239 4216 tota
2274 4152 2470 4217 Missa
2499 4153 2572 4216 ad
2607 4151 2881 4216 officium
2915 4171 3084 4216 seru-

913 4397 916 4402 ·
1021 4377 1076 4450 ’)’
1104 4385 1160 4438 C.
1201 4384 1528 4453 Prius-[pali.
1569 4385 1653 4438 15.
1691 4384 1829 4438 Dist.
1868 4387 1955 4440 63.

1019 4463 1063 4531 ²)
1103 4464 1204 4518 CC.
1248 4464 1647 4518 Ordinationes.
1687 4467 1737 4520 7.
1776 4465 1911 4518 Dist.
1952 4465 2036 4532 75,
2075 4471 2129 4518 et
2167 4465 2232 4518 In
2260 4463 2548 4534 parochia.
2586 4465 2672 4517 31.
2713 4461 2770 4516 G.
2798 4462 2935 4516 XVI.
2961 4481 3010 4533 q.
3034 4465 3080 4516 1.
