3514 5391
762 534 868 590 124
1402 531 1563 586 Festa
1598 530 1806 587 mobilia
1843 529 1895 584 in
1933 527 2356 597 Quadi-agesimo.

977 648 986 651 -
1123 646 1134 651 ,
1271 648 1280 649 7
1301 638 2719 651 ————————-—-——-—-—-—.-

941 733 1107 798 Loco
1129 729 1466 796 catholicae
1497 727 1682 813 hujus
1705 721 2102 802 ἀκολουθίας
2129 724 2450 810 sequiores
2467 722 2686 791 Graeci
2710 742 2833 787 non
2856 722 3006 786 uniti

762 832 1123 897 solemniter
1167 833 1360 915 agunt
1405 827 1679 893 officium
1715 825 2003 911 Gregorii
2036 823 2350 901 Palannoe,
2401 823 2704 907 quamvi8‚
2755 825 3007 886 notante

763 930 834 995 L.
884 929 1199 995 Allatio
1249 926 1338 990 acl
1381 926 1437 990 h.
1490 925 1576 1005 d„
1622 924 1929 1012 Byzantii
1975 922 2247 1009 aliisque
2290 922 2363 985 in
2401 921 2556 985 locis
2601 920 3009 984 eaecommum‘·

762 1030 1010 1094 catione
1057 1024 1407 1113 aliquando
1453 1026 1710 1089 vetitum
1738 1021 1907 1109 fuit,
1970 1046 2049 1086 ne
2094 1022 2472 1086 recitaretur
2528 1021 2612 1083 iu·
2644 1017 2905 1083 ecclesia
2953 1027 3013 1082 et

763 1149 950 1192 sacra
979 1125 1373 1214 jejuniorum
1419 1121 1638 1209 officia
1672 1122 1941 1208 pessimi
1984 1121 2251 1185 hominis
2281 1118 2859 1184 commemoratione
2907 1115 3007 1179 de—

767 1232 1197 1311 turparentur.
1745 1276 1750 1281 .

944 1330 1234 1396 Editores
1280 1328 1514 1394 Triodii
1562 1327 1765 1393 veneti
1815 1348 1914 1403 an.
1966 1326 2140 1391 1870
2202 1326 2701 1391 animadvertunt
2746 1346 2806 1409 p.
2862 1324 3009 1401 170,

756 1451 1060 1518 praeseus
1105 1430 1218 1493 hoc
1263 1427 1577 1513 (Gregorii
1611 1426 1932 1509 Palamae)
1989 1424 2283 1511 Officium
2317 1426 2388 1489 in
2420 1426 2788 1511 antiquiori,
2834 1449 3012 1511 quem

763 1528 852 1591 ad
896 1549 1150 1592 manum
1194 1525 1488 1607 habeant,
1538 1524 1749 1590 codice
1796 1547 1976 1589 macr.
2025 1549 2156 1589 non
2199 1525 2492 1611 reperiri,
2542 1524 2654 1588 sed
2700 1528 2834 1612 ejus
2876 1525 3010 1590 loco

765 1624 950 1690 aliud
995 1625 1183 1710 idque
1211 1624 1483 1688 maxime
1503 1622 1962 1710 poenitentiale
1987 1623 2072 1707 1);
2122 1624 2325 1706 ipsum
2359 1621 2508 1687 illud
2542 1622 2798 1703 scilicet,
2848 1625 3011 1708 quod

766 1745 842 1789 ex
885 1724 1174 1810 genuinis
1223 1723 1448 1789 veteris
1496 1721 1803 1787 ecclesiae
1842 1740 2105 1808 graecae
2154 1721 2429 1786 fontibus
2478 1726 2743 1799 erutum‚
2792 1742 3013 1789 recens

765 1822 954 1887 editio
1004 1842 1260 1888 romana
1308 1842 1404 1887 an.
1459 1821 1631 1886 1879
1679 1822 1844 1886 sistit
1891 1842 1991 1905 pp.
2044 1820 2422 1887 296—302.

947 1929 1358 1995 Mutationem
1405 1930 1636 1994 factam
1683 1929 1870 1994 etiam
1918 1932 2181 1995 testatur
2229 1928 2620 2014 Typicum
2668 1952 2717 1997 e.
2753 1932 3013 1997 Sabae

768 2028 1267 2111 (recentioribus,
1333 2031 1404 2092 ut
1449 2028 1640 2105 vidae,
1704 2027 2122 2093 additionibus
2182 2028 2587 2111 depravatum
2650 2035 2711 2095 et
2755 2030 3014 2114 ipsum),

769 2125 1201 2209 praescribens
1248 2146 1383 2210 cap.
1431 2125 1551 2190 53:
1620 2129 1911 2211 Κυριακῇ
1954 2122 2042 2206 β’.
2099 2128 2227 2188 τῶν
2289 2120 2484 2207 ἁγίων
2546 2132 2868 2214 νηστειῶν,
2932 2126 3019 2205 ὠς

769 2220 838 2286 ἐν
881 2224 1182 2299 τοπικοῖς
1229 2221 1558 2310 νεωτέροις
1602 2220 1890 2310 εὕρομεν,
1940 2220 2259 2310 ψάλλεται
2313 2219 2729 2310 ἣᾶκολουθία
2785 2222 2902 2289 τοῦ
2949 2224 3018 2289 ἐν

770 2316 976 2405 ἁγίοις
1022 2320 1272 2404 πατρὸς
1316 2320 1491 2408 ἡμῶν
1539 2326 1578 2385 I
1583 2316 1906 2409 ’ρηγορίου,
1973 2323 2315 2387 Dominica
2359 2325 2422 2397 2.
2458 2332 2562 2387 ἐι.
2597 2326 3014 2412 jejuniorum,

767 2421 1289 2508 quemadmodum
1335 2422 1405 2486 in
1450 2420 1901 2485 recentioribus
1954 2410 2212 2507 Typicie
2270 2422 2618 2508 reperimus
2634 2473 2652 2501 ‚
2719 2434 3017 2489 cantatur

779 2518 1073 2605 Qfficium
1117 2541 1168 2586 e.
1207 2544 1281 2607 p.
1330 2543 1390 2585 n.
1449 2518 1762 2606 Greyorii.

955 2627 1408 2693 Gravissimum
1469 2646 1617 2692 sane
1682 2625 2027 2712 piaculum!
2123 2626 2190 2691 Si
2237 2627 2403 2691 enim
2465 2627 2560 2693 vel
2608 2629 2759 2715 ipsis
2818 2629 3015 2695 eccle-

774 2729 1039 2794 siasticis
1086 2729 1468 2796 Graecorum
1533 2723 1777 2815 legibus
1837 2728 2095 2793 vetitum
2157 2732 2284 2806 est,
2352 2749 2543 2794 novas
2589 2730 3015 2813 precationum

774 2826 1072 2892 formulas
1120 2827 1514 2911 conscribere
1581 2831 1765 2911 atque
1826 2828 1886 2892 in
1950 2827 2143 2892 sacris
2204 2828 2610 2893 conventibus
2669 2829 3017 2894 recitandas

773 2946 1119 3011 proponere
1138 2926 1214 3009 ²),
1265 2947 1449 3011 quam
1501 2924 1840 2991 nefandum
1888 2925 2132 2991 dicendi
2179 2929 2326 2990 sunt
2373 2926 2505 2991 ausi
2550 2926 2791 2991 facinus
2822 2925 3019 2992 schis-

776 3023 1004 3102 matici,
1054 3024 1223 3100 dum,
1289 3029 1623 3090 temeratae
1671 3043 1893 3088 manus
1957 3024 2014 3088 in
2066 3024 2467 3090 intemeratos
2513 3024 2815 3090 ecclesiae
2863 3026 3017 3090 ritus

776 3122 1124 3206 injiciend0‚
1175 3123 1250 3187 ad
1299 3123 1468 3188 hunc
1495 3122 1660 3188 diem
1695 3127 2150 3207 proposuerunt
2178 3122 2454 3214 officium
2504 3144 2540 3187 a
2568 3123 2797 3188 novitia
2829 3144 3017 3188 manu

774 3221 835 3286 in
884 3220 1188 3286 honorem
1226 3219 1658 3307 perditissimi
1699 3220 1881 3285 illius
1924 3221 2193 3286 hominis
2239 3219 2650 3309 compactum,
2715 3217 2894 3307 quem
2940 3221 3021 3288 ab

776 3317 1065 3382 Ecclesia
1094 3318 1222 3381 Dei
1264 3328 1334 3382 ut
1361 3320 1803 3406 nequissimum
1836 3328 2153 3383 auctorem
2178 3320 2529 3406 impietatis
2574 3329 2634 3384 et
2654 3342 3019 3407 propuyna·

778 3427 972 3480 torem
1017 3414 1545 3504 blasphemiarum
1585 3419 2016 3504 proscriptum
2062 3428 2121 3481 et
2169 3418 2519 3483 sacerdotio
2552 3415 2896 3505 spoliatum
2930 3419 3019 3484 vi-

777 3515 982 3580 dimus
1028 3523 1071 3581 t.
1128 3517 1182 3591 1,
1233 3536 1334 3600 pp.
1386 3515 1772 3581 237—238!

954 3639 1396 3698 Praeeuntibus
1430 3639 1688 3700 Graecis
1728 3657 1800 3698 ac
1827 3639 2038 3699 Russis
2076 3641 2402 3700 orientales
2433 3642 2492 3699 in
2517 3640 3021 3712 Austro-Hungu-

781 3720 894 3790 ria,
934 3721 1008 3778 ab
1047 3719 1329 3779 Ecclesia
1367 3721 1671 3780 catholica
1707 3721 1995 3794 separati,
2034 3727 2284 3793 praeter
2320 3721 2430 3780 hoc
2467 3722 2684 3780 festum
2725 3721 3021 3793 concepti-

782 3817 914 3859 vum
960 3800 1227 3874 ejusdem
1267 3799 1729 3861 diffamatissimi
1780 3801 2034 3860 hominis
2082 3802 2401 3861 memoriae
2440 3802 2797 3862 recolendae
2838 3801 3016 3862 etiam

791 3879 1175 3939 destinarunt
1213 3881 1297 3940 14.
1337 3881 1720 3953 NovembriS‚
1780 3899 1891 3955 quo
1930 3882 2026 3940 die
2065 3883 2250 3956 ipsius
2289 3900 2496 3943 nomen
2547 3883 2608 3942 in
2644 3883 2705 3942 Κ
2712 3883 3025 3943 alendaria

962 4084 1006 4151 ¹)
1043 4083 1116 4136 ‘H
1137 4090 1386 4155 παροῦσα
1421 4087 1726 4139 ἀκολουθία
1764 4087 1863 4140 οὐκ
1897 4088 2048 4141 ἔστιν
2085 4089 2143 4140 ἐν
2180 4092 2255 4155 τῷ
2290 4087 2396 4141 dvo?
2434 4093 2626 4159 χεῖρας
2662 4087 2798 4159 ἡμῖν
2833 4108 3019 4160 χειρο·

783 4164 1009 4236 γράφῳ,
1066 4164 1138 4224 ὥς
1172 4165 1368 4232 ταύτης
1414 4167 1784 4238 ἀρχαιοτέρῳ,
1841 4167 1956 4219 ἀλλ’
1994 4167 2129 4235 ἄλλη
2178 4188 2282 4228 τις.
2333 4167 2451 4222 ἀντ’
2492 4168 2681 4240 αὐτῆς,
2736 4172 2827 4221 καὶ
2871 4169 3021 4240 μάλα

781 4247 1154 4313 κατανυκῐικὴ.
1649 4313 1654 4318 .

963 4327 1007 4392 ²)
1048 4328 1154 4382 (Σίν.
1193 4328 1656 4397 Balsamonis,
1720 4331 2030 4385 Zonarae
2082 4335 2137 4386 et
2186 4333 2503 4400 Ariste-ni
2560 4333 2917 4387 Commentar.
2965 4333 3019 4386 ἰιι

787 4408 981 4462 Concu.
1021 4407 1244 4463 Laodic.
1269 4424 1387 4463 can.
1413 4409 1503 4462 18.
1544 4410 1698 4480 (apud
1719 4410 1908 4480 Migne,
1947 4411 2091 4466 Patr.
2117 4428 2197 4481 gr.
2223 4417 2347 4467 tom.
2378 4413 2495 4478 137,
2522 4427 2605 4483 pp.
2628 4413 3021 4478 1363—1366),

784 4495 839 4541 et
876 4488 931 4542 in
974 4488 1170 4544 Concil.
1212 4488 1528 4559 Carthaqin.
1567 4506 1685 4547 can.
1722 4490 1853 4546 106.
1891 4491 2009 4548 ibid.
2049 4497 2172 4548 tom.
2211 4494 2332 4560 138,
2371 4507 2455 4566 pp.
2491 4493 2818 4563 353-356).
