3514 5391
952 501 1410 571 Ψυχοσάββατον.
1465 502 1657 572 vigilia
1694 502 2051 557 pentecostes,

384 614 428 619 —
461 615 910 623 ————---—.-——-⁴-
1107 615 1222 623 0—--
1247 616 1362 621 -u—a—·
1406 616 1492 621 ·—---
1546 616 1625 620 --——-
1686 615 1783 620 ---——
1858 615 2080 619 ——-——
2173 616 2188 619 μ
2287 616 2341 619 --——
2411 616 2470 620 -.-

789 813 912 894 Τῷ
966 807 1365 893 σαββάτῳ
1419 813 1559 885 τῖς
1613 807 1689 888 ζ’.
1749 739 2223 890 ἑβδομάδος

1435 962 1555 1009 ητοι

914 1064 1031 1145 Τῷ
1087 1059 1242 1146 πρὸ
1296 1064 1434 1147 τῆς
1490 1040 2092 1147 Πεντηκοστῆζ.

543 1219 832 1308 ,Μνήμην
876 1214 1296 1304 ἐπιτελοῦμεν
1341 1218 1603 1285 πάντων
1656 1224 1786 1284 τῶν
1832 1216 1950 1283 ἀπ’
1999 1213 2231 1293 αἰῶνος
2276 1217 2536 1303 notun&

365 1342 490 1382 των
533 1316 826 1400 εὐσεβῶς
868 1315 981 1383 ἐπ’
1026 1312 1247 1383 ἐλπίδι
1294 1316 1703 1394 ἀναστάσεως
1749 1316 1917 1404 ζωῆς
1959 1309 2240 1382 αἰωνίου.

539 1518 642 1583 Ita
697 1517 1001 1583 editiones
1047 1518 1429 1583 recentiores
1478 1520 1698 1582 veneta
1743 1520 1806 1581 et
1852 1534 2126 1581 romana.
2205 1515 2481 1597 Antiqua
2525 1534 2536 1577 1

365 1637 544 1681 mana
575 1637 683 1683 an.
726 1615 897 1681 1730
944 1615 1165 1682 habet:
1217 1612 1495 1702 Μνήμην
1525 1669 1537 1681 .
1573 1664 1587 1678 .
1623 1668 1637 1680 .
1686 1612 2133 1700 κοιμηθέιτων
2161 1609 2443 1694 εὐσεβῶν
2487 1634 2536 1692 χ(

363 1719 669 1794 στιανῶν,
721 1711 1018 1797 πατέρων
1062 1711 1169 1777 καὶ
1218 1711 1515 1800 ἀδελφῶν
1559 1710 1754 1799 ἡμῶν.
1831 1713 1889 1778 A
1937 1734 2059 1798 quo
2106 1712 2304 1777 ferme
2353 1730 2474 1775 non
2516 1731 2536 1774 a

364 1811 513 1879 ludit
597 1813 1215 1878 commemorationis
1297 1813 1676 1877 annuntiatio
1747 1811 1807 1876 in
1883 1810 2256 1896 Horologio:
2348 1806 2536 1894 Μνήμ

364 1908 796 1993 ἐπιτελοῦμεν
848 1913 975 1975 τῶν
1022 1907 1141 1974 ἀπ
1173 1904 1406 1987 αἰῶνος
1448 1907 1916 1996 κεκοιμημένων
1951 1906 2250 2034 πατέρων
2294 1904 2403 1971 καὶ
2436 1904 2536 2024 ᾆδε

368 2011 507 2095 φῶν
551 2006 759 2097 ἡμῶν.

537 2133 853 2198 Rationes
886 2134 1143 2201 iteratae
1176 2136 1361 2220 hujUs
1393 2135 1999 2200 commemorationis
2026 2136 2299 2198 omnium
2327 2133 2536 2217 fidelii

365 2232 816 2319 defunctorum
846 2233 1052 2319 relege
1086 2254 1161 2299 ex
1194 2234 1522 2318 disputatis
1555 2235 1618 2299 in
1652 2230 1968 2318 Τριῴδιον
1992 2253 2180 2318 supra
2209 2253 2310 2316 pp.
2335 2231 2536 2296 20-Ξ

540 2358 637 2442 Ut
692 2359 756 2422 in
805 2359 1026 2424 Officio
1074 2359 1296 2443 prioris
1343 2358 1505 2425 illius
1556 2355 2067 2447 ψυχοσαββάτου
2112 2356 2243 2444 πρὸ
2297 2360 2411 2443 τῆς
2454 2354 2536 2419 ἀπ

364 2453 540 2541 κρέω,
593 2458 696 2522 sic
743 2461 805 2522 et
850 2457 915 2523 in
961 2457 1154 2524 altera
1198 2458 1318 2524 hac
1344 2460 1933 2524 commemoratione
1973 2456 2220 2522 rubrica
2257 2454 2536 2539 praescri

361 2547 452 2640 εἷς
494 2553 614 2618 τὸν
667 2551 949 2639 ‹5on:
994 2552 1092 2619 Ἐν
1139 2554 1210 2620 δὲ
1249 2559 1392 2634 ταῖς
1420 2559 1780 2632 συναπταῖς
1806 2553 2055 2630 πάσαις
2080 2557 2190 2641 τῆς
2221 2546 2536 2633 οτιχολογιΙ

363 2650 466 2716 καὶ
504 2656 627 2718 τοῦ
660 2650 932 2737 κανόνος
970 2653 1468 2742 μνημονεύονται
1516 2652 1757 2732 πάντες
1802 2647 1863 2719 οἱ
1911 2648 2449 2737 προαπελθόντες
2492 2674 2536 2713 π

360 2748 537 2834 τέρες
582 2747 704 2814 καὶ
752 2749 1024 2839 ἀδελφοὶ
1068 2750 1262 2839 ἡμῶν.

544 2876 846 2943 Officium
885 2884 1280 2944 nocturnum
1348 2874 1711 2943 ἀκολουθία
1755 2884 1867 2966 τῆς
1911 2873 2300 2959 παννυχίδος
2347 2878 2536 2941 vocati

356 2976 533 3057 juxta
581 2996 683 3053 ea,
735 2995 893 3059 quac
940 2981 1082 3042 ante
1131 2979 1483 3043 monuimus
1535 2983 1578 3042 t.
1631 2979 1689 3057 1,
1739 2999 1802 3063 p.
1850 2977 1956 3043 55.

544 3168 904 3258 Εὕλόγησις
947 3177 1075 3237 τῶν
1122 3171 1425 3255 κολύβων.

548 3313 921 3378 Benedictio
968 3317 1325 3404 colyborum
1390 3317 1576 3383 hodie
1639 3323 1858 3402 quater
1907 3316 2346 3401 praescribitur
2392 3315 2452 3382 in
2503 3315 2536 3378 'l

368 3413 503 3534 pico
556 3412 711 3491 GP„
762 3434 821 3498 p.
874 3414 1024 3490 254,
1087 3415 1324 3482 scilicet
1372 3417 1459 3480 ad
1492 3416 1686 3501 finem
1745 3416 2195 3501 Vesperarum,
2261 3416 2331 3477 in
2369 3411 2536 3499 psali

367 3509 637 3593 ἄμωμος
686 3512 763 3576 ad
810 3532 968 3578 vers,
1011 3513 1117 3589 94,
1139 3525 1311 3598 post
1357 3511 1713 3598 νεκρώσιμα
1757 3510 2193 3616 εὖλογητάρια,
2243 3516 2305 3576 et
2337 3511 2536 3576 absol:

375 3609 632 3696 Officio,

550 3717 935 3800 Oolyborum
981 3719 1253 3785 rationes
1315 3721 1663 3806 generatim
1721 3721 1853 3803 jam
1918 3720 2237 3805 attigimus
2299 3738 2486 3802 supra

372 3815 649 3898 primum
680 3814 1059 3881 sabbatum
1033 3817 1412 3901 jejuniorum
1446 3840 1550 3904 pp.
1583 3819 1752 3883 96-
1761 3821 1883 3896 99;
1933 3825 2309 3902 quapropter
2336 3817 2394 3881 id
2431 3836 2536 3880 um

371 3916 466 3976 est
513 3913 846 3996 reliquum,
895 3917 963 3979 ut
1009 3935 1174 3982 nunc
1222 3918 1298 3982 de
1345 3916 1582 4004 colybia
1623 3940 1745 4003 pro
1792 3917 2114 4001 defunctis
2161 3914 2500 4002 offerendis

372 4000 819 4065 benedicendis
866 4003 1137 4069 breviter
1184 4006 1499 4072 dicamus.

561 4195 848 4280 Κόλυβα.
894 4196 1292 4283 ‘Hei-optaret.
1392 4200 1873 4288 Καρυκεύματα.
1932 4198 2328 4282 Ψυχόπιττα.

556 4340 783 4406 Finitis
829 4342 1019 4427 igitur
1066 4343 1542 4410 solemnioribus
1604 4344 2026 4409 functionibus
2075 4345 2485 4410 communiter
2530 4347 2536 4408 i

377 4437 527 4529 cipit
572 4435 612 4530 ἡ
655 4442 785 4502 τῶν
829 4438 1117 4526 κολύβων
1161 4441 1499 4531 προςφορὰ
1545 4440 1652 4506 καὶ
1699 4439 2046 4533 εὐλόγησις.
