<?xml version="1.0" encoding="UTF-8"?>
<!DOCTYPE html PUBLIC "-//W3C//DTD XHTML 1.0 Transitional//EN"
    "http://www.w3.org/TR/xhtml1/DTD/xhtml1-transitional.dtd">
<html xmlns="http://www.w3.org/1999/xhtml" xml:lang="en" lang="en">
 <head>
  <title>
</title>
<meta http-equiv="Content-Type" content="text/html;charset=utf-8" />
  <meta name='ocr-system' content='tesseract 3.04.00' />
  <meta name='ocr-capabilities' content='ocr_page ocr_carea ocr_par ocr_line ocrx_word'/>
</head>
<body>
  <div class='ocr_page' id='page_1' title='image "./kalendariummanu00nillgoog_0246.png"; bbox 0 0 3514 5391; ppageno 0'>
   <div class='ocr_carea' id='block_1_1' title="bbox 794 497 2385 579">
    <p class='ocr_par' dir='ltr' id='par_1_1' title="bbox 794 497 2385 579">
     <span class='ocr_line' id='line_1_1' title="bbox 794 497 2385 579; baseline -0.001 -16"><span class='ocrx_word' id='word_1_1' title='bbox 794 498 901 563; x_wconf 74' lang='lat'>210</span> <span class='ocrx_word' id='word_1_2' title='bbox 1433 499 1594 563; x_wconf 78' lang='lat' dir='ltr'>Festa</span> <span class='ocrx_word' id='word_1_3' title='bbox 1628 500 1839 563; x_wconf 80' lang='lat' dir='ltr'>mobilia</span> <span class='ocrx_word' id='word_1_4' title='bbox 1874 501 1929 563; x_wconf 86' lang='lat' dir='ltr'>in</span> <span class='ocrx_word' id='word_1_5' title='bbox 1964 497 2385 579; x_wconf 74' lang='lat' dir='ltr'>Quadragesima.</span> 
     </span>
    </p>
   </div>
   <div class='ocr_carea' id='block_1_2' title="bbox 794 706 3042 1187">
    <p class='ocr_par' dir='ltr' id='par_1_2' title="bbox 794 706 3042 1187">
     <span class='ocr_line' id='line_1_2' title="bbox 796 706 3039 795; baseline 0 -23"><span class='ocrx_word' id='word_1_6' title='bbox 796 728 846 773; x_wconf 87' lang='lat' dir='ltr'>s.</span> <span class='ocrx_word' id='word_1_7' title='bbox 895 706 1434 792; x_wconf 70' lang='lat' dir='ltr'>Epiphaniae,</span> <span class='ocrx_word' id='word_1_8' title='bbox 1485 706 1830 795; x_wconf 75' lang='grc' dir='ltr'><strong><em>ΕειῬοεὶιίο</em></strong></span> <span class='ocrx_word' id='word_1_9' title='bbox 1860 708 2030 791; x_wconf 83' lang='lat' dir='ltr'>fidei</span> <span class='ocrx_word' id='word_1_10' title='bbox 2074 707 2300 774; x_wconf 76' lang='lat' dir='ltr'>cathol.</span> <span class='ocrx_word' id='word_1_11' title='bbox 2350 729 2409 772; x_wconf 92' lang='lat' dir='ltr'>n.</span> <span class='ocrx_word' id='word_1_12' title='bbox 2447 708 2532 772; x_wconf 81' lang='lat'>22</span> <span class='ocrx_word' id='word_1_13' title='bbox 2564 709 2634 792; x_wconf 89' lang='lat'>¹).</span> <span class='ocrx_word' id='word_1_14' title='bbox 2704 706 3039 773; x_wconf 81' lang='lat' dir='ltr'>Commen-</span> 
     </span>
     <span class='ocr_line' id='line_1_3' title="bbox 794 801 3042 893; baseline -0 -22"><span class='ocrx_word' id='word_1_15' title='bbox 794 806 1058 871; x_wconf 86' lang='lat' dir='ltr'>dabatur</span> <span class='ocrx_word' id='word_1_16' title='bbox 1083 806 1369 885; x_wconf 80' lang='lat' dir='ltr'>maxime,</span> <span class='ocrx_word' id='word_1_17' title='bbox 1399 817 1468 871; x_wconf 93' lang='lat' dir='ltr'>ut</span> <span class='ocrx_word' id='word_1_18' title='bbox 1494 805 1748 871; x_wconf 70' lang='lat' dir='ltr'>ultimos</span> <span class='ocrx_word' id='word_1_19' title='bbox 1773 806 1934 871; x_wconf 73' lang='lat' dir='ltr'>daos</span> <span class='ocrx_word' id='word_1_20' title='bbox 1957 807 2094 871; x_wconf 70' lang='lat' dir='ltr'>dies</span> <span class='ocrx_word' id='word_1_21' title='bbox 2123 817 2614 893; x_wconf 69' lang='lat' dir='ltr'><strong><em>superponentes</em></strong></span> <span class='ocrx_word' id='word_1_22' title='bbox 2641 801 3042 893; x_wconf 79' lang='grc' dir='ltr'><strong><em>(τελευταίας</em></strong></span> 
     </span>
     <span class='ocr_line' id='line_1_4' title="bbox 796 901 3039 991; baseline 0.002 -24"><span class='ocrx_word' id='word_1_23' title='bbox 796 902 909 967; x_wconf 77' lang='grc' dir='ltr'><strong><em>δι’-ο</em></strong></span> <span class='ocrx_word' id='word_1_24' title='bbox 957 901 1193 991; x_wconf 71' lang='grc' dir='ltr'><strong><em>ἡμέρας</em></strong></span> <span class='ocrx_word' id='word_1_25' title='bbox 1238 901 1728 990; x_wconf 73' lang='grc' dir='ltr'><strong><em>ὗπερτιθέντες)</em></strong></span> <span class='ocrx_word' id='word_1_26' title='bbox 1795 926 1906 989; x_wconf 88' lang='lat' dir='ltr'>per</span> <span class='ocrx_word' id='word_1_27' title='bbox 1951 906 2265 991; x_wconf 89' lang='lat' dir='ltr'>integrum</span> <span class='ocrx_word' id='word_1_28' title='bbox 2313 906 2572 970; x_wconf 88' lang='lat' dir='ltr'>biduum</span> <span class='ocrx_word' id='word_1_29' title='bbox 2621 903 2838 970; x_wconf 69' lang='grc' dir='ltr'><strong><em>ἄσιτοι</em></strong></span> <span class='ocrx_word' id='word_1_30' title='bbox 2899 927 3039 991; x_wconf 86' lang='lat' dir='ltr'>per-</span> 
     </span>
     <span class='ocr_line' id='line_1_5' title="bbox 798 1002 3039 1093; baseline 0.001 -27"><span class='ocrx_word' id='word_1_31' title='bbox 798 1010 1118 1068; x_wconf 83' lang='lat' dir='ltr'>manerent</span> <span class='ocrx_word' id='word_1_32' title='bbox 1143 1004 1215 1086; x_wconf 86' lang='grc'>2),</span> <span class='ocrx_word' id='word_1_33' title='bbox 1282 1023 1392 1068; x_wconf 90' lang='lat' dir='ltr'>seu</span> <span class='ocrx_word' id='word_1_34' title='bbox 1438 1027 1629 1067; x_wconf 79' lang='lat' dir='ltr'>unum</span> <span class='ocrx_word' id='word_1_35' title='bbox 1677 1002 1842 1067; x_wconf 80' lang='lat' dir='ltr'>diem</span> <span class='ocrx_word' id='word_1_36' title='bbox 1874 1006 2119 1093; x_wconf 75' lang='lat' dir='ltr'>jejunii</span> <span class='ocrx_word' id='word_1_37' title='bbox 2165 1004 2595 1089; x_wconf 69' lang='lat' dir='ltr'>quado·a9inta</span> <span class='ocrx_word' id='word_1_38' title='bbox 2640 1005 2813 1069; x_wconf 75' lang='lat' dir='ltr'>horis</span> <span class='ocrx_word' id='word_1_39' title='bbox 2860 1006 3039 1071; x_wconf 82' lang='lat' dir='ltr'>meti-</span> 
     </span>
     <span class='ocr_line' id='line_1_6' title="bbox 795 1101 3037 1187; baseline 0.002 -22"><span class='ocrx_word' id='word_1_40' title='bbox 795 1108 1008 1166; x_wconf 77' lang='lat' dir='ltr'>rentur</span> <span class='ocrx_word' id='word_1_41' title='bbox 1028 1101 1103 1186; x_wconf 79' lang='lat'>⁸).</span> <span class='ocrx_word' id='word_1_42' title='bbox 1152 1101 1428 1186; x_wconf 83' lang='lat' dir='ltr'>intellige</span> <span class='ocrx_word' id='word_1_43' title='bbox 1474 1102 1865 1168; x_wconf 83' lang='lat' dir='ltr'>Parasceven</span> <span class='ocrx_word' id='word_1_44' title='bbox 1901 1123 2044 1168; x_wconf 87' lang='lat' dir='ltr'>eum</span> <span class='ocrx_word' id='word_1_45' title='bbox 2079 1104 2297 1187; x_wconf 84' lang='lat' dir='ltr'>majori</span> <span class='ocrx_word' id='word_1_46' title='bbox 2322 1109 2497 1187; x_wconf 86' lang='lat' dir='ltr'>parte</span> <span class='ocrx_word' id='word_1_47' title='bbox 2528 1102 2784 1169; x_wconf 81' lang='lat' dir='ltr'>Sabbati</span> <span class='ocrx_word' id='word_1_48' title='bbox 2820 1105 3037 1169; x_wconf 88' lang='lat' dir='ltr'>sancti.</span> 
     </span>
    </p>
   </div>
   <div class='ocr_carea' id='block_1_3' title="bbox 750 1208 3043 1787">
    <p class='ocr_par' dir='ltr' id='par_1_3' title="bbox 750 1208 3043 1787">
     <span class='ocr_line' id='line_1_7' title="bbox 973 1208 3037 1295; baseline 0.002 -22"><span class='ocrx_word' id='word_1_49' title='bbox 973 1208 1321 1292; x_wconf 80' lang='lat' dir='ltr'>Utramque</span> <span class='ocrx_word' id='word_1_50' title='bbox 1384 1209 1667 1275; x_wconf 83' lang='lat' dir='ltr'>vocabuli</span> <span class='ocrx_word' id='word_1_51' title='bbox 1723 1211 2030 1275; x_wconf 85' lang='lat' dir='ltr'>rationem</span> <span class='ocrx_word' id='word_1_52' title='bbox 2086 1211 2309 1295; x_wconf 81' lang='lat' dir='ltr'>probat</span> <span class='ocrx_word' id='word_1_53' title='bbox 2357 1210 2566 1275; x_wconf 90' lang='lat' dir='ltr'>Ordo</span> <span class='ocrx_word' id='word_1_54' title='bbox 2613 1211 3037 1288; x_wconf 74' lang='lat' dir='ltr'>Romanus..</span> 
     </span>
     <span class='ocr_line' id='line_1_8' title="bbox 750 1305 3043 1391; baseline 0.001 -21"><span class='ocrx_word' id='word_1_55' title='bbox 750 1308 898 1372; x_wconf 87' lang='lat' dir='ltr'>·ubi</span> <span class='ocrx_word' id='word_1_56' title='bbox 947 1308 1024 1371; x_wconf 88' lang='lat' dir='ltr'>de</span> <span class='ocrx_word' id='word_1_57' title='bbox 1071 1308 1271 1391; x_wconf 88' lang='lat' dir='ltr'>primo</span> <span class='ocrx_word' id='word_1_58' title='bbox 1321 1305 1552 1372; x_wconf 88' lang='lat' dir='ltr'>Ordine</span> <span class='ocrx_word' id='word_1_59' title='bbox 1598 1308 1661 1371; x_wconf 91' lang='lat' dir='ltr'>in</span> <span class='ocrx_word' id='word_1_60' title='bbox 1709 1308 1809 1372; x_wconf 92' lang='lat' dir='ltr'>die</span> <span class='ocrx_word' id='word_1_61' title='bbox 1855 1307 2214 1373; x_wconf 81' lang='lat' dir='ltr'>Palmamm</span> <span class='ocrx_word' id='word_1_62' title='bbox 2264 1309 2382 1373; x_wconf 87' lang='lat' dir='ltr'>ait:</span> <span class='ocrx_word' id='word_1_63' title='bbox 2442 1309 2592 1372; x_wconf 85' lang='lat' dir='ltr'>Ideo</span> <span class='ocrx_word' id='word_1_64' title='bbox 2640 1320 2848 1373; x_wconf 81' lang='lat' dir='ltr'>autem</span> <span class='ocrx_word' id='word_1_65' title='bbox 2892 1311 3043 1373; x_wconf 75' lang='lat' dir='ltr'>haec</span> 
     </span>
     <span class='ocr_line' id='line_1_9' title="bbox 792 1404 3043 1493; baseline 0.002 -26"><span class='ocrx_word' id='word_1_66' title='bbox 792 1405 1184 1469; x_wconf 75' lang='lat' dir='ltr'>hebdomada</span> <span class='ocrx_word' id='word_1_67' title='bbox 1227 1408 1435 1493; x_wconf 84' lang='lat' dir='ltr'>major</span> <span class='ocrx_word' id='word_1_68' title='bbox 1480 1404 1733 1485; x_wconf 78' lang='lat' dir='ltr'>dieitur,</span> <span class='ocrx_word' id='word_1_69' title='bbox 1783 1407 2082 1491; x_wconf 80' lang='lat' dir='ltr'>quoniam</span> <span class='ocrx_word' id='word_1_70' title='bbox 2125 1408 2195 1469; x_wconf 82' lang='lat' dir='ltr'>in</span> <span class='ocrx_word' id='word_1_71' title='bbox 2226 1430 2301 1470; x_wconf 90' lang='lat' dir='ltr'>ea</span> <span class='ocrx_word' id='word_1_72' title='bbox 2348 1409 2632 1472; x_wconf 72' lang='lat' dir='ltr'>maxima</span> <span class='ocrx_word' id='word_1_73' title='bbox 2680 1408 3043 1472; x_wconf 77' lang='lat' dir='ltr'>adhibenda</span> 
     </span>
     <span class='ocr_line' id='line_1_10' title="bbox 794 1499 3040 1594; baseline 0.001 -28"><span class='ocrx_word' id='word_1_74' title='bbox 794 1515 886 1566; x_wconf 80' lang='lat' dir='ltr'>est</span> <span class='ocrx_word' id='word_1_75' title='bbox 924 1506 1349 1590; x_wconf 74' lang='lat' dir='ltr'>parsimonia,</span> <span class='ocrx_word' id='word_1_76' title='bbox 1418 1499 1546 1567; x_wconf 64' lang='lat' dir='ltr'>sive</span> <span class='ocrx_word' id='word_1_77' title='bbox 1606 1504 1776 1589; x_wconf 78' lang='lat' dir='ltr'>quod</span> <span class='ocrx_word' id='word_1_78' title='bbox 1833 1509 2041 1594; x_wconf 79' lang='lat' dir='ltr'>majus</span> <span class='ocrx_word' id='word_1_79' title='bbox 2103 1505 2381 1591; x_wconf 80' lang='lat' dir='ltr'>officium</span> <span class='ocrx_word' id='word_1_80' title='bbox 2426 1504 2767 1569; x_wconf 77' lang='lat' dir='ltr'>celebretur</span> <span class='ocrx_word' id='word_1_81' title='bbox 2828 1508 2897 1569; x_wconf 80' lang='lat' dir='ltr'>in</span> <span class='ocrx_word' id='word_1_82' title='bbox 2945 1530 3040 1571; x_wconf 89' lang='lat' dir='ltr'>ea.</span> 
     </span>
     <span class='ocr_line' id='line_1_11' title="bbox 794 1602 3042 1688; baseline 0 -21"><span class='ocrx_word' id='word_1_83' title='bbox 794 1602 963 1683; x_wconf 84' lang='lat' dir='ltr'>Quae</span> <span class='ocrx_word' id='word_1_84' title='bbox 1023 1603 1160 1686; x_wconf 83' lang='lat' dir='ltr'>ipsa</span> <span class='ocrx_word' id='word_1_85' title='bbox 1205 1603 1424 1667; x_wconf 83' lang='lat' dir='ltr'>recitat</span> <span class='ocrx_word' id='word_1_86' title='bbox 1484 1621 1555 1666; x_wconf 85' lang='lat' dir='ltr'>ac</span> <span class='ocrx_word' id='word_1_87' title='bbox 1603 1622 1715 1667; x_wconf 84' lang='lat' dir='ltr'>sua</span> <span class='ocrx_word' id='word_1_88' title='bbox 1763 1603 1912 1668; x_wconf 82' lang='lat' dir='ltr'>facit</span> <span class='ocrx_word' id='word_1_89' title='bbox 1956 1603 2245 1688; x_wconf 84' lang='lat' dir='ltr'>vulgatus</span> <span class='ocrx_word' id='word_1_90' title='bbox 2292 1603 2726 1682; x_wconf 79' lang='lat' dir='ltr'>AlcuinUS,</span> <span class='ocrx_word' id='word_1_91' title='bbox 2791 1605 2890 1668; x_wconf 88' lang='lat' dir='ltr'>De</span> <span class='ocrx_word' id='word_1_92' title='bbox 2948 1603 3042 1667; x_wconf 83' lang='lat' dir='ltr'>di·</span> 
     </span>
     <span class='ocr_line' id='line_1_12' title="bbox 792 1700 2551 1787; baseline 0.003 -23"><span class='ocrx_word' id='word_1_93' title='bbox 792 1702 960 1765; x_wconf 76' lang='lat' dir='ltr'>vinis</span> <span class='ocrx_word' id='word_1_94' title='bbox 1008 1700 1273 1786; x_wconf 77' lang='lat' dir='ltr'>officiis:</span> <span class='ocrx_word' id='word_1_95' title='bbox 1321 1701 1420 1764; x_wconf 91' lang='lat' dir='ltr'>De</span> <span class='ocrx_word' id='word_1_96' title='bbox 1468 1701 1811 1766; x_wconf 75' lang='lat' dir='ltr'>Dominiea</span> <span class='ocrx_word' id='word_1_97' title='bbox 1855 1703 1925 1766; x_wconf 78' lang='lat' dir='ltr'>in</span> <span class='ocrx_word' id='word_1_98' title='bbox 1975 1701 2217 1767; x_wconf 80' lang='lat' dir='ltr'>Palmis</span> <span class='ocrx_word' id='word_1_99' title='bbox 2266 1723 2317 1768; x_wconf 82' lang='lat' dir='ltr'>e.</span> <span class='ocrx_word' id='word_1_100' title='bbox 2374 1704 2456 1765; x_wconf 89' lang='lat'>14</span> <span class='ocrx_word' id='word_1_101' title='bbox 2476 1702 2551 1787; x_wconf 81' lang='lat'>⁴).</span> 
     </span>
    </p>
   </div>
   <div class='ocr_carea' id='block_1_4' title="bbox 793 1807 3043 2508">
    <p class='ocr_par' dir='ltr' id='par_1_4' title="bbox 793 1807 3043 2288">
     <span class='ocr_line' id='line_1_13' title="bbox 973 1807 3038 1895; baseline 0.001 -23"><span class='ocrx_word' id='word_1_102' title='bbox 973 1807 1249 1872; x_wconf 81' lang='lat' dir='ltr'>Tertiam</span> <span class='ocrx_word' id='word_1_103' title='bbox 1295 1808 1597 1874; x_wconf 84' lang='lat' dir='ltr'>rationem</span> <span class='ocrx_word' id='word_1_104' title='bbox 1663 1830 1698 1873; x_wconf 81' lang='lat' dir='ltr'>a</span> <span class='ocrx_word' id='word_1_105' title='bbox 1745 1811 2073 1875; x_wconf 81' lang='lat' dir='ltr'>sanctitate</span> <span class='ocrx_word' id='word_1_106' title='bbox 2136 1814 2320 1895; x_wconf 86' lang='lat' dir='ltr'>atque</span> <span class='ocrx_word' id='word_1_107' title='bbox 2384 1811 2747 1876; x_wconf 78' lang='lat' dir='ltr'>excellentia</span> <span class='ocrx_word' id='word_1_108' title='bbox 2804 1815 3038 1894; x_wconf 84' lang='lat' dir='ltr'>myste-</span> 
     </span>
     <span class='ocr_line' id='line_1_14' title="bbox 796 1907 3041 1993; baseline 0.001 -23"><span class='ocrx_word' id='word_1_109' title='bbox 796 1907 1028 1971; x_wconf 82' lang='lat' dir='ltr'>riorum</span> <span class='ocrx_word' id='word_1_110' title='bbox 1075 1907 1471 1990; x_wconf 80' lang='lat' dir='ltr'>desumptam</span> <span class='ocrx_word' id='word_1_111' title='bbox 1520 1907 1815 1992; x_wconf 85' lang='lat' dir='ltr'>pulchre,</span> <span class='ocrx_word' id='word_1_112' title='bbox 1887 1913 1956 1973; x_wconf 92' lang='lat' dir='ltr'>ut</span> <span class='ocrx_word' id='word_1_113' title='bbox 2003 1909 2177 1987; x_wconf 87' lang='lat' dir='ltr'>solet,</span> <span class='ocrx_word' id='word_1_114' title='bbox 2247 1908 2888 1993; x_wconf 84' lang='lat' dir='ltr'>Chrysostomus</span> <span class='ocrx_word' id='word_1_115' title='bbox 2936 1929 3041 1973; x_wconf 83' lang='lat' dir='ltr'>ex-</span> 
     </span>
     <span class='ocr_line' id='line_1_15' title="bbox 793 2005 3043 2091; baseline 0.001 -22"><span class='ocrx_word' id='word_1_116' title='bbox 793 2005 968 2089; x_wconf 88' lang='lat' dir='ltr'>ponit</span> <span class='ocrx_word' id='word_1_117' title='bbox 1013 2005 1076 2068; x_wconf 89' lang='lat' dir='ltr'>in</span> <span class='ocrx_word' id='word_1_118' title='bbox 1125 2005 1392 2089; x_wconf 82' lang='lat' dir='ltr'>egregiis</span> <span class='ocrx_word' id='word_1_119' title='bbox 1423 2005 1544 2070; x_wconf 87' lang='lat' dir='ltr'>illis</span> <span class='ocrx_word' id='word_1_120' title='bbox 1567 2005 1845 2070; x_wconf 76' lang='lat' dir='ltr'>homiliis</span> <span class='ocrx_word' id='word_1_121' title='bbox 1874 2008 1945 2070; x_wconf 81' lang='lat' dir='ltr'>in</span> <span class='ocrx_word' id='word_1_122' title='bbox 1972 2030 2265 2091; x_wconf 71' lang='lat' dir='ltr'>maynam</span> <span class='ocrx_word' id='word_1_123' title='bbox 2293 2006 2766 2085; x_wconf 75' lang='lat' dir='ltr'>hebdomadam,</span> <span class='ocrx_word' id='word_1_124' title='bbox 2815 2006 3043 2090; x_wconf 85' lang='lat' dir='ltr'>quibus</span> 
     </span>
     <span class='ocr_line' id='line_1_16' title="bbox 795 2102 3040 2189; baseline 0.001 -23"><span class='ocrx_word' id='word_1_125' title='bbox 795 2106 857 2166; x_wconf 91' lang='lat' dir='ltr'>et</span> <span class='ocrx_word' id='word_1_126' title='bbox 903 2102 1035 2186; x_wconf 88' lang='lat' dir='ltr'>ejus</span> <span class='ocrx_word' id='word_1_127' title='bbox 1083 2122 1224 2167; x_wconf 86' lang='lat' dir='ltr'>cum</span> <span class='ocrx_word' id='word_1_128' title='bbox 1274 2104 1789 2186; x_wconf 80' lang='lat' dir='ltr'>praecedentibus</span> <span class='ocrx_word' id='word_1_129' title='bbox 1828 2104 2210 2189; x_wconf 89' lang='lat' dir='ltr'>jejuniorum</span> <span class='ocrx_word' id='word_1_130' title='bbox 2258 2106 2620 2189; x_wconf 85' lang='lat' dir='ltr'>septimanis</span> <span class='ocrx_word' id='word_1_131' title='bbox 2650 2125 2876 2170; x_wconf 83' lang='lat' dir='ltr'>nexum</span> <span class='ocrx_word' id='word_1_132' title='bbox 2907 2104 3040 2189; x_wconf 81' lang='lat' dir='ltr'>pla-</span> 
     </span>
     <span class='ocr_line' id='line_1_17' title="bbox 795 2200 3038 2288; baseline 0.001 -25"><span class='ocrx_word' id='word_1_133' title='bbox 795 2201 1050 2264; x_wconf 85' lang='lat' dir='ltr'>nissime</span> <span class='ocrx_word' id='word_1_134' title='bbox 1099 2200 1501 2267; x_wconf 85' lang='lat' dir='ltr'>demonstrat.</span> <span class='ocrx_word' id='word_1_135' title='bbox 1599 2202 1697 2267; x_wconf 86' lang='lat' dir='ltr'>En</span> <span class='ocrx_word' id='word_1_136' title='bbox 1756 2204 1894 2287; x_wconf 86' lang='lat' dir='ltr'>ipsa</span> <span class='ocrx_word' id='word_1_137' title='bbox 1953 2204 2329 2269; x_wconf 79' lang='lat' dir='ltr'>sanctissimi</span> <span class='ocrx_word' id='word_1_138' title='bbox 2384 2204 2696 2288; x_wconf 86' lang='lat' dir='ltr'>pontificis</span> <span class='ocrx_word' id='word_1_139' title='bbox 2742 2204 2932 2269; x_wconf 86' lang='lat' dir='ltr'>verba</span> <span class='ocrx_word' id='word_1_140' title='bbox 2954 2202 3038 2284; x_wconf 75' lang='lat'>5):</span> 
     </span>
    </p>

    <p class='ocr_par' dir='ltr' id='par_1_5' title="bbox 795 2320 1867 2508">
     <span class='ocr_line' id='line_1_18' title="bbox 914 2320 1867 2413; baseline 0.003 -25"><span class='ocrx_word' id='word_1_141' title='bbox 914 2322 1314 2410; x_wconf 75' lang='grc' dir='ltr'><strong><em>Διηνέσαμεν</em></strong></span> <span class='ocrx_word' id='word_1_142' title='bbox 1384 2330 1497 2413; x_wconf 80' lang='grc' dir='ltr'><strong><em>τῆς</em></strong></span> <span class='ocrx_word' id='word_1_143' title='bbox 1573 2320 1867 2413; x_wconf 77' lang='grc' dir='ltr'><strong><em>νηστείας</em></strong></span> 
     </span>
     <span class='ocr_line' id='line_1_19' title="bbox 795 2421 1866 2508; baseline 0.004 -23"><span class='ocrx_word' id='word_1_144' title='bbox 795 2422 909 2486; x_wconf 80' lang='grc' dir='ltr'>τὸν</span> <span class='ocrx_word' id='word_1_145' title='bbox 932 2421 1156 2500; x_wconf 76' lang='grc' dir='ltr'><strong><em>πλοῖ-ν,</em></strong></span> <span class='ocrx_word' id='word_1_146' title='bbox 1189 2421 1296 2487; x_wconf 85' lang='grc' dir='ltr'><strong><em>καὶ</em></strong></span> <span class='ocrx_word' id='word_1_147' title='bbox 1319 2423 1486 2508; x_wconf 74' lang='grc' dir='ltr'><strong><em>πρὸς</em></strong></span> <span class='ocrx_word' id='word_1_148' title='bbox 1504 2423 1617 2488; x_wconf 83' lang='grc' dir='ltr'>τὸν</span> <span class='ocrx_word' id='word_1_149' title='bbox 1638 2423 1866 2508; x_wconf 82' lang='grc' dir='ltr'><strong><em>λιμένα</em></strong></span> 
     </span>
    </p>
   </div>
   <div class='ocr_carea' id='block_1_5' title="bbox 1974 2328 3040 2511">
    <p class='ocr_par' dir='ltr' id='par_1_6' title="bbox 1974 2328 3040 2511">
     <span class='ocr_line' id='line_1_20' title="bbox 2084 2328 3040 2413; baseline 0 -20"><span class='ocrx_word' id='word_1_150' title='bbox 2084 2328 2482 2394; x_wconf 85' lang='lat' dir='ltr'>Gonfecimus</span> <span class='ocrx_word' id='word_1_151' title='bbox 2521 2328 2739 2413; x_wconf 90' lang='lat' dir='ltr'>jejunii</span> <span class='ocrx_word' id='word_1_152' title='bbox 2787 2328 3040 2412; x_wconf 83' lang='lat' dir='ltr'>naviga-</span> 
     </span>
     <span class='ocr_line' id='line_1_21' title="bbox 1974 2426 3039 2511; baseline 0 -21"><span class='ocrx_word' id='word_1_153' title='bbox 1974 2427 2210 2492; x_wconf 88' lang='lat' dir='ltr'>tionem</span> <span class='ocrx_word' id='word_1_154' title='bbox 2279 2430 2343 2491; x_wconf 90' lang='lat' dir='ltr'>et</span> <span class='ocrx_word' id='word_1_155' title='bbox 2414 2447 2524 2511; x_wconf 89' lang='lat' dir='ltr'>per</span> <span class='ocrx_word' id='word_1_156' title='bbox 2589 2426 2705 2490; x_wconf 90' lang='lat' dir='ltr'>Dei</span> <span class='ocrx_word' id='word_1_157' title='bbox 2775 2427 3039 2511; x_wconf 84' lang='lat' dir='ltr'>gratiam</span> 
     </span>
    </p>
   </div>
   <div class='ocr_carea' id='block_1_6' title="bbox 792 2521 1867 3688">
    <p class='ocr_par' dir='ltr' id='par_1_7' title="bbox 792 2521 1867 3688">
     <span class='ocr_line' id='line_1_22' title="bbox 793 2521 1867 2609; baseline 0.003 -25"><span class='ocrx_word' id='word_1_158' title='bbox 793 2526 871 2609; x_wconf 78' lang='grc' dir='ltr'><strong><em>τῇ</em></strong></span> <span class='ocrx_word' id='word_1_159' title='bbox 932 2525 1048 2584; x_wconf 71' lang='grc' dir='ltr'><strong><em>τοῖ’</em></strong></span> <span class='ocrx_word' id='word_1_160' title='bbox 1115 2523 1282 2586; x_wconf 75' lang='grc' dir='ltr'><strong><em>Θεοῦ</em></strong></span> <span class='ocrx_word' id='word_1_161' title='bbox 1349 2521 1561 2608; x_wconf 84' lang='grc' dir='ltr'><strong><em>χάριτι</em></strong></span> <span class='ocrx_word' id='word_1_162' title='bbox 1627 2522 1867 2588; x_wconf 81' lang='grc' dir='ltr'><strong><em>λοιπὸν</em></strong></span> 
     </span>
     <span class='ocr_line' id='line_1_23' title="bbox 793 2618 1865 2710; baseline 0.003 -28"><span class='ocrx_word' id='word_1_163' title='bbox 793 2618 1291 2708; x_wconf 77' lang='grc' dir='ltr'><strong><em>κατηντήσαμεν·</em></strong></span> <span class='ocrx_word' id='word_1_164' title='bbox 1375 2619 1534 2686; x_wconf 70' lang='grc' dir='ltr'><strong><em>ἀλλὰ</em></strong></span> <span class='ocrx_word' id='word_1_165' title='bbox 1603 2621 1688 2710; x_wconf 76' lang='grc' dir='ltr'>μὴ</span> <span class='ocrx_word' id='word_1_166' title='bbox 1755 2621 1865 2686; x_wconf 80' lang='grc' dir='ltr'>διὰ</span> 
     </span>
     <span class='ocr_line' id='line_1_24' title="bbox 793 2719 1867 2808; baseline -0.002 -26"><span class='ocrx_word' id='word_1_167' title='bbox 793 2724 983 2783; x_wconf 67' lang='grc' dir='ltr'><strong><em>τοῖ’-το</em></strong></span> <span class='ocrx_word' id='word_1_168' title='bbox 1002 2722 1412 2805; x_wconf 64' lang='grc' dir='ltr'><strong><em>ῥᾳθυμιῦμεν,</em></strong></span> <span class='ocrx_word' id='word_1_169' title='bbox 1448 2719 1677 2808; x_wconf 73' lang='grc' dir='ltr'><strong><em>ἐπειδὴ</em></strong></span> <span class='ocrx_word' id='word_1_170' title='bbox 1699 2721 1867 2806; x_wconf 63' lang='grc' dir='ltr'>πριῖς</span> 
     </span>
     <span class='ocr_line' id='line_1_25' title="bbox 792 2817 1864 2905; baseline 0.002 -24"><span class='ocrx_word' id='word_1_171' title='bbox 792 2817 906 2881; x_wconf 72' lang='grc' dir='ltr'>τὰν</span> <span class='ocrx_word' id='word_1_172' title='bbox 924 2817 1151 2901; x_wconf 81' lang='grc' dir='ltr'><strong><em>λιμένα</em></strong></span> <span class='ocrx_word' id='word_1_173' title='bbox 1175 2819 1672 2905; x_wconf 59' lang='grc' dir='ltr'><strong><em>κατηντήσαμεν,</em></strong></span> <span class='ocrx_word' id='word_1_174' title='bbox 1702 2817 1864 2883; x_wconf 76' lang='grc' dir='ltr'><strong><em>ἀλλὰ</em></strong></span> 
     </span>
     <span class='ocr_line' id='line_1_26' title="bbox 794 2916 1861 3001; baseline 0.002 -22"><span class='ocrx_word' id='word_1_175' title='bbox 794 2916 906 2980; x_wconf 76' lang='grc' dir='ltr'>διὰ</span> <span class='ocrx_word' id='word_1_176' title='bbox 951 2921 1144 2980; x_wconf 75' lang='grc' dir='ltr'><strong><em>τοῖτο</em></strong></span> <span class='ocrx_word' id='word_1_177' title='bbox 1192 2916 1657 3001; x_wconf 72' lang='grc' dir='ltr'><strong><em>σπουδάζωμεν</em></strong></span> <span class='ocrx_word' id='word_1_178' title='bbox 1700 2917 1861 3000; x_wconf 84' lang='grc' dir='ltr'><strong><em>μᾶλ-</em></strong></span> 
     </span>
     <span class='ocr_line' id='line_1_27' title="bbox 792 3012 1867 3102; baseline 0.001 -25"><span class='ocrx_word' id='word_1_179' title='bbox 792 3015 938 3094; x_wconf 88' lang='grc' dir='ltr'><strong><em>λον,</em></strong></span> <span class='ocrx_word' id='word_1_180' title='bbox 1014 3012 1241 3102; x_wconf 68' lang='grc' dir='ltr'><strong><em>ἐπειδὴ</em></strong></span> <span class='ocrx_word' id='word_1_181' title='bbox 1305 3014 1471 3097; x_wconf 73' lang='grc' dir='ltr'><strong><em>πρὸς</em></strong></span> <span class='ocrx_word' id='word_1_182' title='bbox 1538 3015 1614 3079; x_wconf 82' lang='grc' dir='ltr'><strong><em>τι)</em></strong></span> <span class='ocrx_word' id='word_1_183' title='bbox 1681 3015 1867 3093; x_wconf 87' lang='grc' dir='ltr'><strong><em>τέλος</em></strong></span> 
     </span>
     <span class='ocr_line' id='line_1_28' title="bbox 795 3111 1862 3199; baseline 0.003 -23"><span class='ocrx_word' id='word_1_184' title='bbox 795 3111 1199 3198; x_wconf 59' lang='grc' dir='ltr'><strong><em>ἐφθάσαμεν.</em></strong></span> <span class='ocrx_word' id='word_1_185' title='bbox 1318 3111 1500 3176; x_wconf 77' lang='grc' dir='ltr'><strong><em>Οἵτω</em></strong></span> <span class='ocrx_word' id='word_1_186' title='bbox 1569 3113 1686 3199; x_wconf 79' lang='grc' dir='ltr'>γὰρ</span> <span class='ocrx_word' id='word_1_187' title='bbox 1754 3113 1862 3179; x_wconf 82' lang='grc' dir='ltr'><strong><em>καὶ</em></strong></span> 
     </span>
     <span class='ocr_line' id='line_1_29' title="bbox 796 3207 1867 3296; baseline 0.002 -23"><span class='ocrx_word' id='word_1_188' title='bbox 796 3215 1169 3296; x_wconf 67' lang='grc' dir='ltr'><strong><em>κυβερνῆται</em></strong></span> <span class='ocrx_word' id='word_1_189' title='bbox 1219 3215 1542 3274; x_wconf 72' lang='grc' dir='ltr'><strong><em>ποιοῦσιν·</em></strong></span> <span class='ocrx_word' id='word_1_190' title='bbox 1595 3207 1867 3276; x_wconf 66' lang='grc' dir='ltr'><strong><em>ἐπειδάν</em></strong></span> 
     </span>
     <span class='ocr_line' id='line_1_30' title="bbox 794 3305 1863 3398; baseline 0.003 -28"><span class='ocrx_word' id='word_1_191' title='bbox 794 3307 1191 3395; x_wconf 64' lang='grc' dir='ltr'><strong><em>μυριοφόρον</em></strong></span> <span class='ocrx_word' id='word_1_192' title='bbox 1238 3305 1480 3371; x_wconf 72' lang='grc' dir='ltr'><strong><em>ὁλκάδα</em></strong></span> <span class='ocrx_word' id='word_1_193' title='bbox 1519 3310 1863 3398; x_wconf 60' lang='grc' dir='ltr'><strong><em>πεπληρω-</em></strong></span> 
     </span>
     <span class='ocr_line' id='line_1_31' title="bbox 794 3400 1864 3495; baseline 0.002 -26"><span class='ocrx_word' id='word_1_194' title='bbox 794 3407 988 3494; x_wconf 78' lang='grc' dir='ltr'><strong><em>μένην</em></strong></span> <span class='ocrx_word' id='word_1_195' title='bbox 1018 3412 1146 3471; x_wconf 73' lang='grc' dir='ltr'>τῶν</span> <span class='ocrx_word' id='word_1_196' title='bbox 1175 3400 1370 3470; x_wconf 82' lang='grc' dir='ltr'><strong><em>σίτων</em></strong></span> <span class='ocrx_word' id='word_1_197' title='bbox 1407 3406 1513 3471; x_wconf 84' lang='grc' dir='ltr'><strong><em>καὶ</em></strong></span> <span class='ocrx_word' id='word_1_198' title='bbox 1543 3413 1671 3472; x_wconf 78' lang='grc' dir='ltr'>τῶν</span> <span class='ocrx_word' id='word_1_199' title='bbox 1702 3430 1864 3495; x_wconf 74' lang='grc' dir='ltr'><strong><em>φορ-</em></strong></span> 
     </span>
     <span class='ocr_line' id='line_1_32' title="bbox 795 3501 1866 3594; baseline 0.002 -25"><span class='ocrx_word' id='word_1_200' title='bbox 795 3502 949 3569; x_wconf 85' lang='grc' dir='ltr'><strong><em>τίων</em></strong></span> <span class='ocrx_word' id='word_1_201' title='bbox 976 3501 1070 3581; x_wconf 76' lang='grc' dir='ltr'><strong><em>εῖς</em></strong></span> <span class='ocrx_word' id='word_1_202' title='bbox 1114 3503 1285 3594; x_wconf 67' lang='grc' dir='ltr'><strong><em>ὕψος</em></strong></span> <span class='ocrx_word' id='word_1_203' title='bbox 1326 3506 1745 3589; x_wconf 80' lang='grc' dir='ltr'><strong><em>συγκειμένων</em></strong></span> <span class='ocrx_word' id='word_1_204' title='bbox 1774 3501 1866 3582; x_wconf 80' lang='grc' dir='ltr'><strong><em>εἷς</em></strong></span> 
     </span>
     <span class='ocr_line' id='line_1_33' title="bbox 797 3598 1864 3688; baseline 0.001 -21"><span class='ocrx_word' id='word_1_205' title='bbox 797 3603 1007 3687; x_wconf 77' lang='grc' dir='ltr'><strong><em>στόμα</em></strong></span> <span class='ocrx_word' id='word_1_206' title='bbox 1068 3601 1325 3686; x_wconf 83' lang='grc' dir='ltr'><strong><em>λιμένος</em></strong></span> <span class='ocrx_word' id='word_1_207' title='bbox 1382 3598 1659 3688; x_wconf 76' lang='grc' dir='ltr'><strong><em>εἰσάγειν</em></strong></span> <span class='ocrx_word' id='word_1_208' title='bbox 1712 3602 1864 3688; x_wconf 88' lang='grc' dir='ltr'><strong><em>μέλ-</em></strong></span> 
     </span>
    </p>
   </div>
   <div class='ocr_carea' id='block_1_7' title="bbox 986 3818 1855 3889">
    <p class='ocr_par' dir='ltr' id='par_1_8' title="bbox 986 3818 1855 3889">
     <span class='ocr_line' id='line_1_34' title="bbox 986 3818 1855 3889; baseline 0.001 -17"><span class='ocrx_word' id='word_1_209' title='bbox 986 3819 1024 3885; x_wconf 85' lang='lat'>¹)</span> <span class='ocrx_word' id='word_1_210' title='bbox 1064 3818 1191 3873; x_wconf 86' lang='lat' dir='ltr'>Ibid.</span> <span class='ocrx_word' id='word_1_211' title='bbox 1230 3824 1267 3872; x_wconf 82' lang='lat' dir='ltr'>t.</span> <span class='ocrx_word' id='word_1_212' title='bbox 1307 3820 1393 3885; x_wconf 77' lang='lat'>42,</span> <span class='ocrx_word' id='word_1_213' title='bbox 1432 3836 1515 3889; x_wconf 82' lang='lat' dir='ltr'>pp.</span> <span class='ocrx_word' id='word_1_214' title='bbox 1554 3821 1855 3875; x_wconf 66' lang='lat' dir='ltr'>sev-ses.</span> 
     </span>
    </p>
   </div>
   <div class='ocr_carea' id='block_1_8' title="bbox 1972 2523 3040 3002">
    <p class='ocr_par' dir='ltr' id='par_1_9' title="bbox 1972 2523 3040 3002">
     <span class='ocr_line' id='line_1_35' title="bbox 1974 2523 3037 2609; baseline -0.002 -20"><span class='ocrx_word' id='word_1_215' title='bbox 1974 2526 2049 2589; x_wconf 80' lang='lat' dir='ltr'>ad</span> <span class='ocrx_word' id='word_1_216' title='bbox 2114 2529 2363 2609; x_wconf 90' lang='lat' dir='ltr'>portum</span> <span class='ocrx_word' id='word_1_217' title='bbox 2415 2525 2548 2609; x_wconf 74' lang='lat' dir='ltr'>jam</span> <span class='ocrx_word' id='word_1_218' title='bbox 2612 2523 3037 2608; x_wconf 87' lang='lat' dir='ltr'>pervenimus:</span> 
     </span>
     <span class='ocr_line' id='line_1_36' title="bbox 1975 2624 3039 2709; baseline -0.001 -21"><span class='ocrx_word' id='word_1_219' title='bbox 1975 2624 2085 2688; x_wconf 87' lang='lat' dir='ltr'>sed</span> <span class='ocrx_word' id='word_1_220' title='bbox 2145 2644 2222 2689; x_wconf 91' lang='lat' dir='ltr'>ne</span> <span class='ocrx_word' id='word_1_221' title='bbox 2272 2624 2408 2688; x_wconf 92' lang='lat' dir='ltr'>ideo</span> <span class='ocrx_word' id='word_1_222' title='bbox 2456 2624 2848 2709; x_wconf 80' lang='lat' dir='ltr'>negligenter</span> <span class='ocrx_word' id='word_1_223' title='bbox 2895 2643 3039 2708; x_wconf 84' lang='lat' dir='ltr'>aga-</span> 
     </span>
     <span class='ocr_line' id='line_1_37' title="bbox 1976 2715 3040 2806; baseline -0.001 -19"><span class='ocrx_word' id='word_1_224' title='bbox 1976 2743 2144 2801; x_wconf 83' lang='lat' dir='ltr'>muS‚</span> <span class='ocrx_word' id='word_1_225' title='bbox 2190 2715 2372 2806; x_wconf 70' lang='lat' dir='ltr'>‘quod</span> <span class='ocrx_word' id='word_1_226' title='bbox 2424 2723 2501 2787; x_wconf 89' lang='lat' dir='ltr'>ad</span> <span class='ocrx_word' id='word_1_227' title='bbox 2550 2730 2794 2806; x_wconf 80' lang='lat' dir='ltr'>portum</span> <span class='ocrx_word' id='word_1_228' title='bbox 2847 2743 3040 2806; x_wconf 88' lang='lat' dir='ltr'>appu-</span> 
     </span>
     <span class='ocr_line' id='line_1_38' title="bbox 1972 2820 3038 2903; baseline -0.002 -18"><span class='ocrx_word' id='word_1_229' title='bbox 1972 2820 2261 2900; x_wconf 88' lang='lat' dir='ltr'>lerimus;</span> <span class='ocrx_word' id='word_1_230' title='bbox 2343 2821 2469 2886; x_wconf 92' lang='lat' dir='ltr'>imo</span> <span class='ocrx_word' id='word_1_231' title='bbox 2537 2821 2675 2885; x_wconf 84' lang='lat' dir='ltr'>ideo</span> <span class='ocrx_word' id='word_1_232' title='bbox 2742 2820 3038 2903; x_wconf 84' lang='lat' dir='ltr'>majorem</span> 
     </span>
     <span class='ocr_line' id='line_1_39' title="bbox 1974 2918 3038 3002; baseline -0.001 -19"><span class='ocrx_word' id='word_1_233' title='bbox 1974 2940 2182 2983; x_wconf 87' lang='lat' dir='ltr'>curam</span> <span class='ocrx_word' id='word_1_234' title='bbox 2220 2918 2647 2996; x_wconf 81' lang='lat' dir='ltr'>adhibeamuS,</span> <span class='ocrx_word' id='word_1_235' title='bbox 2683 2919 2826 3002; x_wconf 83' lang='lat' dir='ltr'>quia</span> <span class='ocrx_word' id='word_1_236' title='bbox 2851 2919 3038 2983; x_wconf 84' lang='lat' dir='ltr'>finem</span> 
     </span>
    </p>
   </div>
   <div class='ocr_carea' id='block_1_9' title="bbox 1975 3017 3145 3104">
    <p class='ocr_par' dir='ltr' id='par_1_10' title="bbox 1975 3017 3145 3104">
     <span class='ocr_line' id='line_1_40' title="bbox 1975 3017 3145 3104; baseline -0.001 -22"><span class='ocrx_word' id='word_1_237' title='bbox 1975 3019 2312 3104; x_wconf 82' lang='lat' dir='ltr'>attigimus.</span> <span class='ocrx_word' id='word_1_238' title='bbox 2383 3017 2485 3081; x_wconf 88' lang='lat' dir='ltr'>Sic</span> <span class='ocrx_word' id='word_1_239' title='bbox 2516 3018 2681 3082; x_wconf 88' lang='lat' dir='ltr'>enim</span> <span class='ocrx_word' id='word_1_240' title='bbox 2726 3022 2787 3082; x_wconf 92' lang='lat' dir='ltr'>et</span> <span class='ocrx_word' id='word_1_241' title='bbox 2814 3018 3042 3102; x_wconf 88' lang='lat' dir='ltr'>guber·</span> <span class='ocrx_word' id='word_1_242' title='bbox 3138 3027 3145 3034; x_wconf 88' lang='lat'>&#39;</span> 
     </span>
    </p>
   </div>
   <div class='ocr_carea' id='block_1_10' title="bbox 1974 3116 3043 3689">
    <p class='ocr_par' dir='ltr' id='par_1_11' title="bbox 1974 3116 3043 3689">
     <span class='ocr_line' id='line_1_41' title="bbox 1975 3116 3037 3199; baseline -0.001 -19"><span class='ocrx_word' id='word_1_243' title='bbox 1975 3122 2225 3180; x_wconf 85' lang='lat' dir='ltr'>natores</span> <span class='ocrx_word' id='word_1_244' title='bbox 2245 3116 2511 3180; x_wconf 84' lang='lat' dir='ltr'>faciunt:</span> <span class='ocrx_word' id='word_1_245' title='bbox 2550 3116 2796 3199; x_wconf 83' lang='lat' dir='ltr'>quando</span> <span class='ocrx_word' id='word_1_246' title='bbox 2819 3136 3037 3180; x_wconf 88' lang='lat' dir='ltr'>navem</span> 
     </span>
     <span class='ocr_line' id='line_1_42' title="bbox 1975 3214 3043 3297; baseline 0 -19"><span class='ocrx_word' id='word_1_247' title='bbox 1975 3214 2318 3279; x_wconf 82' lang='lat' dir='ltr'>onerariam</span> <span class='ocrx_word' id='word_1_248' title='bbox 2356 3215 2669 3279; x_wconf 86' lang='lat' dir='ltr'>frumento</span> <span class='ocrx_word' id='word_1_249' title='bbox 2712 3219 2898 3297; x_wconf 82' lang='lat' dir='ltr'>atque</span> <span class='ocrx_word' id='word_1_250' title='bbox 2930 3214 3043 3278; x_wconf 91' lang='lat' dir='ltr'>im-</span> 
     </span>
     <span class='ocr_line' id='line_1_43' title="bbox 1975 3312 3037 3377; baseline -0.001 -1"><span class='ocrx_word' id='word_1_251' title='bbox 1975 3314 2139 3377; x_wconf 85' lang='lat' dir='ltr'>mani</span> <span class='ocrx_word' id='word_1_252' title='bbox 2191 3313 2488 3377; x_wconf 79' lang='lat' dir='ltr'>mercium</span> <span class='ocrx_word' id='word_1_253' title='bbox 2542 3312 2705 3377; x_wconf 90' lang='lat' dir='ltr'>mole</span> <span class='ocrx_word' id='word_1_254' title='bbox 2753 3318 3037 3376; x_wconf 81' lang='lat' dir='ltr'>onustam</span> 
     </span>
     <span class='ocr_line' id='line_1_44' title="bbox 1975 3411 3039 3494; baseline -0.001 -19"><span class='ocrx_word' id='word_1_255' title='bbox 1975 3412 2047 3475; x_wconf 83' lang='lat' dir='ltr'>ad</span> <span class='ocrx_word' id='word_1_256' title='bbox 2072 3416 2283 3494; x_wconf 86' lang='lat' dir='ltr'>portus</span> <span class='ocrx_word' id='word_1_257' title='bbox 2299 3412 2524 3475; x_wconf 86' lang='lat' dir='ltr'>ostium</span> <span class='ocrx_word' id='word_1_258' title='bbox 2544 3411 2852 3475; x_wconf 85' lang='lat' dir='ltr'>inducturi</span> <span class='ocrx_word' id='word_1_259' title='bbox 2877 3418 3039 3483; x_wconf 81' lang='lat' dir='ltr'>sunt,</span> 
     </span>
     <span class='ocr_line' id='line_1_45' title="bbox 1975 3507 3041 3587; baseline 0 -15"><span class='ocrx_word' id='word_1_260' title='bbox 1975 3530 2154 3573; x_wconf 79' lang='lat' dir='ltr'>anxie</span> <span class='ocrx_word' id='word_1_261' title='bbox 2221 3515 2283 3574; x_wconf 88' lang='lat' dir='ltr'>et</span> <span class='ocrx_word' id='word_1_262' title='bbox 2329 3507 2587 3573; x_wconf 85' lang='lat' dir='ltr'>sollicite</span> <span class='ocrx_word' id='word_1_263' title='bbox 2645 3514 2897 3587; x_wconf 80' lang='lat' dir='ltr'>curant,</span> <span class='ocrx_word' id='word_1_264' title='bbox 2968 3530 3041 3572; x_wconf 87' lang='lat' dir='ltr'>ne</span> 
     </span>
     <span class='ocr_line' id='line_1_46' title="bbox 1974 3607 3039 3689; baseline 0.001 -20"><span class='ocrx_word' id='word_1_265' title='bbox 1974 3611 2116 3689; x_wconf 86' lang='lat' dir='ltr'>post</span> <span class='ocrx_word' id='word_1_266' title='bbox 2176 3612 2350 3671; x_wconf 81' lang='lat' dir='ltr'>tanta</span> <span class='ocrx_word' id='word_1_267' title='bbox 2410 3608 2777 3671; x_wconf 78' lang='lat' dir='ltr'>transmissa</span> <span class='ocrx_word' id='word_1_268' title='bbox 2825 3607 3039 3681; x_wconf 79' lang='lat' dir='ltr'>maria,</span> 
     </span>
    </p>
   </div>
   <div class='ocr_carea' id='block_1_11' title="bbox 793 3898 3043 4049">
    <p class='ocr_par' dir='ltr' id='par_1_12' title="bbox 793 3898 3043 4049">
     <span class='ocr_line' id='line_1_47' title="bbox 973 3898 3043 3970; baseline 0 -17"><span class='ocrx_word' id='word_1_269' title='bbox 973 3898 1165 3965; x_wconf 81' lang='lat' dir='ltr'>²)Cf1·.</span> <span class='ocrx_word' id='word_1_270' title='bbox 1205 3899 1587 3953; x_wconf 75' lang='lat' dir='ltr'>constitut.</span> <span class='ocrx_word' id='word_1_271' title='bbox 1627 3901 1997 3969; x_wconf 81' lang='lat' dir='ltr'>apostolic.</span> <span class='ocrx_word' id='word_1_272' title='bbox 2051 3901 2084 3954; x_wconf 92' lang='lat'>1.</span> <span class='ocrx_word' id='word_1_273' title='bbox 2123 3901 2174 3966; x_wconf 81' lang='lat'>5,</span> <span class='ocrx_word' id='word_1_274' title='bbox 2228 3917 2271 3954; x_wconf 85' lang='lat' dir='ltr'>c.</span> <span class='ocrx_word' id='word_1_275' title='bbox 2313 3903 2407 3965; x_wconf 86' lang='lat'>18;</span> <span class='ocrx_word' id='word_1_276' title='bbox 2463 3899 2582 3955; x_wconf 85' lang='lat' dir='ltr'>ibid.</span> <span class='ocrx_word' id='word_1_277' title='bbox 2631 3907 2669 3955; x_wconf 92' lang='lat' dir='ltr'>t.</span> <span class='ocrx_word' id='word_1_278' title='bbox 2714 3903 2759 3966; x_wconf 83' lang='lat'>1,</span> <span class='ocrx_word' id='word_1_279' title='bbox 2815 3917 2898 3970; x_wconf 88' lang='lat' dir='ltr'>pp.</span> <span class='ocrx_word' id='word_1_280' title='bbox 2937 3902 3043 3954; x_wconf 82' lang='grc'>889</span> 
     </span>
     <span class='ocr_line' id='line_1_48' title="bbox 793 3979 3042 4049; baseline 0.001 -17"><span class='ocrx_word' id='word_1_281' title='bbox 793 3980 985 4046; x_wconf 75' lang='grc'>-890,</span> <span class='ocrx_word' id='word_1_282' title='bbox 1025 3985 1079 4032; x_wconf 87' lang='lat' dir='ltr'>et</span> <span class='ocrx_word' id='word_1_283' title='bbox 1115 3997 1156 4032; x_wconf 74' lang='lat' dir='ltr'>S.</span> <span class='ocrx_word' id='word_1_284' title='bbox 1197 3979 1429 4049; x_wconf 83' lang='lat' dir='ltr'>Cyrill.</span> <span class='ocrx_word' id='word_1_285' title='bbox 1469 3979 1993 4049; x_wconf 85' lang='lat' dir='ltr'>Hierosolymit.</span> <span class='ocrx_word' id='word_1_286' title='bbox 2037 3981 2311 4034; x_wconf 62' lang='lat' dir='ltr'>CatecheS.</span> <span class='ocrx_word' id='word_1_287' title='bbox 2357 3984 2437 4047; x_wconf 74' lang='lat'>18,</span> <span class='ocrx_word' id='word_1_288' title='bbox 2478 3997 2527 4035; x_wconf 91' lang='lat' dir='ltr'>n.</span> <span class='ocrx_word' id='word_1_289' title='bbox 2571 3982 2664 4045; x_wconf 75' lang='lat'>173</span> <span class='ocrx_word' id='word_1_290' title='bbox 2714 3981 2834 4035; x_wconf 88' lang='lat' dir='ltr'>ibid.</span> <span class='ocrx_word' id='word_1_291' title='bbox 2874 3986 2915 4033; x_wconf 89' lang='lat' dir='ltr'>t.</span> <span class='ocrx_word' id='word_1_292' title='bbox 2954 3982 3042 4045; x_wconf 84' lang='lat'>33,</span> 
     </span>
    </p>
   </div>
   <div class='ocr_carea' id='block_1_12' title="bbox 793 4061 1745 4204">
    <p class='ocr_par' dir='ltr' id='par_1_13' title="bbox 793 4061 1745 4204">
     <span class='ocr_line' id='line_1_49' title="bbox 793 4061 1286 4128; baseline 0 -17"><span class='ocrx_word' id='word_1_293' title='bbox 793 4074 876 4128; x_wconf 87' lang='lat' dir='ltr'>pp.</span> <span class='ocrx_word' id='word_1_294' title='bbox 919 4061 1286 4114; x_wconf 75' lang='lat'>1037—1038.</span> 
     </span>
     <span class='ocr_line' id='line_1_50' title="bbox 977 4138 1745 4204; baseline 0.003 -12"><span class='ocrx_word' id='word_1_295' title='bbox 977 4142 1018 4204; x_wconf 84' lang='lat'>¹)</span> <span class='ocrx_word' id='word_1_296' title='bbox 1059 4138 1141 4192; x_wconf 81' lang='lat' dir='ltr'>Ita</span> <span class='ocrx_word' id='word_1_297' title='bbox 1179 4156 1219 4192; x_wconf 89' lang='lat' dir='ltr'>S.</span> <span class='ocrx_word' id='word_1_298' title='bbox 1259 4138 1587 4193; x_wconf 83' lang='lat' dir='ltr'>irenaeus</span> <span class='ocrx_word' id='word_1_299' title='bbox 1628 4141 1660 4193; x_wconf 94' lang='lat' dir='ltr'>l.</span> <span class='ocrx_word' id='word_1_300' title='bbox 1701 4157 1745 4194; x_wconf 87' lang='lat' dir='ltr'>c.</span> 
     </span>
    </p>
   </div>
   <div class='ocr_carea' id='block_1_13' title="bbox 791 4220 3042 4449">
    <p class='ocr_par' dir='ltr' id='par_1_14' title="bbox 791 4220 3042 4449">
     <span class='ocr_line' id='line_1_51' title="bbox 974 4220 2221 4290; baseline 0.002 -18"><span class='ocrx_word' id='word_1_301' title='bbox 974 4220 1017 4284; x_wconf 88' lang='lat'>⁴)</span> <span class='ocrx_word' id='word_1_302' title='bbox 1058 4221 1205 4289; x_wconf 79' lang='lat' dir='ltr'>Apud</span> <span class='ocrx_word' id='word_1_303' title='bbox 1246 4220 1433 4287; x_wconf 69' lang='lat' dir='ltr'>migne,</span> <span class='ocrx_word' id='word_1_304' title='bbox 1476 4220 1617 4273; x_wconf 83' lang='lat' dir='ltr'>Patr.</span> <span class='ocrx_word' id='word_1_305' title='bbox 1656 4223 1690 4275; x_wconf 91' lang='lat' dir='ltr'>l.</span> <span class='ocrx_word' id='word_1_306' title='bbox 1732 4227 1771 4275; x_wconf 90' lang='lat' dir='ltr'>t.</span> <span class='ocrx_word' id='word_1_307' title='bbox 1817 4223 1932 4283; x_wconf 90' lang='grc'>101,</span> <span class='ocrx_word' id='word_1_308' title='bbox 1974 4237 2020 4290; x_wconf 88' lang='lat' dir='ltr'>p.</span> <span class='ocrx_word' id='word_1_309' title='bbox 2065 4223 2221 4276; x_wconf 74' lang='lat'>1202.</span> 
     </span>
     <span class='ocr_line' id='line_1_52' title="bbox 973 4299 3038 4371; baseline 0.001 -19"><span class='ocrx_word' id='word_1_310' title='bbox 973 4299 1016 4364; x_wconf 71' lang='lat' dir='ltr'>z.)</span> <span class='ocrx_word' id='word_1_311' title='bbox 1058 4300 1215 4352; x_wconf 85' lang='lat' dir='ltr'>Hom.</span> <span class='ocrx_word' id='word_1_312' title='bbox 1255 4301 1309 4354; x_wconf 76' lang='lat'>1⁰11</span> <span class='ocrx_word' id='word_1_313' title='bbox 1358 4316 1537 4368; x_wconf 70' lang='lat' dir='ltr'>mayn.</span> <span class='ocrx_word' id='word_1_314' title='bbox 1588 4301 1831 4355; x_wconf 76' lang='lat' dir='ltr'>hebdom.</span> <span class='ocrx_word' id='word_1_315' title='bbox 1885 4307 1939 4353; x_wconf 83' lang='lat' dir='ltr'>et</span> <span class='ocrx_word' id='word_1_316' title='bbox 1984 4302 2039 4354; x_wconf 82' lang='lat' dir='ltr'>in</span> <span class='ocrx_word' id='word_1_317' title='bbox 2067 4319 2157 4370; x_wconf 80' lang='lat' dir='ltr'>ps.</span> <span class='ocrx_word' id='word_1_318' title='bbox 2199 4302 2345 4368; x_wconf 81' lang='lat'><strong><em>145,</em></strong></span> <span class='ocrx_word' id='word_1_319' title='bbox 2396 4303 2515 4356; x_wconf 90' lang='lat' dir='ltr'>ibid.</span> <span class='ocrx_word' id='word_1_320' title='bbox 2565 4302 2707 4355; x_wconf 81' lang='lat' dir='ltr'>Patr.</span> <span class='ocrx_word' id='word_1_321' title='bbox 2747 4319 2826 4371; x_wconf 89' lang='lat' dir='ltr'>gr.</span> <span class='ocrx_word' id='word_1_322' title='bbox 2875 4308 2913 4355; x_wconf 92' lang='lat' dir='ltr'>t.</span> <span class='ocrx_word' id='word_1_323' title='bbox 2953 4304 3038 4367; x_wconf 77' lang='lat'>55,</span> 
     </span>
     <span class='ocr_line' id='line_1_53' title="bbox 791 4379 3042 4449; baseline 0.002 -18"><span class='ocrx_word' id='word_1_324' title='bbox 791 4395 872 4448; x_wconf 87' lang='lat' dir='ltr'>pp.</span> <span class='ocrx_word' id='word_1_325' title='bbox 913 4381 1212 4433; x_wconf 74' lang='lat'>519—520.</span> <span class='ocrx_word' id='word_1_326' title='bbox 1290 4379 1526 4433; x_wconf 84' lang='lat' dir='ltr'>Alteram</span> <span class='ocrx_word' id='word_1_327' title='bbox 1563 4380 1624 4434; x_wconf 88' lang='lat' dir='ltr'>de</span> <span class='ocrx_word' id='word_1_328' title='bbox 1665 4381 1844 4434; x_wconf 83' lang='lat' dir='ltr'>eodem</span> <span class='ocrx_word' id='word_1_329' title='bbox 1880 4387 2186 4449; x_wconf 75' lang='lat' dir='ltr'>argumento</span> <span class='ocrx_word' id='word_1_330' title='bbox 2222 4382 2482 4436; x_wconf 80' lang='lat' dir='ltr'>homiliam</span> <span class='ocrx_word' id='word_1_331' title='bbox 2521 4382 2678 4436; x_wconf 83' lang='lat' dir='ltr'>habes</span> <span class='ocrx_word' id='word_1_332' title='bbox 2716 4381 2835 4436; x_wconf 91' lang='lat' dir='ltr'>ibid.</span> <span class='ocrx_word' id='word_1_333' title='bbox 2875 4387 2914 4435; x_wconf 89' lang='lat' dir='ltr'>t.</span> <span class='ocrx_word' id='word_1_334' title='bbox 2952 4383 3042 4447; x_wconf 59' lang='lat'>53.</span> 
     </span>
    </p>
   </div>
   <div class='ocr_carea' id='block_1_14' title="bbox 796 4461 1205 4529">
    <p class='ocr_par' dir='ltr' id='par_1_15' title="bbox 796 4461 1205 4529">
     <span class='ocr_line' id='line_1_54' title="bbox 796 4461 1205 4529; baseline -0.002 -17"><span class='ocrx_word' id='word_1_335' title='bbox 796 4475 878 4528; x_wconf 92' lang='lat' dir='ltr'>pp.</span> <span class='ocrx_word' id='word_1_336' title='bbox 919 4461 986 4513; x_wconf 80' lang='lat'>27</span> <span class='ocrx_word' id='word_1_337' title='bbox 991 4461 1024 4513; x_wconf 87' lang='lat'><strong>3</strong></span> <span class='ocrx_word' id='word_1_338' title='bbox 1062 4475 1205 4529; x_wconf 87' lang='lat' dir='ltr'>seqq.</span> 
     </span>
    </p>
   </div>
  </div>
 </body>
</html>
