3514 5391
750 494 789 555 4'
1227 492 1232 501 ’
1336 499 1496 556 Festa
1531 496 1739 557 mobilia
1778 504 1897 558 ante
1935 493 2408 574 Quadragesimam.

756 612 2936 625 —---„--—‘———-—.—-—-——.—————————————-—————v———--0-——-——-—-——a—

752 700 923 786 galia
965 702 1283 787 exigerent
1347 700 1561 786 (gall.
1600 712 1977 789 perceptam·
2037 702 2367 790 damma,
2430 725 2668 791 germ.
2719 705 2997 770 Zollein-

748 799 1062 884 ποῆτηεν),
1131 800 1359 885 quique
1418 795 1850 886 ὕποὸημόσιοι
1914 801 2326 880 vocabantur3
2400 808 2460 867 et
2531 805 2765 888 passim
2836 804 2998 869 male

751 898 1082 963 audiebant
1141 918 1265 962 non
1327 898 1529 962 solum
1590 900 1651 963 in
1711 898 1957 983 legibus
1983 900 2065 981 1),
2142 902 2250 965 sed
2310 906 2372 965 et
2432 904 2596 985 apud
2658 904 2995 987 scriptores

755 996 1046 1062 classicos
1108 995 1573 1062 Ciceronem
1635 997 1713 1060 cle
1774 997 1938 1083 offic.
1989 999 2028 1062 l.
2083 1001 2153 1076 1,
2219 1019 2272 1067 c.
2327 1000 2446 1078 42,
2511 1006 2574 1065 et
2625 1001 2996 1066 Tacitum

751 1094 991 1163 Annal.
1053 1095 1092 1162 l.
1149 1095 1262 1173 13,
1330 1115 1383 1161 c.
1432 1095 1556 1159 50:
1625 1097 1791 1179 quod
1839 1097 2166 1175 nimirum,
2234 1102 2303 1162 ut
2347 1098 2538 1163 citata
2582 1099 2683 1165 lex
2742 1099 2821 1163 de
2870 1099 3000 1185 Zeye

751 1193 1008 1266 Rhodia
1038 1197 1318 1269 testatur,
1372 1194 1552 1278 culpa
1585 1199 1836 1278 apertae
1870 1194 2214 1272 violentiae,
2263 1196 2715 1264 inverecundae
2744 1199 2997 1283 rapinae

752 1290 1135 1375 aliorumque
1182 1292 1691 1376 gravissimorum
1743 1292 2052 1357 scelerum
2097 1314 2221 1358 non
2270 1302 2574 1362 carerent.

927 1398 1163 1463 Prioris
1211 1400 1457 1483 generis
1506 1399 1819 1483 publicani
1869 1401 2202 1464 maximam
2254 1408 2315 1466 et
2354 1405 2850 1486 potentissimam
2899 1425 2998 1469 so-

752 1497 1040 1563 cietatem
1086 1498 1149 1561 in
1200 1497 1373 1561 Urbe
1400 1537 1405 1542 -
1435 1498 1927 1575 constituebant,
1989 1503 2242 1583 eratque
2291 1521 2503 1566 eorum
2553 1523 2779 1568 munus
2837 1503 2999 1587 apud

758 1593 1070 1659 Romanos
1117 1594 1650 1673 honestissimum,
1700 1597 1864 1679 quod
1916 1616 1987 1660 ex
2019 1596 2456 1686 florentissimo
2487 1602 2698 1665 ordine
2729 1603 3000 1684 equestri

754 1693 862 1776 qui
924 1682 1246 1777 vectigalia
1309 1693 1516 1777 populi
1578 1693 1843 1758 Romani
1906 1688 2295 1774 exercerent,
2365 1684 2573 1762 essent
2621 1698 2877 1775 delecti,
2932 1702 3001 1763 ut

755 1790 1043 1856 Cicero
1090 1790 1128 1856 l.
1168 1792 1267 1855 13.
1320 1792 1408 1854 ad
1455 1792 1737 1855 diversos
1785 1795 1966 1878 epist.
2022 1795 2078 1869 1,
2129 1799 2192 1858 et
2224 1807 2386 1861 orat.
2419 1819 2535 1882 pro
2569 1796 2805 1860 Planco
2854 1817 2906 1861 c.
2935 1799 2996 1874 9,

756 1894 817 1953 et
865 1888 1146 1954 Livius
1194 1889 1232 1955 l.
1284 1890 1389 1967 25,
1441 1911 1493 1955 c.
1530 1890 1590 1967 3,
1642 1891 2013 1975 significant.
2086 1893 2273 1976 Apud
2300 1894 2574 1960 Judaeos
2606 1915 2771 1972 vero,
2821 1915 2999 1978 prae-

753 1987 969 2052 sertim
1018 1986 1245 2052 Christi
1294 1991 1594 2073 tempore‚
1645 1989 1707 2053 id
1754 1990 2033 2055 muneris
2079 1993 2427 2076 generatim
2475 1993 2759 2058 odiosum
2809 1998 2870 2057 et
2906 1992 2998 2056 in-

754 2085 918 2151 fame
965 2085 1350 2162 habebatur,
1417 2088 1693 2170 adeoque
1759 2108 1795 2152 a
1841 2088 2308 2173 magistratibus
2357 2090 2621 2174 publicis
2673 2111 2799 2157 una
2858 2111 3001 2156 cum

753 2185 1014 2250 caeteris
1075 2186 1359 2270 turpibus
1421 2188 1703 2269 personis
1763 2186 2242 2270 prohibebatur,
2313 2189 2459 2272 quin
2526 2193 2587 2254 et
2649 2190 2727 2255 ab
2785 2209 3001 2254 eorum

756 2284 1199 2348 consuetudine
1257 2289 1325 2348 ut
1371 2283 1781 2361 ethnicorum,
1848 2286 2012 2368 quod
2061 2291 2420 2369 peccatores
2469 2286 2702 2370 publici
2748 2291 2998 2370 reputa-

753 2386 985 2458 rentur,
1035 2382 1260 2447 Judaei
1308 2381 1726 2447 abhorrebant
1764 2383 1944 2465 juxta
1988 2382 2141 2449 illud
2190 2383 2420 2450 Christi
2468 2385 2693 2450 Matth.
2730 2385 2832 2462 18,
2888 2384 2998 2448 17:

757 2479 858 2545 Sit
902 2479 1021 2544 tibi
1068 2490 1369 2565 tanquam
1417 2481 1692 2544 ethnicus
1755 2491 1815 2543 et
1845 2480 2257 2567 publicanus,
2349 2482 2423 2547 Id
2469 2503 2544 2551 ea
2589 2484 2855 2548 maxime
2901 2503 3000 2548 ra-

756 2580 939 2651 tione,
991 2580 1155 2663 quod
1202 2579 1265 2642 in
1313 2578 1786 2662 publicanorum
1832 2580 2253 2665 negotiatione
2302 2581 2533 2647 multae
2565 2582 2701 2647 fieri
2731 2582 3003 2647 solerent

754 2677 1087 2761 injustitiae
1134 2682 1197 2742 et
1243 2678 1600 2744 vexationes
1646 2677 1998 2743 debitorum
2024 2679 2110 2762 Σ’”);
2163 2701 2353 2764 quum
2395 2701 2539 2746 vero
2564 2679 3000 2745 Hebraeorum

754 2797 910 2863 gens
955 2777 1218 2842 liberam
1265 2797 1332 2842 se
1381 2798 1537 2855 esse,
1600 2782 1817 2861 utpote
1864 2798 1939 2842 ex
1984 2779 2347 2844 Abrahamo
2409 2784 2629 2857 ortam,
2694 2783 2997 2853 censeret,

759 2878 834 2940 ad
881 2877 1279 2960 pendendum
1328 2876 1629 2940 tributum
1676 2896 1789 2961 per
1834 2897 1940 2942 eos
1989 2877 2125 2961 cogi
2160 2879 2426 2942 maxime
2474 2877 2757 2942 odiosum
2805 2876 3000 2941 habe-

759 2976 925 3053 bant,
991 2975 1353 3059 praesertim
1406 2976 1457 3039 si
1506 2975 1609 3057 qui
1660 2995 1734 3039 ex
1783 2995 1896 3040 sua
1940 2979 2127 3060 gente
2174 2977 2238 3041 id
2285 2976 2559 3041 muneris
2617 2996 2728 3060 pro
2777 2975 3002 3040 Roma-

756 3073 850 3137 nis
898 3073 1435 3152 administrarent3
1485 3078 1633 3137 tunc
1682 3073 1997 3139 enimvero
2036 3073 2376 3160 publicani
2419 3076 2734 3160 neyotium
2755 3084 3001 3161 postre-

760 3194 923 3235 mum
972 3172 1245 3235 omnium
1290 3170 1601 3234 malorum
1623 3171 1673 3256 3)
1722 3171 2090 3237 habebatur.

1443 3331 1819 3415 Φαρισαῖος.
1915 3333 2321 3398 Pharisaeus.

947 3477 1307 3558 Φαρισαῖον
1354 3480 1589 3540 attenta
1639 3477 1692 3540 vi
1741 3477 2167 3562 originationis
2217 3477 2499 3543 vocabuli
2547 3478 2612 3561 (a
2659 3478 2846 3543 verbo
2894 3477 3003 3542 he-

762 3575 947 3640 braeo
1014 3574 1356 3651 Pharas,
1426 3576 1778 3660 separavit)
1861 3576 2023 3640 idem
2097 3577 2494 3660 synaxarium
2563 3577 3005 3660 iuterpretatur

759 3675 943 3760 quasi
1003 3673 1272 3737 divisum
1334 3698 1408 3736 ac
1456 3686 1821 3759 separatum
1882 3695 1918 3738 a
1964 3674 2144 3759 plebe
2204 3667 2428 3756 (οἱονεὶ
2484 3670 3006 3759 ἄποκεκομμένος

758 3794 858 3847 τις
905 3769 1163 3857 δῆθεν),
1232 3776 1415 3855 atque
1478 3773 1653 3850 inde,
1717 3774 1882 3856 quod
1943 3774 2022 3837 ad
2068 3793 2204 3837 rem
2248 3774 2450 3857 ipsam
2497 3773 3000 3838 vocabulo‘sub-

750 3872 1003 3952 jectam,
1055 3869 1367 3934 hominem
1420 3871 1525 3953 qui
1560 3872 1911 3954 puritatem,
1962 3871 2434 3936 sanctimoniam
2466 3869 2738 3958 Zeyisque
2770 3871 3002 3936 cultum

946 4049 986 4116 ¹)
1025 4048 1151 4102 Ibid.
1191 4048 1390 4117 legibus
1429 4050 1516 4102 cit.

941 4127 987 4196 ²)
1035 4127 1292 4193 Τελώνης,
1330 4129 1493 4198 inquit
1532 4128 1878 4199 synaxarium,
1917 4127 1946 4180 ὁ
1987 4128 2051 4180 ια’
2090 4131 2210 4196 τέλη
2242 4129 2351 4181 ἀπὸ
2389 4133 2497 4182 τῶν
2532 4127 2827 4200 ἀρχόντων
2861 4129 3002 4200 λαμ-

760 4207 945 4274 βάνων
980 4212 1069 4259 καὶ
1106 4208 1179 4259 δι’
1206 4210 1379 4280 ἄκραν
1404 4208 1625 4260 ἀδικίαν
1648 4208 1963 4279 ὠνούμενος
1997 4212 2086 4260 καὶ
2123 4209 2571 4281 παρακερδαίνων
2607 4210 2884 4263 ἐντεῦθεν.

946 4289 989 4354 ³)
1038 4288 1118 4340 'Io‘
1155 4291 1408 4342 τελωνεῖν
1445 4289 1684 4357 ἔσχατον
1720 4289 1924 4361 κομιδῇ
1974 4289 2196 4343 πάντων
2248 4294 2356 4342 τῶν
2404 4293 2597 4343 κακῶν.
2673 4290 2754 4344 Ita
2791 4289 3000 4344 Theo·

764 4372 952 4441 phau.
993 4371 1339 4424 Cer-amen.
1376 4371 1559 4423 homil.
1602 4371 1685 4423 16.
1736 4371 1804 4423 de
1829 4371 2119 4439 publicano
2169 4375 2224 4425 et
2247 4370 2593 4440 pharisaeo:
2643 4371 2776 4440 apud
2815 4371 3002 4437 Mig‘ne.

764 4451 905 4504 Patr.
946 4467 1025 4520 gr.
1065 4455 1103 4504 t.
1146 4452 1263 4516 132,
1304 4467 1351 4519 p.
1390 4453 1511 4504 359.
