<?xml version="1.0" encoding="UTF-8"?>
<!DOCTYPE html PUBLIC "-//W3C//DTD XHTML 1.0 Transitional//EN"
    "http://www.w3.org/TR/xhtml1/DTD/xhtml1-transitional.dtd">
<html xmlns="http://www.w3.org/1999/xhtml" xml:lang="en" lang="en">
 <head>
  <title>
</title>
<meta http-equiv="Content-Type" content="text/html;charset=utf-8" />
  <meta name='ocr-system' content='tesseract 3.04.00' />
  <meta name='ocr-capabilities' content='ocr_page ocr_carea ocr_par ocr_line ocrx_word'/>
</head>
<body>
  <div class='ocr_page' id='page_1' title='image "./kalendariummanu00nillgoog_0140.png"; bbox 0 0 3514 5391; ppageno 0'>
   <div class='ocr_carea' id='block_1_1' title="bbox 805 504 2393 573">
    <p class='ocr_par' dir='ltr' id='par_1_1' title="bbox 805 504 2393 573">
     <span class='ocr_line' id='line_1_1' title="bbox 805 504 2393 573; baseline -0.001 -13"><span class='ocrx_word' id='word_1_1' title='bbox 805 509 908 560; x_wconf 71' lang='lat'><strong>104</strong></span> <span class='ocrx_word' id='word_1_2' title='bbox 1445 506 1602 559; x_wconf 76' lang='lat' dir='ltr'><strong>Festa</strong></span> <span class='ocrx_word' id='word_1_3' title='bbox 1640 506 1845 560; x_wconf 82' lang='lat' dir='ltr'><strong>mobilia</strong></span> <span class='ocrx_word' id='word_1_4' title='bbox 1885 508 1931 559; x_wconf 87' lang='lat' dir='ltr'><strong>in</strong></span> <span class='ocrx_word' id='word_1_5' title='bbox 1972 504 2393 573; x_wconf 70' lang='lat' dir='ltr'><strong>Quadi-agesima.</strong></span> 
     </span>
    </p>
   </div>
   <div class='ocr_carea' id='block_1_2' title="bbox 804 702 3055 991">
    <p class='ocr_par' dir='ltr' id='par_1_2' title="bbox 804 702 3055 991">
     <span class='ocr_line' id='line_1_2' title="bbox 804 702 3054 791; baseline -0.002 -21"><span class='ocrx_word' id='word_1_6' title='bbox 804 707 944 783; x_wconf 82' lang='lat' dir='ltr'><strong>siut,</strong></span> <span class='ocrx_word' id='word_1_7' title='bbox 999 711 1063 770; x_wconf 84' lang='lat' dir='ltr'><strong>ut</strong></span> <span class='ocrx_word' id='word_1_8' title='bbox 1110 713 1170 770; x_wconf 82' lang='lat' dir='ltr'><strong>et</strong></span> <span class='ocrx_word' id='word_1_9' title='bbox 1217 726 1349 784; x_wconf 80' lang='lat' dir='ltr'><strong>nOS‚</strong></span> <span class='ocrx_word' id='word_1_10' title='bbox 1402 726 1613 770; x_wconf 87' lang='lat' dir='ltr'><strong>eorum</strong></span> <span class='ocrx_word' id='word_1_11' title='bbox 1663 706 1947 789; x_wconf 85' lang='lat' dir='ltr'><strong>exemplo</strong></span> <span class='ocrx_word' id='word_1_12' title='bbox 1990 707 2278 791; x_wconf 76' lang='lat' dir='ltr'><strong>pat-riam</strong></span> <span class='ocrx_word' id='word_1_13' title='bbox 2322 702 2640 768; x_wconf 65' lang='lat' dir='ltr'><strong>mel-iovem</strong></span> <span class='ocrx_word' id='word_1_14' title='bbox 2665 714 3054 790; x_wconf 66' lang='lat' dir='ltr'><strong>appetentes,</strong></span> 
     </span>
     <span class='ocr_line' id='line_1_3' title="bbox 804 799 3055 891; baseline 0 -24"><span class='ocrx_word' id='word_1_15' title='bbox 804 805 877 868; x_wconf 68' lang='lat' dir='ltr'><strong>id</strong></span> <span class='ocrx_word' id='word_1_16' title='bbox 924 815 1014 867; x_wconf 77' lang='lat' dir='ltr'><strong>est</strong></span> <span class='ocrx_word' id='word_1_17' title='bbox 1062 802 1404 883; x_wconf 80' lang='lat' dir='ltr'><strong>coelestem,-</strong></span> <span class='ocrx_word' id='word_1_18' title='bbox 1439 828 1566 891; x_wconf 75' lang='lat' dir='ltr'><strong>per</strong></span> <span class='ocrx_word' id='word_1_19' title='bbox 1593 804 1797 888; x_wconf 84' lang='lat' dir='ltr'><strong>fidem</strong></span> <span class='ocrx_word' id='word_1_20' title='bbox 1843 799 2171 868; x_wconf 78' lang='lat' dir='ltr'><strong>vincamus</strong></span> <span class='ocrx_word' id='word_1_21' title='bbox 2208 801 2436 891; x_wconf 50' lang='lat' dir='ltr'><strong>regna)</strong></span> <span class='ocrx_word' id='word_1_22' title='bbox 2502 822 2830 890; x_wconf 73' lang='lat' dir='ltr'><strong><em>operemur</em></strong></span> <span class='ocrx_word' id='word_1_23' title='bbox 2858 805 3055 890; x_wconf 75' lang='lat' dir='ltr'><strong>justi-</strong></span> 
     </span>
     <span class='ocr_line' id='line_1_4' title="bbox 808 904 2132 991; baseline 0.001 -23"><span class='ocrx_word' id='word_1_24' title='bbox 808 906 962 969; x_wconf 78' lang='lat' dir='ltr'><strong>tiam</strong></span> <span class='ocrx_word' id='word_1_25' title='bbox 1010 916 1070 969; x_wconf 78' lang='lat' dir='ltr'><strong>et</strong></span> <span class='ocrx_word' id='word_1_26' title='bbox 1116 904 1552 991; x_wconf 57' lang='lat' dir='ltr'><strong>adipiscamur</strong></span> <span class='ocrx_word' id='word_1_27' title='bbox 1596 905 2132 991; x_wconf 71' lang='lat' dir='ltr'><em>repromissiones.</em></span> 
     </span>
    </p>
   </div>
   <div class='ocr_carea' id='block_1_3' title="bbox 985 1085 2655 1169">
    <p class='ocr_par' dir='ltr' id='par_1_3' title="bbox 985 1085 2655 1169">
     <span class='ocr_line' id='line_1_5' title="bbox 985 1085 2655 1169; baseline -0.001 -22"><span class='ocrx_word' id='word_1_28' title='bbox 985 1085 1083 1147; x_wconf 90' lang='lat' dir='ltr'><strong><em>De</em></strong></span> <span class='ocrx_word' id='word_1_29' title='bbox 1129 1086 1424 1149; x_wconf 73' lang='lat' dir='ltr'><strong>restituta</strong></span> <span class='ocrx_word' id='word_1_30' title='bbox 1471 1087 1874 1149; x_wconf 74' lang='lat' dir='ltr'><strong>veneratione</strong></span> <span class='ocrx_word' id='word_1_31' title='bbox 1921 1108 2246 1149; x_wconf 65' lang='lat' dir='ltr'><strong>saco-amm</strong></span> <span class='ocrx_word' id='word_1_32' title='bbox 2291 1085 2655 1169; x_wconf 72' lang='lat' dir='ltr'><strong>imayinum.</strong></span> 
     </span>
    </p>
   </div>
   <div class='ocr_carea' id='block_1_4' title="bbox 809 1206 3065 2316">
    <p class='ocr_par' dir='ltr' id='par_1_4' title="bbox 809 1206 3058 1593">
     <span class='ocr_line' id='line_1_6' title="bbox 977 1206 3055 1297; baseline -0 -25"><span class='ocrx_word' id='word_1_33' title='bbox 977 1206 1457 1297; x_wconf 62' lang='lat' dir='ltr'><strong>&#39;Avaomjhoow</strong></span> <span class='ocrx_word' id='word_1_34' title='bbox 1522 1212 1774 1295; x_wconf 86' lang='lat' dir='ltr'><strong>quidem</strong></span> <span class='ocrx_word' id='word_1_35' title='bbox 1841 1209 1994 1294; x_wconf 90' lang='lat' dir='ltr'><strong>ipsis</strong></span> <span class='ocrx_word' id='word_1_36' title='bbox 2057 1209 2312 1275; x_wconf 72' lang='lat' dir='ltr'><strong>Consilii</strong></span> <span class='ocrx_word' id='word_1_37' title='bbox 2372 1208 2633 1274; x_wconf 83' lang='lat' dir='ltr'><strong>Nieaeni</strong></span> <span class='ocrx_word' id='word_1_38' title='bbox 2683 1208 2801 1281; x_wconf 84' lang='lat' dir='ltr'><strong>II.‚</strong></span> <span class='ocrx_word' id='word_1_39' title='bbox 2869 1229 3055 1273; x_wconf 78' lang='lat' dir='ltr'><strong>oecu-</strong></span> 
     </span>
     <span class='ocr_line' id='line_1_7' title="bbox 812 1307 3056 1394; baseline -0 -22"><span class='ocrx_word' id='word_1_40' title='bbox 812 1309 1034 1373; x_wconf 66' lang='lat' dir='ltr'><strong>menici</strong></span> <span class='ocrx_word' id='word_1_41' title='bbox 1089 1309 1248 1385; x_wconf 66' lang='lat' dir='ltr'>VII„</span> <span class='ocrx_word' id='word_1_42' title='bbox 1299 1310 1687 1394; x_wconf 75' lang='lat' dir='ltr'>temporibus</span> <span class='ocrx_word' id='word_1_43' title='bbox 1737 1309 1927 1393; x_wconf 83' lang='lat'>(787)</span> <span class='ocrx_word' id='word_1_44' title='bbox 1967 1309 2101 1392; x_wconf 87' lang='lat' dir='ltr'><strong>jam</strong></span> <span class='ocrx_word' id='word_1_45' title='bbox 2148 1309 2378 1372; x_wconf 85' lang='lat' dir='ltr'><strong>saetam</strong></span> <span class='ocrx_word' id='word_1_46' title='bbox 2429 1327 2477 1371; x_wconf 91' lang='lat' dir='ltr'><strong>s.</strong></span> <span class='ocrx_word' id='word_1_47' title='bbox 2529 1307 2916 1372; x_wconf 81' lang='lat' dir='ltr'><strong>Tarasius</strong></span> <span class='ocrx_word' id='word_1_48' title='bbox 2964 1327 3056 1371; x_wconf 87' lang='lat' dir='ltr'><strong>re·</strong></span> 
     </span>
     <span class='ocr_line' id='line_1_8' title="bbox 809 1405 3058 1493; baseline -0 -22"><span class='ocrx_word' id='word_1_49' title='bbox 809 1408 927 1471; x_wconf 83' lang='lat' dir='ltr'><strong>fert</strong></span> <span class='ocrx_word' id='word_1_50' title='bbox 975 1408 1045 1471; x_wconf 77' lang='lat' dir='ltr'><strong>in</strong></span> <span class='ocrx_word' id='word_1_51' title='bbox 1092 1406 1364 1493; x_wconf 77' lang='lat' dir='ltr'><strong>epistola</strong></span> <span class='ocrx_word' id='word_1_52' title='bbox 1411 1407 1500 1471; x_wconf 83' lang='lat' dir='ltr'><strong>ad</strong></span> <span class='ocrx_word' id='word_1_53' title='bbox 1551 1407 1960 1472; x_wconf 76' lang='lat' dir='ltr'><em>Hadrianum</em></span> <span class='ocrx_word' id='word_1_54' title='bbox 2009 1406 2155 1484; x_wconf 80' lang='lat' dir='ltr'><strong>PR,</strong></span> <span class='ocrx_word' id='word_1_55' title='bbox 2205 1408 2283 1471; x_wconf 89' lang='lat' dir='ltr'><strong>de</strong></span> <span class='ocrx_word' id='word_1_56' title='bbox 2330 1405 2510 1471; x_wconf 82' lang='lat' dir='ltr'><strong>Irene</strong></span> <span class='ocrx_word' id='word_1_57' title='bbox 2558 1411 2619 1471; x_wconf 80' lang='lat' dir='ltr'><strong>et</strong></span> <span class='ocrx_word' id='word_1_58' title='bbox 2652 1405 3058 1471; x_wconf 82' lang='lat' dir='ltr'><strong>Constantino</strong></span> 
     </span>
     <span class='ocr_line' id='line_1_9' title="bbox 813 1505 2951 1593; baseline -0.001 -23"><span class='ocrx_word' id='word_1_59' title='bbox 813 1505 1116 1590; x_wconf 79' lang='lat' dir='ltr'><strong>Augustis</strong></span> <span class='ocrx_word' id='word_1_60' title='bbox 1163 1506 1474 1572; x_wconf 78' lang='lat' dir='ltr'><strong>scribens:</strong></span> <span class='ocrx_word' id='word_1_61' title='bbox 2108 1586 2114 1593; x_wconf 88' lang='lat'><strong>.</strong></span> <span class='ocrx_word' id='word_1_62' title='bbox 2886 1573 2892 1579; x_wconf 61' lang='grc'>,</span> <span class='ocrx_word' id='word_1_63' title='bbox 2946 1576 2951 1583; x_wconf 54' lang='grc'>,</span> 
     </span>
    </p>

    <p class='ocr_par' dir='ltr' id='par_1_5' title="bbox 811 1609 3060 2092">
     <span class='ocr_line' id='line_1_10' title="bbox 911 1609 3056 1698; baseline -0.001 -21"><span class='ocrx_word' id='word_1_64' title='bbox 911 1609 1130 1677; x_wconf 73' lang='grc' dir='ltr'><em>Αὐτοὶ</em></span> <span class='ocrx_word' id='word_1_65' title='bbox 1175 1611 1342 1676; x_wconf 82' lang='grc' dir='ltr'><strong><em>κατὰ</em></strong></span> <span class='ocrx_word' id='word_1_66' title='bbox 1385 1612 1633 1689; x_wconf 64' lang='grc' dir='ltr'><strong><em>παντὸς</em></strong></span> <span class='ocrx_word' id='word_1_67' title='bbox 1669 1610 1879 1677; x_wconf 84' lang='grc' dir='ltr'><strong><em>τόπου</em></strong></span> <span class='ocrx_word' id='word_1_68' title='bbox 2094 1613 2232 1698; x_wconf 74' lang='lat' dir='ltr'><strong>Ipsi</strong></span> <span class='ocrx_word' id='word_1_69' title='bbox 2285 1615 2357 1675; x_wconf 77' lang='lat' dir='ltr'><strong>in</strong></span> <span class='ocrx_word' id='word_1_70' title='bbox 2403 1613 2573 1675; x_wconf 80' lang='lat' dir='ltr'><strong>omni</strong></span> <span class='ocrx_word' id='word_1_71' title='bbox 2620 1609 2752 1674; x_wconf 84' lang='lat' dir='ltr'><strong>loco</strong></span> <span class='ocrx_word' id='word_1_72' title='bbox 2788 1632 3056 1681; x_wconf 77' lang='lat' dir='ltr'><strong>¹venera·</strong></span> 
     </span>
     <span class='ocr_line' id='line_1_11' title="bbox 811 1705 3060 1798; baseline -0.001 -23"><span class='ocrx_word' id='word_1_73' title='bbox 811 1709 924 1787; x_wconf 79' lang='grc' dir='ltr'><strong>τάς</strong></span> <span class='ocrx_word' id='word_1_74' title='bbox 957 1709 1203 1787; x_wconf 77' lang='grc' dir='ltr'><strong><em>σεπτὰς</em></strong></span> <span class='ocrx_word' id='word_1_75' title='bbox 1224 1705 1475 1787; x_wconf 78' lang='grc' dir='ltr'><strong><em>εἰκόνας</em></strong></span> <span class='ocrx_word' id='word_1_76' title='bbox 1504 1707 1878 1798; x_wconf 76' lang='grc' dir='ltr'>ἀνέστησαν,</span> <span class='ocrx_word' id='word_1_77' title='bbox 1990 1710 2145 1774; x_wconf 82' lang='lat' dir='ltr'><strong>biles</strong></span> <span class='ocrx_word' id='word_1_78' title='bbox 2190 1711 2499 1796; x_wconf 67' lang='lat' dir='ltr'><strong>imagines</strong></span> <span class='ocrx_word' id='word_1_79' title='bbox 2528 1720 2883 1787; x_wconf 70' lang='lat' dir='ltr'><strong>erexerunt,</strong></span> <span class='ocrx_word' id='word_1_80' title='bbox 2932 1719 3060 1772; x_wconf 75' lang='lat' dir='ltr'><strong>tam</strong></span> 
     </span>
     <span class='ocr_line' id='line_1_12' title="bbox 813 1804 3059 1894; baseline -0.001 -21"><span class='ocrx_word' id='word_1_81' title='bbox 813 1805 882 1873; x_wconf 75' lang='grc' dir='ltr'><strong>ἔν</strong></span> <span class='ocrx_word' id='word_1_82' title='bbox 944 1832 1016 1873; x_wconf 83' lang='grc' dir='ltr'><strong>τε</strong></span> <span class='ocrx_word' id='word_1_83' title='bbox 1079 1804 1462 1893; x_wconf 78' lang='grc' dir='ltr'>σεβασμίοις</span> <span class='ocrx_word' id='word_1_84' title='bbox 1526 1812 1705 1886; x_wconf 77' lang='grc' dir='ltr'><strong><em>ναοῖς</em></strong></span> <span class='ocrx_word' id='word_1_85' title='bbox 1774 1806 1880 1873; x_wconf 85' lang='grc' dir='ltr'><strong>καὶ</strong></span> <span class='ocrx_word' id='word_1_86' title='bbox 1990 1807 2228 1873; x_wconf 77' lang='lat' dir='ltr'><strong>scilicet</strong></span> <span class='ocrx_word' id='word_1_87' title='bbox 2256 1810 2328 1872; x_wconf 80' lang='lat' dir='ltr'><strong>in</strong></span> <span class='ocrx_word' id='word_1_88' title='bbox 2346 1807 2762 1872; x_wconf 70' lang='lat' dir='ltr'><strong><em>celeberrimis</em></strong></span> <span class='ocrx_word' id='word_1_89' title='bbox 2787 1807 3059 1894; x_wconf 81' lang='lat' dir='ltr'><strong>templis,</strong></span> 
     </span>
     <span class='ocr_line' id='line_1_13' title="bbox 816 1900 3057 1993; baseline -0.001 -21"><span class='ocrx_word' id='word_1_90' title='bbox 816 1903 884 1972; x_wconf 71' lang='grc' dir='ltr'><strong>ἐν</strong></span> <span class='ocrx_word' id='word_1_91' title='bbox 928 1908 1075 1985; x_wconf 79' lang='grc' dir='ltr'><strong><em>ταῖς</em></strong></span> <span class='ocrx_word' id='word_1_92' title='bbox 1122 1905 1347 1985; x_wconf 78' lang='grc' dir='ltr'><strong><em>αὐλαῖς</em></strong></span> <span class='ocrx_word' id='word_1_93' title='bbox 1374 1911 1503 1973; x_wconf 81' lang='grc' dir='ltr'><strong>τῶν</strong></span> <span class='ocrx_word' id='word_1_94' title='bbox 1532 1902 1883 1989; x_wconf 64' lang='grc' dir='ltr'>βασιλείων</span> <span class='ocrx_word' id='word_1_95' title='bbox 1991 1931 2176 1993; x_wconf 78' lang='lat' dir='ltr'><strong>quam</strong></span> <span class='ocrx_word' id='word_1_96' title='bbox 2196 1910 2265 1971; x_wconf 75' lang='lat' dir='ltr'><strong>in</strong></span> <span class='ocrx_word' id='word_1_97' title='bbox 2284 1909 2597 1971; x_wconf 77' lang='lat' dir='ltr'><strong>caesareis</strong></span> <span class='ocrx_word' id='word_1_98' title='bbox 2606 1900 2886 1993; x_wconf 78' lang='lat' dir='ltr'><strong>palati-is</strong></span> <span class='ocrx_word' id='word_1_99' title='bbox 2906 1906 3057 1970; x_wconf 74' lang='lat' dir='ltr'><strong>suis.</strong></span> 
     </span>
     <span class='ocr_line' id='line_1_14' title="bbox 817 2006 1118 2092; baseline 0.01 -21"><span class='ocrx_word' id='word_1_100' title='bbox 817 2006 1023 2071; x_wconf 66' lang='grc' dir='ltr'><strong><em>αὐτῶν</em></strong></span> <span class='ocrx_word' id='word_1_101' title='bbox 1048 2008 1118 2092; x_wconf 85' lang='lat'><strong>¹).</strong></span> 
     </span>
    </p>

    <p class='ocr_par' dir='ltr' id='par_1_6' title="bbox 816 2131 3065 2316">
     <span class='ocr_line' id='line_1_15' title="bbox 816 2131 3064 2218; baseline -0.002 -19"><span class='ocrx_word' id='word_1_102' title='bbox 816 2134 938 2199; x_wconf 81' lang='lat' dir='ltr'><strong>Sed</strong></span> <span class='ocrx_word' id='word_1_103' title='bbox 1001 2134 1517 2210; x_wconf 78' lang='lat' dir='ltr'><strong>orthodoxorum,</strong></span> <span class='ocrx_word' id='word_1_104' title='bbox 1587 2154 1656 2197; x_wconf 80' lang='lat' dir='ltr'><strong>ae</strong></span> <span class='ocrx_word' id='word_1_105' title='bbox 1704 2133 2036 2218; x_wconf 76' lang='lat' dir='ltr'><strong>praecipue</strong></span> <span class='ocrx_word' id='word_1_106' title='bbox 2072 2135 2333 2196; x_wconf 50' lang='lat' dir='ltr'><strong>*sanctae</strong></span> <span class='ocrx_word' id='word_1_107' title='bbox 2381 2131 2779 2207; x_wconf 76' lang='lat' dir='ltr'><strong>Theodorae,</strong></span> <span class='ocrx_word' id='word_1_108' title='bbox 2847 2131 3064 2215; x_wconf 85' lang='lat' dir='ltr'><strong>pietati</strong></span> 
     </span>
     <span class='ocr_line' id='line_1_16' title="bbox 818 2230 3065 2316; baseline -0.001 -20"><span class='ocrx_word' id='word_1_109' title='bbox 818 2231 982 2296; x_wconf 86' lang='lat' dir='ltr'><strong>haud</strong></span> <span class='ocrx_word' id='word_1_110' title='bbox 1032 2231 1182 2296; x_wconf 88' lang='lat' dir='ltr'><strong>satis</strong></span> <span class='ocrx_word' id='word_1_111' title='bbox 1211 2232 1554 2309; x_wconf 77' lang='lat' dir='ltr'><strong>videbatur,</strong></span> <span class='ocrx_word' id='word_1_112' title='bbox 1606 2235 1960 2297; x_wconf 77' lang='lat' dir='ltr'><strong>sanctarum</strong></span> <span class='ocrx_word' id='word_1_113' title='bbox 2000 2230 2340 2316; x_wconf 81' lang='lat' dir='ltr'><strong>imaginum</strong></span> <span class='ocrx_word' id='word_1_114' title='bbox 2376 2230 2833 2295; x_wconf 85' lang='lat' dir='ltr'><strong>venerationem</strong></span> <span class='ocrx_word' id='word_1_115' title='bbox 2866 2230 3065 2295; x_wconf 85' lang='lat' dir='ltr'><strong>semel</strong></span> 
     </span>
    </p>
   </div>
   <div class='ocr_carea' id='block_1_5' title="bbox 819 2326 3078 2415">
    <p class='ocr_par' dir='ltr' id='par_1_7' title="bbox 819 2326 3078 2415">
     <span class='ocr_line' id='line_1_17' title="bbox 819 2326 3078 2415; baseline -0.001 -20"><span class='ocrx_word' id='word_1_116' title='bbox 819 2331 1169 2399; x_wconf 78' lang='lat' dir='ltr'><strong>restitutam</strong></span> <span class='ocrx_word' id='word_1_117' title='bbox 1217 2331 1442 2409; x_wconf 82' lang='lat' dir='ltr'><strong>fuisse3</strong></span> <span class='ocrx_word' id='word_1_118' title='bbox 1493 2333 1873 2415; x_wconf 82' lang='lat' dir='ltr'><strong>quapropter</strong></span> <span class='ocrx_word' id='word_1_119' title='bbox 1919 2331 2156 2413; x_wconf 86' lang='lat' dir='ltr'><strong>synodo</strong></span> <span class='ocrx_word' id='word_1_120' title='bbox 2206 2328 2427 2413; x_wconf 83' lang='lat' dir='ltr'><strong>topica,</strong></span> <span class='ocrx_word' id='word_1_121' title='bbox 2479 2326 2663 2392; x_wconf 86' lang='lat' dir='ltr'><strong>CPoli</strong></span> <span class='ocrx_word' id='word_1_122' title='bbox 2695 2328 2810 2393; x_wconf 90' lang='lat' dir='ltr'><strong>sub</strong></span> <span class='ocrx_word' id='word_1_123' title='bbox 2845 2348 2893 2393; x_wconf 76' lang='lat' dir='ltr'><strong>s,</strong></span> <span class='ocrx_word' id='word_1_124' title='bbox 2922 2327 3078 2393; x_wconf 81' lang='lat' dir='ltr'><strong><em>Me-·</em></strong></span> 
     </span>
    </p>
   </div>
   <div class='ocr_carea' id='block_1_6' title="bbox 819 2426 3065 2908">
    <p class='ocr_par' dir='ltr' id='par_1_8' title="bbox 819 2426 3065 2908">
     <span class='ocr_line' id='line_1_18' title="bbox 819 2426 3063 2511; baseline -0.001 -18"><span class='ocrx_word' id='word_1_125' title='bbox 819 2429 1031 2495; x_wconf 89' lang='lat' dir='ltr'><strong>thodio</strong></span> <span class='ocrx_word' id='word_1_126' title='bbox 1080 2428 1409 2507; x_wconf 84' lang='lat' dir='ltr'><strong>celebrata,</strong></span> <span class='ocrx_word' id='word_1_127' title='bbox 1459 2429 1835 2495; x_wconf 81' lang='lat' dir='ltr'><strong>decernente</strong></span> <span class='ocrx_word' id='word_1_128' title='bbox 1883 2448 1954 2493; x_wconf 85' lang='lat' dir='ltr'><strong>ae</strong></span> <span class='ocrx_word' id='word_1_129' title='bbox 1988 2432 2204 2493; x_wconf 84' lang='lat' dir='ltr'><strong>saneta</strong></span> <span class='ocrx_word' id='word_1_130' title='bbox 2230 2426 2623 2511; x_wconf 76' lang='lat' dir='ltr'><strong>imperatrice</strong></span> <span class='ocrx_word' id='word_1_131' title='bbox 2654 2426 3063 2492; x_wconf 78' lang='lat' dir='ltr'><strong>confirmante</strong></span> 
     </span>
     <span class='ocr_line' id='line_1_19' title="bbox 820 2524 3065 2610; baseline -0.002 -17"><span class='ocrx_word' id='word_1_132' title='bbox 820 2531 1121 2593; x_wconf 88' lang='lat' dir='ltr'><strong>statutum</strong></span> <span class='ocrx_word' id='word_1_133' title='bbox 1188 2532 1282 2592; x_wconf 91' lang='lat' dir='ltr'><strong>est</strong></span> <span class='ocrx_word' id='word_1_134' title='bbox 1337 2548 1497 2593; x_wconf 86' lang='lat' dir='ltr'><strong>anno</strong></span> <span class='ocrx_word' id='word_1_135' title='bbox 1546 2528 1714 2605; x_wconf 83' lang='lat'>842,</span> <span class='ocrx_word' id='word_1_136' title='bbox 1784 2530 1851 2592; x_wconf 90' lang='lat' dir='ltr'><strong>ut</strong></span> <span class='ocrx_word' id='word_1_137' title='bbox 1912 2526 2241 2610; x_wconf 82' lang='lat' dir='ltr'><strong>quotannis</strong></span> <span class='ocrx_word' id='word_1_138' title='bbox 2307 2525 2509 2610; x_wconf 87' lang='lat' dir='ltr'><strong>prima</strong></span> <span class='ocrx_word' id='word_1_139' title='bbox 2568 2524 2687 2590; x_wconf 84' lang='lat' dir='ltr'><strong>hae</strong></span> <span class='ocrx_word' id='word_1_140' title='bbox 2734 2525 3065 2590; x_wconf 84' lang='lat' dir='ltr'><strong>Dominiea</strong></span> 
     </span>
     <span class='ocr_line' id='line_1_20' title="bbox 820 2623 3063 2711; baseline -0.001 -21"><span class='ocrx_word' id='word_1_141' title='bbox 820 2624 1342 2711; x_wconf 79' lang='lat' dir='ltr'><strong>Quadragesimae</strong></span> <span class='ocrx_word' id='word_1_142' title='bbox 1390 2629 1688 2711; x_wconf 84' lang='lat' dir='ltr'><strong>perpetua</strong></span> <span class='ocrx_word' id='word_1_143' title='bbox 1733 2625 2035 2690; x_wconf 88' lang='lat' dir='ltr'><strong>memoria</strong></span> <span class='ocrx_word' id='word_1_144' title='bbox 2080 2623 2234 2689; x_wconf 89' lang='lat' dir='ltr'><strong>tanti</strong></span> <span class='ocrx_word' id='word_1_145' title='bbox 2281 2623 2569 2688; x_wconf 78' lang='lat' dir='ltr'><strong>beneficii</strong></span> <span class='ocrx_word' id='word_1_146' title='bbox 2609 2628 2915 2710; x_wconf 80' lang='lat' dir='ltr'><strong><em>ageretur,</em></strong></span> <span class='ocrx_word' id='word_1_147' title='bbox 2966 2644 3063 2691; x_wconf 85' lang='lat' dir='ltr'><strong>re·</strong></span> 
     </span>
     <span class='ocr_line' id='line_1_21' title="bbox 823 2724 3065 2810; baseline -0.001 -20"><span class='ocrx_word' id='word_1_148' title='bbox 823 2725 1249 2809; x_wconf 82' lang='lat' dir='ltr'><strong>eolereturque</strong></span> <span class='ocrx_word' id='word_1_149' title='bbox 1295 2725 1416 2791; x_wconf 85' lang='lat' dir='ltr'><strong>hoe</strong></span> <span class='ocrx_word' id='word_1_150' title='bbox 1453 2725 1613 2790; x_wconf 87' lang='lat' dir='ltr'><strong>sesto</strong></span> <span class='ocrx_word' id='word_1_151' title='bbox 1663 2745 1802 2790; x_wconf 85' lang='lat' dir='ltr'><strong>eum</strong></span> <span class='ocrx_word' id='word_1_152' title='bbox 1830 2725 2065 2810; x_wconf 86' lang='lat' dir='ltr'><strong>ingenti</strong></span> <span class='ocrx_word' id='word_1_153' title='bbox 2095 2724 2436 2810; x_wconf 86' lang='lat' dir='ltr'><strong>gratiarum</strong></span> <span class='ocrx_word' id='word_1_154' title='bbox 2470 2724 2710 2789; x_wconf 86' lang='lat' dir='ltr'><strong>actione</strong></span> <span class='ocrx_word' id='word_1_155' title='bbox 2742 2724 3065 2804; x_wconf 84' lang='lat' dir='ltr'><strong>restitutus</strong></span> 
     </span>
     <span class='ocr_line' id='line_1_22' title="bbox 821 2820 2065 2908; baseline -0.003 -19"><span class='ocrx_word' id='word_1_156' title='bbox 821 2826 885 2889; x_wconf 90' lang='lat' dir='ltr'><strong>in</strong></span> <span class='ocrx_word' id='word_1_157' title='bbox 933 2823 1185 2889; x_wconf 88' lang='lat' dir='ltr'><strong>Oriente</strong></span> <span class='ocrx_word' id='word_1_158' title='bbox 1232 2844 1408 2889; x_wconf 76' lang='lat' dir='ltr'><strong>sacer</strong></span> <span class='ocrx_word' id='word_1_159' title='bbox 1453 2824 1795 2908; x_wconf 83' lang='lat' dir='ltr'><strong>imaginum</strong></span> <span class='ocrx_word' id='word_1_160' title='bbox 1845 2820 2065 2887; x_wconf 82' lang='lat' dir='ltr'><strong>cultus,</strong></span> 
     </span>
    </p>
   </div>
   <div class='ocr_carea' id='block_1_7' title="bbox 827 2936 3069 3172">
    <p class='ocr_par' dir='ltr' id='par_1_9' title="bbox 827 2936 3068 3172">
     <span class='ocr_line' id='line_1_23' title="bbox 1001 2936 3067 3010; baseline -0.002 -13"><span class='ocrx_word' id='word_1_161' title='bbox 1001 2938 1260 2997; x_wconf 88' lang='lat' dir='ltr'><strong>Brevem</strong></span> <span class='ocrx_word' id='word_1_162' title='bbox 1308 2939 1422 2996; x_wconf 89' lang='lat' dir='ltr'><strong>tibi</strong></span> <span class='ocrx_word' id='word_1_163' title='bbox 1469 2937 1796 3008; x_wconf 73' lang='grc' dir='ltr'><strong><em>ὀρθοδοξίας</em></strong></span> <span class='ocrx_word' id='word_1_164' title='bbox 1846 2937 2156 2995; x_wconf 86' lang='lat' dir='ltr'><strong>historiam</strong></span> <span class='ocrx_word' id='word_1_165' title='bbox 2210 2937 2627 3010; x_wconf 80' lang='lat' dir='ltr'><strong>descripsimus</strong></span> <span class='ocrx_word' id='word_1_166' title='bbox 2677 2940 2834 2994; x_wconf 86' lang='lat' dir='ltr'><strong>tomo</strong></span> <span class='ocrx_word' id='word_1_167' title='bbox 2875 2937 2935 3006; x_wconf 89' lang='grc'>1,</span> <span class='ocrx_word' id='word_1_168' title='bbox 2990 2936 3067 2993; x_wconf 86' lang='lat' dir='ltr'><strong>ad</strong></span> 
     </span>
     <span class='ocr_line' id='line_1_24' title="bbox 829 3007 3069 3091; baseline -0.002 -14"><span class='ocrx_word' id='word_1_169' title='bbox 829 3020 910 3078; x_wconf 94' lang='lat' dir='ltr'><strong>ll.</strong></span> <span class='ocrx_word' id='word_1_170' title='bbox 952 3019 1264 3089; x_wconf 64' lang='lat' dir='ltr'><strong>Februar„</strong></span> <span class='ocrx_word' id='word_1_171' title='bbox 1303 3018 1363 3076; x_wconf 92' lang='lat' dir='ltr'><strong>in</strong></span> <span class='ocrx_word' id='word_1_172' title='bbox 1402 3037 1446 3077; x_wconf 93' lang='grc'><strong>3.</strong></span> <span class='ocrx_word' id='word_1_173' title='bbox 1484 3017 1820 3088; x_wconf 85' lang='lat' dir='ltr'><strong>Theodora,</strong></span> <span class='ocrx_word' id='word_1_174' title='bbox 1858 3036 1913 3091; x_wconf 87' lang='lat' dir='ltr'><strong>p.</strong></span> <span class='ocrx_word' id='word_1_175' title='bbox 1949 3017 2050 3087; x_wconf 75' lang='lat'><strong>983</strong></span> <span class='ocrx_word' id='word_1_176' title='bbox 2106 3024 2168 3075; x_wconf 89' lang='lat' dir='ltr'><strong>et</strong></span> <span class='ocrx_word' id='word_1_177' title='bbox 2206 3016 2282 3074; x_wconf 88' lang='lat' dir='ltr'><strong>ad</strong></span> <span class='ocrx_word' id='word_1_178' title='bbox 2320 3016 2407 3074; x_wconf 81' lang='lat'><strong>14.</strong></span> <span class='ocrx_word' id='word_1_179' title='bbox 2445 3016 2603 3081; x_wconf 60' lang='lat' dir='ltr'><strong>Jun„</strong></span> <span class='ocrx_word' id='word_1_180' title='bbox 2655 3017 2717 3073; x_wconf 90' lang='lat' dir='ltr'><strong>in</strong></span> <span class='ocrx_word' id='word_1_181' title='bbox 2756 3033 2800 3073; x_wconf 88' lang='grc'><strong>3.</strong></span> <span class='ocrx_word' id='word_1_182' title='bbox 2840 3007 3069 3074; x_wconf 73' lang='lat' dir='ltr'><strong>Mettio</strong></span> 
     </span>
     <span class='ocr_line' id='line_1_25' title="bbox 827 3096 3068 3172; baseline -0.001 -15"><span class='ocrx_word' id='word_1_183' title='bbox 827 3100 921 3157; x_wconf 87' lang='lat' dir='ltr'><strong>dio</strong></span> <span class='ocrx_word' id='word_1_184' title='bbox 961 3098 1098 3168; x_wconf 88' lang='lat' dir='ltr'><strong>CP.</strong></span> <span class='ocrx_word' id='word_1_185' title='bbox 1139 3116 1194 3172; x_wconf 88' lang='lat' dir='ltr'><strong>p.</strong></span> <span class='ocrx_word' id='word_1_186' title='bbox 1234 3099 1353 3157; x_wconf 84' lang='lat'><strong>182.</strong></span> <span class='ocrx_word' id='word_1_187' title='bbox 1413 3097 1796 3158; x_wconf 87' lang='lat' dir='ltr'><strong>Ornatiorem</strong></span> <span class='ocrx_word' id='word_1_188' title='bbox 1835 3104 1897 3156; x_wconf 92' lang='lat' dir='ltr'><strong>et</strong></span> <span class='ocrx_word' id='word_1_189' title='bbox 1924 3099 2217 3171; x_wconf 79' lang='lat' dir='ltr'><strong>copiosam</strong></span> <span class='ocrx_word' id='word_1_190' title='bbox 2256 3097 2446 3167; x_wconf 84' lang='lat' dir='ltr'><strong>magis</strong></span> <span class='ocrx_word' id='word_1_191' title='bbox 2474 3097 2743 3156; x_wconf 88' lang='lat' dir='ltr'><strong>invenies</strong></span> <span class='ocrx_word' id='word_1_192' title='bbox 2778 3096 2836 3153; x_wconf 91' lang='lat' dir='ltr'><strong>in</strong></span> <span class='ocrx_word' id='word_1_193' title='bbox 2863 3097 3068 3155; x_wconf 87' lang='lat' dir='ltr'><strong>multis</strong></span> 
     </span>
    </p>
   </div>
   <div class='ocr_carea' id='block_1_8' title="bbox 827 3167 3169 3254">
    <p class='ocr_par' dir='ltr' id='par_1_10' title="bbox 827 3167 3169 3254">
     <span class='ocr_line' id='line_1_26' title="bbox 827 3167 3169 3254; baseline -0.002 -16"><span class='ocrx_word' id='word_1_194' title='bbox 827 3179 950 3238; x_wconf 85' lang='lat' dir='ltr'><strong>illis</strong></span> <span class='ocrx_word' id='word_1_195' title='bbox 989 3180 1354 3238; x_wconf 85' lang='lat' dir='ltr'><strong>sermonibus</strong></span> <span class='ocrx_word' id='word_1_196' title='bbox 1393 3177 1661 3250; x_wconf 76' lang='lat' dir='ltr'><strong>festivis„</strong></span> <span class='ocrx_word' id='word_1_197' title='bbox 1718 3197 1859 3254; x_wconf 87' lang='lat' dir='ltr'><strong>quos</strong></span> <span class='ocrx_word' id='word_1_198' title='bbox 1913 3196 1986 3237; x_wconf 83' lang='lat' dir='ltr'><strong><em>ex</em></strong></span> <span class='ocrx_word' id='word_1_199' title='bbox 2027 3178 2345 3249; x_wconf 83' lang='lat' dir='ltr'><strong>Gretsero,</strong></span> <span class='ocrx_word' id='word_1_200' title='bbox 2400 3177 2759 3236; x_wconf 85' lang='lat' dir='ltr'><strong>Lamheeeio</strong></span> <span class='ocrx_word' id='word_1_201' title='bbox 2813 3177 3067 3249; x_wconf 81' lang='lat' dir='ltr'><strong>aliisque</strong></span> <span class='ocrx_word' id='word_1_202' title='bbox 3164 3167 3169 3176; x_wconf 83' lang='grc'><strong><em>’</em></strong></span> 
     </span>
    </p>
   </div>
   <div class='ocr_carea' id='block_1_9' title="bbox 826 3257 3070 3490">
    <p class='ocr_par' dir='ltr' id='par_1_11' title="bbox 826 3257 3067 3490">
     <span class='ocr_line' id='line_1_27' title="bbox 829 3257 3067 3330; baseline -0.002 -11"><span class='ocrx_word' id='word_1_203' title='bbox 829 3261 1168 3319; x_wconf 80' lang='lat' dir='ltr'><strong>auctoribus</strong></span> <span class='ocrx_word' id='word_1_204' title='bbox 1206 3260 1357 3317; x_wconf 76' lang='lat' dir='ltr'><strong>citat</strong></span> <span class='ocrx_word' id='word_1_205' title='bbox 1392 3259 1656 3317; x_wconf 87' lang='lat' dir='ltr'><strong>Assem</strong></span> <span class='ocrx_word' id='word_1_206' title='bbox 1678 3276 1784 3316; x_wconf 84' lang='lat' dir='ltr'><strong>an.</strong></span> <span class='ocrx_word' id='word_1_207' title='bbox 1837 3259 2070 3314; x_wconf 80' lang='lat' dir='ltr'><strong><em>Kalend.</em></strong></span> <span class='ocrx_word' id='word_1_208' title='bbox 2110 3260 2179 3313; x_wconf 80' lang='grc' dir='ltr'><strong>Ε.</strong></span> <span class='ocrx_word' id='word_1_209' title='bbox 2229 3259 2287 3313; x_wconf 86' lang='lat' dir='ltr'><strong>U.</strong></span> <span class='ocrx_word' id='word_1_210' title='bbox 2338 3264 2476 3315; x_wconf 90' lang='lat' dir='ltr'><strong>tom.</strong></span> <span class='ocrx_word' id='word_1_211' title='bbox 2515 3259 2578 3329; x_wconf 83' lang='lat'><strong>6,</strong></span> <span class='ocrx_word' id='word_1_212' title='bbox 2631 3275 2723 3330; x_wconf 87' lang='lat' dir='ltr'><strong>pp.</strong></span> <span class='ocrx_word' id='word_1_213' title='bbox 2762 3257 3067 3315; x_wconf 79' lang='lat'><strong>585-586.</strong></span> 
     </span>
     <span class='ocr_line' id='line_1_28' title="bbox 830 3335 3070 3416; baseline -0.005 -16"><span class='ocrx_word' id='word_1_214' title='bbox 830 3342 1056 3416; x_wconf 77' lang='lat' dir='ltr'><strong>Quibus</strong></span> <span class='ocrx_word' id='word_1_215' title='bbox 1095 3340 1278 3398; x_wconf 84' lang='lat' dir='ltr'><strong>etiam</strong></span> <span class='ocrx_word' id='word_1_216' title='bbox 1308 3340 1512 3413; x_wconf 86' lang='lat' dir='ltr'><strong>junge,</strong></span> <span class='ocrx_word' id='word_1_217' title='bbox 1563 3341 1663 3413; x_wconf 89' lang='lat' dir='ltr'><strong>qui</strong></span> <span class='ocrx_word' id='word_1_218' title='bbox 1700 3340 1921 3398; x_wconf 88' lang='lat' dir='ltr'><strong>ibidem</strong></span> <span class='ocrx_word' id='word_1_219' title='bbox 1960 3339 2258 3397; x_wconf 83' lang='lat' dir='ltr'><strong>indicatus</strong></span> <span class='ocrx_word' id='word_1_220' title='bbox 2298 3354 2411 3395; x_wconf 90' lang='lat' dir='ltr'><strong>non</strong></span> <span class='ocrx_word' id='word_1_221' title='bbox 2451 3344 2559 3402; x_wconf 86' lang='lat' dir='ltr'><strong>est,</strong></span> <span class='ocrx_word' id='word_1_222' title='bbox 2612 3335 2913 3409; x_wconf 82' lang='lat' dir='ltr'><strong>egregium</strong></span> <span class='ocrx_word' id='word_1_223' title='bbox 2951 3353 3070 3391; x_wconf 83' lang='lat' dir='ltr'><strong>ser-</strong></span> 
     </span>
     <span class='ocr_line' id='line_1_29' title="bbox 826 3415 3069 3490; baseline -0.002 -13"><span class='ocrx_word' id='word_1_224' title='bbox 826 3438 1034 3477; x_wconf 79' lang='lat' dir='ltr'><strong>monem</strong></span> <span class='ocrx_word' id='word_1_225' title='bbox 1084 3421 1403 3476; x_wconf 79' lang='lat' dir='ltr'><strong>historicum</strong></span> <span class='ocrx_word' id='word_1_226' title='bbox 1449 3419 1647 3490; x_wconf 80' lang='grc' dir='ltr'><strong><em>(λόγον</em></strong></span> <span class='ocrx_word' id='word_1_227' title='bbox 1683 3419 2112 3490; x_wconf 71' lang='grc' dir='ltr'>διηγηματικόν)</span> <span class='ocrx_word' id='word_1_228' title='bbox 2148 3418 2642 3490; x_wconf 79' lang='lat' dir='ltr'><strong>Theophanis</strong></span> <span class='ocrx_word' id='word_1_229' title='bbox 2682 3415 3069 3480; x_wconf 86' lang='lat' dir='ltr'><strong>Ceramei</strong></span> 
     </span>
    </p>
   </div>
   <div class='ocr_carea' id='block_1_10' title="bbox 827 3497 3072 3658">
    <p class='ocr_par' dir='ltr' id='par_1_12' title="bbox 827 3497 3072 3658">
     <span class='ocr_line' id='line_1_30' title="bbox 827 3497 3072 3573; baseline -0.003 -11"><span class='ocrx_word' id='word_1_230' title='bbox 827 3501 1209 3562; x_wconf 79' lang='lat' dir='ltr'><strong>Tauromenii</strong></span> <span class='ocrx_word' id='word_1_231' title='bbox 1246 3501 1304 3558; x_wconf 88' lang='lat' dir='ltr'><strong>in</strong></span> <span class='ocrx_word' id='word_1_232' title='bbox 1346 3502 1559 3560; x_wconf 82' lang='lat' dir='ltr'><strong>sicilia</strong></span> <span class='ocrx_word' id='word_1_233' title='bbox 1596 3500 2060 3573; x_wconf 79' lang='lat' dir='ltr'><strong>archiepiscopi,</strong></span> <span class='ocrx_word' id='word_1_234' title='bbox 2109 3516 2278 3572; x_wconf 87' lang='lat' dir='ltr'><strong>quem</strong></span> <span class='ocrx_word' id='word_1_235' title='bbox 2320 3515 2394 3556; x_wconf 83' lang='lat' dir='ltr'><strong><em>ex</em></strong></span> <span class='ocrx_word' id='word_1_236' title='bbox 2430 3497 2643 3556; x_wconf 85' lang='lat' dir='ltr'><strong>Seorsi</strong></span> <span class='ocrx_word' id='word_1_237' title='bbox 2678 3498 2939 3556; x_wconf 86' lang='lat' dir='ltr'><strong>editione</strong></span> <span class='ocrx_word' id='word_1_238' title='bbox 2978 3513 3072 3555; x_wconf 85' lang='lat' dir='ltr'><strong>re·</strong></span> 
     </span>
     <span class='ocr_line' id='line_1_31' title="bbox 832 3577 2642 3658; baseline -0.003 -16"><span class='ocrx_word' id='word_1_239' title='bbox 832 3589 1181 3658; x_wconf 83' lang='lat' dir='ltr'><strong>praesentat</strong></span> <span class='ocrx_word' id='word_1_240' title='bbox 1217 3580 1434 3654; x_wconf 85' lang='lat' dir='ltr'><strong>Migne,</strong></span> <span class='ocrx_word' id='word_1_241' title='bbox 1472 3581 1642 3642; x_wconf 88' lang='lat' dir='ltr'><strong>Patr</strong></span> <span class='ocrx_word' id='word_1_242' title='bbox 1682 3600 1771 3654; x_wconf 88' lang='lat' dir='ltr'><strong>gr.</strong></span> <span class='ocrx_word' id='word_1_243' title='bbox 1810 3589 1947 3639; x_wconf 83' lang='lat' dir='ltr'><strong>tom.</strong></span> <span class='ocrx_word' id='word_1_244' title='bbox 1988 3581 2108 3650; x_wconf 78' lang='lat'>132,</span> <span class='ocrx_word' id='word_1_245' title='bbox 2147 3597 2239 3652; x_wconf 85' lang='lat' dir='ltr'><strong>pp.</strong></span> <span class='ocrx_word' id='word_1_246' title='bbox 2278 3580 2449 3638; x_wconf 74' lang='lat'>425—</span> <span class='ocrx_word' id='word_1_247' title='bbox 2457 3577 2642 3649; x_wconf 77' lang='lat'><strong>442²).</strong></span> 
     </span>
    </p>
   </div>
   <div class='ocr_carea' id='block_1_11' title="bbox 827 3728 3075 4538">
    <p class='ocr_par' dir='ltr' id='par_1_13' title="bbox 831 3728 3070 3896">
     <span class='ocr_line' id='line_1_32' title="bbox 1012 3728 3070 3813; baseline -0.003 -14.929"><span class='ocrx_word' id='word_1_248' title='bbox 1012 3747 1052 3812; x_wconf 97' lang='grc'><strong>1)</strong></span> <span class='ocrx_word' id='word_1_249' title='bbox 1093 3728 1241 3813; x_wconf 87' lang='lat' dir='ltr'><strong>Apud</strong></span> <span class='ocrx_word' id='word_1_250' title='bbox 1278 3743 1556 3798; x_wconf 85' lang='lat' dir='ltr'><strong>Hardouin.</strong></span> <span class='ocrx_word' id='word_1_251' title='bbox 1595 3744 1788 3799; x_wconf 82' lang='lat' dir='ltr'><strong>Concil.</strong></span> <span class='ocrx_word' id='word_1_252' title='bbox 1826 3747 1949 3796; x_wconf 89' lang='lat' dir='ltr'><strong>tom.</strong></span> <span class='ocrx_word' id='word_1_253' title='bbox 1989 3743 2039 3808; x_wconf 87' lang='lat'><strong>4,</strong></span> <span class='ocrx_word' id='word_1_254' title='bbox 2078 3758 2126 3811; x_wconf 91' lang='lat' dir='ltr'><strong>p.</strong></span> <span class='ocrx_word' id='word_1_255' title='bbox 2165 3741 2465 3796; x_wconf 67' lang='lat'><strong>511—512.</strong></span> <span class='ocrx_word' id='word_1_256' title='bbox 2506 3743 2560 3794; x_wconf 91' lang='lat' dir='ltr'><strong>et</strong></span> <span class='ocrx_word' id='word_1_257' title='bbox 2596 3740 2786 3808; x_wconf 71' lang='lat' dir='ltr'><strong>migne,</strong></span> <span class='ocrx_word' id='word_1_258' title='bbox 2825 3738 2970 3793; x_wconf 84' lang='lat' dir='ltr'><strong>Patr.</strong></span> <span class='ocrx_word' id='word_1_259' title='bbox 2991 3755 3070 3810; x_wconf 84' lang='lat' dir='ltr'><strong>gr.</strong></span> 
     </span>
     <span class='ocr_line' id='line_1_33' title="bbox 831 3825 1527 3896; baseline -0.006 -14"><span class='ocrx_word' id='word_1_260' title='bbox 831 3834 868 3882; x_wconf 89' lang='lat' dir='ltr'><strong>t.</strong></span> <span class='ocrx_word' id='word_1_261' title='bbox 908 3829 993 3894; x_wconf 83' lang='lat'><strong>98,</strong></span> <span class='ocrx_word' id='word_1_262' title='bbox 1031 3841 1116 3896; x_wconf 90' lang='lat' dir='ltr'><strong>pp.</strong></span> <span class='ocrx_word' id='word_1_263' title='bbox 1157 3825 1527 3879; x_wconf 80' lang='lat'>1441-1442.</span> 
     </span>
    </p>

    <p class='ocr_par' dir='ltr' id='par_1_14' title="bbox 827 3899 3075 4538">
     <span class='ocr_line' id='line_1_34' title="bbox 1011 3899 3071 3974; baseline -0.005 -13"><span class='ocrx_word' id='word_1_264' title='bbox 1011 3906 1055 3974; x_wconf 81' lang='lat'><strong>²)</strong></span> <span class='ocrx_word' id='word_1_265' title='bbox 1095 3905 1154 3960; x_wconf 91' lang='lat' dir='ltr'><strong>In</strong></span> <span class='ocrx_word' id='word_1_266' title='bbox 1190 3905 1510 3962; x_wconf 79' lang='lat' dir='ltr'><strong>declarandis</strong></span> <span class='ocrx_word' id='word_1_267' title='bbox 1547 3904 1699 3958; x_wconf 87' lang='lat' dir='ltr'><strong>rebus</strong></span> <span class='ocrx_word' id='word_1_268' title='bbox 1738 3904 1803 3957; x_wconf 88' lang='lat' dir='ltr'><strong>ad</strong></span> <span class='ocrx_word' id='word_1_269' title='bbox 1839 3902 2135 3956; x_wconf 86' lang='lat' dir='ltr'><strong>hodiernam</strong></span> <span class='ocrx_word' id='word_1_270' title='bbox 2174 3902 2515 3955; x_wconf 76' lang='lat' dir='ltr'><strong>festivitatem</strong></span> <span class='ocrx_word' id='word_1_271' title='bbox 2540 3899 2915 3969; x_wconf 82' lang='lat' dir='ltr'><strong>pertinentibus</strong></span> <span class='ocrx_word' id='word_1_272' title='bbox 2943 3899 3071 3952; x_wconf 83' lang='lat' dir='ltr'><strong>varii</strong></span> 
     </span>
     <span class='ocr_line' id='line_1_35' title="bbox 830 3979 3072 4058; baseline -0.004 -16"><span class='ocrx_word' id='word_1_273' title='bbox 830 3989 973 4042; x_wconf 86' lang='lat' dir='ltr'><strong>varie</strong></span> <span class='ocrx_word' id='word_1_274' title='bbox 1012 3991 1307 4058; x_wconf 81' lang='lat' dir='ltr'><strong>peccarunt.</strong></span> <span class='ocrx_word' id='word_1_275' title='bbox 1381 3985 1467 4040; x_wconf 82' lang='lat' dir='ltr'><strong>Sic</strong></span> <span class='ocrx_word' id='word_1_276' title='bbox 1503 3985 1535 4041; x_wconf 89' lang='lat' dir='ltr'><strong>J</strong></span> <span class='ocrx_word' id='word_1_277' title='bbox 1543 3985 1770 4048; x_wconf 76' lang='lat' dir='ltr'><strong>uniu3‚</strong></span> <span class='ocrx_word' id='word_1_278' title='bbox 1811 3982 2116 4036; x_wconf 78' lang='lat' dir='ltr'><strong>scholiastes</strong></span> <span class='ocrx_word' id='word_1_279' title='bbox 2155 3981 2515 4050; x_wconf 83' lang='lat' dir='ltr'><strong>Curopalatae‚</strong></span> <span class='ocrx_word' id='word_1_280' title='bbox 2566 3980 2802 4049; x_wconf 80' lang='lat' dir='ltr'><strong>peccavit</strong></span> <span class='ocrx_word' id='word_1_281' title='bbox 2838 3979 2895 4032; x_wconf 80' lang='lat' dir='ltr'><strong>in</strong></span> <span class='ocrx_word' id='word_1_282' title='bbox 2935 3980 3072 4033; x_wconf 75' lang='lat' dir='ltr'><strong>ossi-</strong></span> 
     </span>
     <span class='ocr_line' id='line_1_36' title="bbox 827 4060 3073 4139; baseline -0.005 -15"><span class='ocrx_word' id='word_1_283' title='bbox 827 4068 1047 4139; x_wconf 66' lang='lat' dir='ltr'><strong>‚qnando</strong></span> <span class='ocrx_word' id='word_1_284' title='bbox 1083 4072 1352 4137; x_wconf 83' lang='lat' dir='ltr'><strong>tempore,</strong></span> <span class='ocrx_word' id='word_1_285' title='bbox 1400 4066 1719 4120; x_wconf 81' lang='lat' dir='ltr'><strong>Dominicam</strong></span> <span class='ocrx_word' id='word_1_286' title='bbox 1766 4062 2100 4117; x_wconf 85' lang='lat' dir='ltr'><strong>orthodoxiae</strong></span> <span class='ocrx_word' id='word_1_287' title='bbox 2150 4067 2242 4116; x_wconf 85' lang='lat' dir='ltr'><strong>aut</strong></span> <span class='ocrx_word' id='word_1_288' title='bbox 2272 4064 2505 4131; x_wconf 81' lang='lat' dir='ltr'><strong>junctam</strong></span> <span class='ocrx_word' id='word_1_289' title='bbox 2551 4065 2643 4114; x_wconf 86' lang='lat' dir='ltr'><strong>aut</strong></span> <span class='ocrx_word' id='word_1_290' title='bbox 2679 4060 2963 4128; x_wconf 83' lang='lat' dir='ltr'><strong>proximam</strong></span> <span class='ocrx_word' id='word_1_291' title='bbox 3002 4060 3073 4113; x_wconf 88' lang='lat' dir='ltr'><strong>di-</strong></span> 
     </span>
     <span class='ocr_line' id='line_1_37' title="bbox 833 4139 3073 4215; baseline -0.005 -11"><span class='ocrx_word' id='word_1_292' title='bbox 833 4150 991 4204; x_wconf 84' lang='lat' dir='ltr'><strong>cendo</strong></span> <span class='ocrx_word' id='word_1_293' title='bbox 1029 4149 1371 4202; x_wconf 84' lang='lat' dir='ltr'><strong>Pentecostae</strong></span> <span class='ocrx_word' id='word_1_294' title='bbox 1424 4146 1579 4215; x_wconf 89' lang='lat' dir='ltr'><strong>(apud</strong></span> <span class='ocrx_word' id='word_1_295' title='bbox 1616 4146 1805 4214; x_wconf 87' lang='lat' dir='ltr'><strong>Migne‚</strong></span> <span class='ocrx_word' id='word_1_296' title='bbox 1858 4144 2001 4197; x_wconf 89' lang='lat' dir='ltr'><strong>Patr.</strong></span> <span class='ocrx_word' id='word_1_297' title='bbox 2039 4159 2119 4212; x_wconf 79' lang='lat' dir='ltr'><strong>gr.</strong></span> <span class='ocrx_word' id='word_1_298' title='bbox 2158 4147 2197 4195; x_wconf 90' lang='lat' dir='ltr'><strong>t.</strong></span> <span class='ocrx_word' id='word_1_299' title='bbox 2238 4143 2357 4209; x_wconf 83' lang='lat'>157,</span> <span class='ocrx_word' id='word_1_300' title='bbox 2408 4158 2491 4211; x_wconf 89' lang='lat' dir='ltr'><strong>pp.</strong></span> <span class='ocrx_word' id='word_1_301' title='bbox 2529 4140 2856 4207; x_wconf 67' lang='lat'><strong>384-385).</strong></span> <span class='ocrx_word' id='word_1_302' title='bbox 2930 4139 3073 4193; x_wconf 86' lang='lat' dir='ltr'><strong>Fal-</strong></span> 
     </span>
     <span class='ocr_line' id='line_1_38' title="bbox 834 4220 3072 4298; baseline -0.005 -14"><span class='ocrx_word' id='word_1_303' title='bbox 834 4247 900 4284; x_wconf 78' lang='lat' dir='ltr'><strong>co</strong></span> <span class='ocrx_word' id='word_1_304' title='bbox 913 4231 1055 4284; x_wconf 87' lang='lat' dir='ltr'><strong>nius</strong></span> <span class='ocrx_word' id='word_1_305' title='bbox 1110 4228 1346 4298; x_wconf 81' lang='lat' dir='ltr'><strong>peccavit</strong></span> <span class='ocrx_word' id='word_1_306' title='bbox 1395 4227 1448 4279; x_wconf 82' lang='lat' dir='ltr'><strong>in</strong></span> <span class='ocrx_word' id='word_1_307' title='bbox 1501 4225 1914 4280; x_wconf 78' lang='lat' dir='ltr'><strong>determinando</strong></span> <span class='ocrx_word' id='word_1_308' title='bbox 1963 4224 2200 4292; x_wconf 51' lang='lat' dir='ltr'><strong>objectos</strong></span> <span class='ocrx_word' id='word_1_309' title='bbox 2253 4223 2373 4277; x_wconf 84' lang='lat' dir='ltr'><strong>festi</strong></span> <span class='ocrx_word' id='word_1_310' title='bbox 2424 4221 2672 4292; x_wconf 78' lang='lat' dir='ltr'><strong>mysterio</strong></span> <span class='ocrx_word' id='word_1_311' title='bbox 2724 4220 2775 4273; x_wconf 88' lang='lat' dir='ltr'><strong>in</strong></span> <span class='ocrx_word' id='word_1_312' title='bbox 2826 4220 3072 4274; x_wconf 83' lang='lat' dir='ltr'><strong>memoria</strong></span> 
     </span>
     <span class='ocr_line' id='line_1_39' title="bbox 834 4300 3072 4382; baseline -0.005 -17"><span class='ocrx_word' id='word_1_313' title='bbox 834 4311 1084 4382; x_wconf 88' lang='lat' dir='ltr'><strong>septimae</strong></span> <span class='ocrx_word' id='word_1_314' title='bbox 1122 4308 1303 4379; x_wconf 85' lang='lat' dir='ltr'><strong>synodi</strong></span> <span class='ocrx_word' id='word_1_315' title='bbox 1340 4307 1598 4376; x_wconf 84' lang='lat' dir='ltr'><strong>generalis</strong></span> <span class='ocrx_word' id='word_1_316' title='bbox 1634 4307 1803 4376; x_wconf 83' lang='lat' dir='ltr'><strong>posito</strong></span> <span class='ocrx_word' id='word_1_317' title='bbox 1844 4305 1998 4375; x_wconf 81' lang='lat' dir='ltr'><strong>(apud</strong></span> <span class='ocrx_word' id='word_1_318' title='bbox 2036 4305 2303 4358; x_wconf 88' lang='lat' dir='ltr'><strong>Asseman.</strong></span> <span class='ocrx_word' id='word_1_319' title='bbox 2341 4302 2374 4356; x_wconf 93' lang='grc'><strong>1.</strong></span> <span class='ocrx_word' id='word_1_320' title='bbox 2414 4307 2513 4366; x_wconf 83' lang='lat' dir='ltr'><strong>e.):</strong></span> <span class='ocrx_word' id='word_1_321' title='bbox 2563 4301 2800 4355; x_wconf 84' lang='lat' dir='ltr'><strong>Muralt</strong></span> <span class='ocrx_word' id='word_1_322' title='bbox 2849 4300 3072 4365; x_wconf 82' lang='lat' dir='ltr'><strong>(Mura-</strong></span> 
     </span>
     <span class='ocr_line' id='line_1_40' title="bbox 835 4383 3074 4459; baseline -0.004 -14"><span class='ocrx_word' id='word_1_323' title='bbox 835 4392 1018 4454; x_wconf 84' lang='lat' dir='ltr'><strong>vieff)</strong></span> <span class='ocrx_word' id='word_1_324' title='bbox 1059 4389 1295 4459; x_wconf 82' lang='lat' dir='ltr'><strong>peccavit</strong></span> <span class='ocrx_word' id='word_1_325' title='bbox 1331 4389 1386 4442; x_wconf 83' lang='lat' dir='ltr'><strong>in</strong></span> <span class='ocrx_word' id='word_1_326' title='bbox 1411 4387 1772 4459; x_wconf 75' lang='lat' dir='ltr'><strong>praefiqendo</strong></span> <span class='ocrx_word' id='word_1_327' title='bbox 1800 4390 1948 4458; x_wconf 80' lang='lat' dir='ltr'><strong>line,</strong></span> <span class='ocrx_word' id='word_1_328' title='bbox 1999 4385 2325 4439; x_wconf 85' lang='lat' dir='ltr'><strong>solemnitate</strong></span> <span class='ocrx_word' id='word_1_329' title='bbox 2377 4400 2437 4438; x_wconf 87' lang='lat' dir='ltr'><strong>eo</strong></span> <span class='ocrx_word' id='word_1_330' title='bbox 2476 4385 2750 4444; x_wconf 80' lang='lat' dir='ltr'><strong>revocata,</strong></span> <span class='ocrx_word' id='word_1_331' title='bbox 2810 4387 2867 4435; x_wconf 86' lang='lat' dir='ltr'><strong>ut</strong></span> <span class='ocrx_word' id='word_1_332' title='bbox 2904 4383 3074 4451; x_wconf 85' lang='lat' dir='ltr'><strong>imago</strong></span> 
     </span>
     <span class='ocr_line' id='line_1_41' title="bbox 835 4461 3075 4538; baseline -0.005 -11"><span class='ocrx_word' id='word_1_333' title='bbox 835 4473 932 4527; x_wconf 90' lang='lat' dir='ltr'><strong>Dei</strong></span> <span class='ocrx_word' id='word_1_334' title='bbox 972 4473 1020 4526; x_wconf 88' lang='lat' dir='ltr'><strong>in</strong></span> <span class='ocrx_word' id='word_1_335' title='bbox 1059 4470 1261 4524; x_wconf 87' lang='lat' dir='ltr'><strong>homine</strong></span> <span class='ocrx_word' id='word_1_336' title='bbox 1299 4471 1442 4538; x_wconf 88' lang='lat' dir='ltr'><strong>lapso</strong></span> <span class='ocrx_word' id='word_1_337' title='bbox 1494 4484 1586 4537; x_wconf 87' lang='lat' dir='ltr'><strong>per</strong></span> <span class='ocrx_word' id='word_1_338' title='bbox 1620 4467 1884 4522; x_wconf 84' lang='lat' dir='ltr'><strong>ardentem</strong></span> <span class='ocrx_word' id='word_1_339' title='bbox 1920 4465 2071 4520; x_wconf 86' lang='lat' dir='ltr'><strong>fidem</strong></span> <span class='ocrx_word' id='word_1_340' title='bbox 2121 4466 2172 4519; x_wconf 90' lang='lat' dir='ltr'><strong>in</strong></span> <span class='ocrx_word' id='word_1_341' title='bbox 2209 4465 2468 4519; x_wconf 83' lang='lat' dir='ltr'><strong>Christum</strong></span> <span class='ocrx_word' id='word_1_342' title='bbox 2517 4467 2799 4517; x_wconf 84' lang='lat' dir='ltr'><strong>renovetur</strong></span> <span class='ocrx_word' id='word_1_343' title='bbox 2846 4461 3075 4533; x_wconf 77' lang='lat' dir='ltr'><strong>(Brt&#39;ese</strong></span> 
     </span>
    </p>
   </div>
  </div>
 </body>
</html>
