3514 5391
665 512 749 577 A'.
785 516 878 588 τῆς
912 517 1440 593 μεσοτῐεντηκοστῆς.
1501 513 1620 580 Fer.
1657 514 1729 579 1v
1732 563 1744 579 .
1787 517 1986 580 mediae
2023 515 2379 581 Pentecostes.

777 718 1091 776 Θεοτοιιίον.
1135 757 1142 763 .

503 819 775 904 Γέγονεν
819 819 859 913 ἡ
900 816 1117 889 κοιλία
1162 843 1281 889 σου
1320 816 1473 906 ἁγία

393 917 707 1007 τράπεζα,
757 913 992 1001 ἔχουσα
1021 919 1138 986 τὸν
1175 918 1474 1004 οὐράνιον

395 1015 622 1102 ὅρτον,
691 1015 763 1099 ἐξ
823 1009 898 1083 οὗ
942 1022 1076 1096 πᾶς
1135 1016 1171 1082 ὁ
1216 1016 1474 1103 τρώγων

393 1114 469 1182 οὗ
537 1114 849 1205 θνήσκει,
952 1114 1002 1182 α’
1005 1140 1041 1195 ς
1118 1110 1355 1205 ἔφησεν
1437 1114 1473 1180 ὁ

393 1211 665 1296 παντός,
705 1216 1150 1304 Θεογεννῆτορ,
1183 1211 1473 1303 τροφεύς.

767 1525 993 1615 Ὠιδὴ
1039 1524 1119 1608 ς’.

781 1640 871 1701 Ὡς
904 1641 1098 1698 ὕδατα.

496 1749 576 1818 Ὁ
623 1747 844 1816 πάντα
883 1748 1215 1839 περιέπων
1245 1747 1327 1815 τὰ
1362 1746 1472 1814 πέ-

387 1874 595 1936 ρατα,
666 1848 972 1940 ἀνῆλθες,
1039 1847 1298 1938 Ἰησοῦς,
1364 1845 1474 1913 καὶ

389 1944 738 2026 ἐδίδασκες
805 1946 874 2014 έν
944 1951 1040 2034 τῷ
1106 1942 1286 2035 ἱερῷ·
1324 1945 1475 2023 τούς

389 2046 631 2129 ὄχλους
652 2044 984 2130 τὸνλόγον
1005 2050 1119 2135 τῆς
1137 2040 1471 2134 ἀληθείας,

387 2151 498 2225 vrrs
521 2141 758 2234 ἑορτῆς
776 2142 1115 2233 μεσούσης,
1155 2141 1241 2222 ὥς
1260 2142 1471 2209 Ἰωάν-

388 2269 496 2335 νης
538 2249 707 2332 βοᾷ.

490 2341 905 2424 Ἀνέπτυξας
962 2340 1045 2408 τὰ
1097 2336 1275 2430 χείλη
1332 2362 1470 2422 σου,

393 2442 738 2509 Δέσποτα·
786 2439 1089 2528 ἑκήρυξας
1131 2445 1225 2526 τῷ
1251 2439 1472 2526 κόσμῳ

389 2541 502 2607 τὸν
549 2541 833 2628 ἄχρονον
877 2536 1178 2624 Πατέρα,
1242 2537 1351 2604 καὶ
1396 2539 1472 2603 τὸ

392 2639 724 2726 πανάγιον
769 2643 1034 2724 Πνεῦμα
1050 2688 1068 2721 ,
1131 2636 1209 2704 τὸ
1264 2659 1471 2723 συγγε-

390 2741 492 2819 νὲς
536 2736 928 2829 ἀμφοτέρων
973 2735 1311 2825 φυλάττων
1364 2735 1473 2801 καὶ

389 2838 552 2924 μετὰ
598 2837 947 2926 σάρκωσιν.

505 2936 601 3003 Τὸ
650 2931 840 3024 ἔργον
883 2939 999 3001 τοῦ
1030 2932 1290 3022 Πατρός
1335 2931 1470 3001 ἐτε-

393 3031 695 3114 λείωσας·
733 3036 873 3113 τοῖς
894 3028 1104 3120 ἔργοις
1128 3030 1472 3100 ἐπιστώσω

391 3134 543 3213 τούς
568 3132 804 3218 λόγους
832 3153 970 3215 σου,
1017 3127 1229 3208 ἰάσεις
1251 3130 1469 3214 τελῶν,

399 3236 617 3319 Σῶτερ
631 3283 646 3313 ,
713 3230 822 3296 καὶ
868 3232 1119 3319 σημεῖα,
1183 3227 1469 3314 παράλυ-

394 3354 507 3396 τον
552 3329 882 3417 ἀνορθῶν,
929 3325 1204 3415 λεπροὺς
1228 3319 1471 3393 καθαί-

397 3453 541 3516 ρων,
578 3426 695 3495 καὶ
718 3425 869 3504 τοίς
892 3424 1147 3513 νεκροὺς
1175 3424 1469 3492 ἀνιστῶν.
1497 3492 1500 3497 ,

500 3626 575 3693 Ὁ
622 3622 898 3712 ἄναρχος
953 3618 1110 3701 Υἱὸς
1169 3621 1326 3713 ἀρχὴ
1370 3620 1473 3708 γε’-

398 3747 544 3809 γονε
619 3722 844 3807 λαβὼν
914 3720 1015 3787 ‘cb'
1059 3719 1218 3787 καθ’
1291 3719 1471 3805 ἱμὰς

2546 519 2656 582 853

1923 716 1983 774 In
2019 716 2317 791 Deiparam.

1682 825 1918 892 Faetus
1937 831 2032 891 est
2049 831 2193 891 tuus
2206 831 2422 892 uterus
2439 844 2656 893 mensa

1581 942 1779 1002 saera,
1829 922 2083 989 coelesti
2131 924 2435 989 instructa
2473 943 2652 1008 pane,

1582 1042 1657 1086 ex
1706 1041 1829 1106 quo
1878 1021 1930 1087 si
1957 1021 2484 1114 quis-manducat,
2532 1041 2653 1086 non

1581 1119 2652 1203 moritur,quemadmodumloeutus

1583 1222 1697 1297 est,
1747 1218 1863 1283 Dei
1899 1217 2200 1296 Genitrix,
2256 1219 2361 1302 qui
2409 1216 2654 1283 univer-

1583 1336 1722 1381 sum
1774 1316 1900 1382 alit.

1986 1529 2149 1595 Ode
2198 1530 2258 1595 6.

1937 1653 2082 1708 Sicut
2119 1669 2300 1724 aquae.
2412 1693 2418 1698 -

1690 1752 1807 1834 Qui
1854 1752 2013 1818 fines
2046 1772 2262 1817 omnes
2292 1751 2652 1828 moderariS‚

1583 1851 1936 1925 ascendisti,
1976 1851 2150 1929 Jesu‚
2190 1856 2259 1915 ut
2283 1850 2511 1915 elamat
2541 1850 2651 1914 Jo-

1583 1971 1811 2033 annes,
1891 1950 2051 2015 festo
2112 1950 2245 2036 jam
2314 1950 2645 2024 mediante,

1584 2051 1922 2133 turbasque
1978 2049 2043 2113 in
2099 2047 2331 2133 templo
2390 2047 2649 2114 verbum

1585 2147 1859 2213 veritatis
1907 2147 2193 2212 docuisti.

1689 2343 2029 2430 Aperuisti,
2079 2344 2366 2426 Domine,
2415 2348 2522 2409 tua
2563 2343 2651 2409 la-

1583 2443 1716 2520 bia3
1797 2442 2052 2508 Patrem
2120 2447 2439 2508 aeternum
2510 2449 2653 2507 san4

1584 2542 2056 2625 ctissimumque
2088 2539 2387 2625 Spiritum
2421 2541 2653 2605 mundo

1584 2641 1984 2726 praedicasti:
2038 2640 2138 2707 eui
2185 2639 2373 2705 etiam
2411 2659 2652 2704 assum-

1585 2746 1690 2825 pta
1737 2760 1922 2806 earne
1978 2738 2238 2824 pristina
2292 2757 2435 2803 eum
2479 2742 2650 2802 utro-

1585 2860 1705 2924 que
1752 2838 2040 2925 eognatio
2090 2837 2409 2903 consistat.

1688 2937 1895 3002 Patris
1958 2934 2402 3001 consummasti
2460 2954 2649 3018 opus:

1584 3055 1906 3101 sermones
1969 3040 2110 3099 tuos
2167 3033 2459 3118 operibus
2507 3053 2651 3098 eon-

1582 3133 1866 3212 firmasti‚
1930 3133 2282 3198 sanationes
2329 3132 2649 3216 signaque,

1584 3231 1883 3311 Salvator,
1944 3231 2294 3316 perficiem,
2361 3228 2653 3314 paralyti—

1582 3350 1726 3395 cum
1773 3329 2041 3415 erigens,
2089 3329 2401 3394 mundans
2447 3327 2649 3412 lepro-

1581 3449 1703 3507 sos,
1757 3429 2145 3512 mortuisque
2193 3429 2270 3493 ad
2320 3427 2501 3492 vitam
2553 3445 2649 3489 re-

1582 3527 1836 3593 vocatis,

1689 3624 1805 3707 Qui
1824 3630 2112 3689 aeternus
2140 3644 2212 3687 ae
2230 3623 2517 3708 principii
2548 3643 2651 3687 ex-

1586 3743 1729 3807 pers
1744 3722 1943 3788 Filius
1961 3741 2153 3806 quum
2172 3725 2355 3803 esset,
2378 3721 2652 3786 humana

401 3819 900 3912 ἔνηνθρώπησε,
964 3819 1072 3886 καὶ
1116 3818 1315 3903 μέσον
1368 3824 1479 3909 τῆς
1587 3825 1905 3905 assumpta
1987 3826 2207 3884 natura
2279 3819 2647 3904 prineipium

403 3915 624 4010 ἑορτῆς
648 3914 970 4000 ἐδίδασκε,
1001 3916 1215 4002 λέγων·
1257 3923 1473 4005 Προσ-

409 4100 450 4111 b
767 4096 838 4110 ——A

1586 3924 1829 3986 oreatus
1854 3923 1948 3983 est
1973 3918 2041 4002 ²),
2089 3917 2417 4002 saetasque
2441 3918 2648 3993 homo,

590 4212 632 4277 ι)
671 4207 844 4279 Ἀρχὴ
882 4209 1092 4277 γέγονε,
1129 4205 1309 4272 λαβών
1345 4204 1409 4260 τό
1450 4206 1578 4259 καθ’
1615 4204 1781 4276 ἡμᾶς,
1831 4201 1882 4259 h.
1923 4220 1997 4271 e.‚
2049 4206 2229 4257 nostra
2273 4201 2531 4255 hominum
2568 4218 2649 4255 as·

406 4294 612 4359 sumpta
647 4293 870 4355 natum,
919 4288 1018 4343 Dei
1053 4288 1189 4342 filius
1225 4288 1394 4343 factus
1432 4291 1515 4341 est
1550 4285 1870 4357 principium,
1928 4284 1979 4337 in
2019 4299 2118 4352 quo
2155 4283 2314 4336 simus
2351 4281 2449 4351 ipsi
2489 4281 2649 4334 creati

408 4370 462 4423 in
494 4369 742 4439 operibus
775 4368 922 4424 bonis
962 4368 1171 4439 (Ephes.
1210 4371 1260 4437 3,
1301 4371 1409 4436 10),
1449 4367 1753 4422 instauratis
1791 4381 1853 4419 ac
1891 4380 1983 4418 ceu
2020 4365 2073 4417 in
2109 4362 2359 4431 principio
2394 4360 2650 4430 recapitu-

410 4448 530 4503 latis
568 4451 622 4504 in
659 4465 725 4503 eo
762 4448 992 4504 omnibus
1032 4447 1240 4519 (Ephes.
1280 4452 1329 4518 1,
1368 4442 1476 4518 10).

513 4557 765 4617 Ninos,
799 4552 1199 4623 Ἑορτολόγιον,
1237 4559 1311 4608 11.
1367 4557 1513 4607 Edit.
1552 4571 1659 4607 sec.
2364 4548 2434 4602 23
