3514 5391
721 528 826 580 150

725 633 912 643 -.α-φ.-
941 632 1032 643 *⁴⁴*-

719 724 788 789 ὁέ
835 722 1087 805 ἄλλοις,
1154 720 1263 789 καὶ
1317 720 1431 788 τὸν
1495 724 1790 811 παρόντα

718 823 916 907 μέγαν
961 824 1200 889 κανόνα
1232 822 1552 904 συνέταξε,
1601 821 1788 887 κατά-

721 926 893 1004 νυξιν
922 925 967 1008 ¹)
1018 921 1289 1007 ἄπειρον
1320 916 1568 1003 ἔχοντα.
1644 924 1789 985 Πᾶ-

718 1042 841 1086 σαν
863 1020 978 1105 γὰρ
1004 1021 1291 1097 παλαιᾶς
1313 1018 1419 1084 καὶ
1453 1017 1595 1096 νέας
1618 1014 1785 1083 ἱστο-

718 1115 863 1204 ρίαν
940 1118 1257 1205 ὄιαθοξκης
1334 1116 1790 1204 ἐρανισάμενος

719 1218 824 1283 καὶ
857 1214 1198 1302 ἀθροίσας,
1246 1215 1322 1283 τὸ
1354 1215 1568 1302 παρὸν
1593 1213 1783 1303 ἡρμό-

719 1322 886 1382 σατο
911 1315 1122 1400 μέλος,
1155 1314 1291 1379 ἀπὸ
1317 1313 1522 1397 ’Λόὰμ
1556 1313 1790 1403 ὁελαδὴ

716 1413 900 1501 μέχρι
946 1413 1055 1478 καὶ
1100 1412 1289 1501 αὐτῆς
1313 1417 1602 1499 Χριστοῦ
1633 1411 1789 1477 ἀνα-

718 1512 1009 1601 λήψιως,
1073 1510 1182 1576 καὶ
1248 1515 1363 1575 τοῦ
1419 1515 1552 1575 ’τῶν
1616 1508 1788 1574 ἀπο-

718 1611 965 1677 στόλων
1032 1607 1444 1696 κηρύγματος·
1515 1606 1790 1695 προτρέ-

717 1732 914 1775 πεται
960 1713 1110 1792 γοῦν
1157 1705 1268 1772 διὰ
1293 1705 1525 1771 τούτου
1561 1712 1790 1771 πᾶσαν

726 1806 964 1898 ψυχὴν,
1032 1805 1156 1871 ὅσα
1218 1794 1354 1889 μέν’
1395 1803 1617 1888 ἀγαθὰ
1677 1810 1791 1893 τῆς

719 1901 1009 1992 ἱστορίας
1032 1905 1259 1993 ζηλοῦν
1300 1903 1407 1969 καὶ
1436 1906 1787 1988 μιμεῖσθαι

720 2003 885 2091 πρὸς
914 2003 1203 2087 δύναμιν,
1239 2000 1362 2067 ὅσα
1395 2001 1467 2066 δέ
1483 2007 1612 2066 τῶν
1631 2001 1787 2090 φαὺ·

718 2104 863 2183 λων,
914 2099 1324 2188 ἀποφεύγειν,
1363 2098 1471 2165 καὶ
1498 2098 1596 2165 ἀεὶ
1624 2100 1790 2186 πρὸς

725 2201 917 2267 Θιόν1
952 2198 1348 2285 ἀνατρέχειν,
1424 2198 1534 2263 διὰ
1592 2223 1789 2282 μετα-

723 2296 917 2379 νοίας,
967 2298 1076 2364 διὰ
1123 2297 1430 2384 δακρίωι·,
1491 2296 1599 2360 καὶ
1646 2295 1790 2374 ἐξο-

717 2396 1118 2485 ,tonost-aem,-
1206 2394 1314 2460 καὶ
1404 2400 1514 2482 τῆς
1596 2392 1792 2482 ἄλλης

719 2494 1008 2585 δηλονότι
1062 2493 1541 2583 εὖαριστήσεως.
1610 2493 1791 2582 Πλὴν

718 2591 811 2669 εἷς
855 2594 1167 2659 τοσοῦτόν
1213 2588 1389 2658 ἐστιν
1434 2590 1652 2679 εἷ’·ροις
1683 2592 1789 2658 καὶ

720 2692 1023 2782 ἒμμιλῂς,
1099 2690 1189 2770 ὥς
1249 2689 1357 2756 καὶ
1423 2688 1617 2780 αὐτὴν
1677 2690 1792 2779 τὴν

719 2790 1143 2880 σκληροτέραν
1175 2789 1380 2878 ψυχὴν
1411 2785 1643 2866 ἱκανῶς
1664 2814 1790 2873 μα-

718 2891 930 2973 λάξαι,
960 2888 1254 2975 καὶπρὸς
1278 2886 1603 2977 ἀνάληψιν
1633 2885 1790 2971 ἀγα-

724 2993 851 3080 ἑλοῦ
897 2988 1221 3073 διεγεῖραι·
1283 2981 1338 3050 εἶ
1387 2984 1581 3070 μόνον
1628 2985 1790 3067 μετὰ

720 3083 1246 3173 συντετριμμένης
1325 3078 1594 3170 καρδίας
1682 3083 1790 3149 καὶ

723 3189 1045 3273 προσοχῆς
1070 3181 1417 3271 ἀνηκούσης
1451 3182 1789 3272 ψάλλοιτο.

723 3279 1022 3371 Ἐποίησε
1071 3281 1140 3346 δὲ
1184 3287 1448 3361 τοῦτον,
1517 3279 1625 3346 ὅτε
1682 3280 1790 3346 καὶ

722 3380 758 3446 ὁ
807 3379 1207 3467 πατριάρχης
1252 3377 1713 3464 Ἱεροσολύμων
1754 3378 1790 3444 ὁ

719 3480 916 3564 μέγας
1012 3477 1385 3567 Senserit-cog
1479 3477 1593 3543 τὸν
1681 3482 1794 3565 τῆς

720 3572 1099 3662 Αἰγυπτίας
1147 3573 1413 3663 Μαρίας
1455 3572 1606 3657 βίον
1643 3596 1791 3641 συν-

719 3677 1071 3766 εγράψατο·
1121 3674 1463 3757 κατάνυξιν
1508 3673 1624 3760 γὰρ
1683 3671 1792 3738 καὶ

1371 526 1529 579 Festa
1553 525 1773 579 ‘mobilia
1810 526 1861 578 in
1899 524 2320 594 Quadragesima.

1899 745 2019 810 que
2052 718 2563 810 'compunctione
2642 714 2961 803 refertum,

1900 824 2252 889 elaboravit.
2348 824 2621 890 Collecta
2678 825 2840 896 enim
2901 825 2963 889 in

1901 943 2087 987 unum
2138 923 2427 989 universa
2456 923 2700 988 Veteris
2726 927 2787 988 et
2802 923 2963 988 Novi

1898 1021 2278 1087 Testamenti
2326 1022 2603 1099 historia,
2655 1022 2961 1086 canticum

1898 1119 2018 1185 hoc
2066 1122 2432 1204 composuit,
2483 1120 2846 1185 ab'Adamo
2876 1121 2966 1185 vi-

1898 1218 2123 1283 delicet
2180 1239 2378 1302 usque
2436 1221 2513 1283 ad
2563 1218 2794 1283 Christi
2842 1220 2965 1283 As·

1898 1317 2313 1401 sumptionem
2355 1324 2417 1382 et
2445 1318 2963 1401 praedicationem

1900 1415 2352 1499 apostolorum3
2403 1436 2524 1500 quo
2550 1416 2801 1499 quidem
2832 1435 2965 1479 om·

1899 1534 2038 1578 nem
2105 1513 2372 1579 animam
2438 1514 2830 1590 cohortatur,
2897 1518 2967 1577 ut

1900 1631 1991 1687 ea,
2042 1631 2201 1694 quae
2246 1611 2309 1675 in
2338 1611 2597 1676 historia
2627 1612 2789 1677 videt
2829 1631 2967 1677 esse

1899 1710 2061 1775 bona
2091 1714 2152 1773 et
2182 1708 2532 1787 laudabilia,
2584 1731 2695 1794 pro
2734 1710 2967 1775 viribus

1899 1814 2203 1883 sectetur;
2253 1828 2412 1891 quae
2462 1829 2604 1874 vero
2638 1808 2819 1885 mala,
2871 1809 2967 1873 su-

1898 1907 2026 1992 giat
2091 1910 2154 1970 et
2214 1912 2532 1972 aversetur
2595 1927 2969 1991 semperque

1898 2005 1975 2069 ad
2024 2004 2223 2069 Deum
2272 2009 2552 2070 recurrat
2597 2026 2709 2089 per
2753 2006 2969 2090 poeni·

1899 2103 2175 2180 tentiam,
2204 2100 2316 2187 pei·
2334 2102 2663 2187 lacrymas,
2691 2123 2803 2186 per
2818 2123 2968 2168 con-

1901 2201 2229 2266 sessionem
2310 2206 2371 2265 et
2429 2221 2541 2284 per
2588 2201 2707 2266 alia
2750 2201 2969 2284 hujus-

1901 2299 2067 2364 modi
2140 2299 2341 2364 Deum
2424 2299 2707 2383 placandi
2787 2300 2971 2383 eique

1900 2397 2184 2481 placendi
2250 2398 2475 2462 media.
2592 2397 2750 2479 Quin
2814 2399 2968 2463 adeo

1901 2515 2095 2561 canon
2160 2494 2264 2559 hic
2326 2515 2589 2560 canorus
2637 2502 2733 2559 est
2797 2497 2967 2561 etin

1901 2594 2139 2658 animas
2200 2599 2329 2681 tam
2377 2594 2557 2658 facile
2605 2594 2831 2671 influit,
2901 2606 2970 2659 ut

1902 2697 1963 2757 et
2026 2695 2329 2770 mentem,
2410 2694 2524 2757 etsi
2596 2694 2967 2778 praeduram

1900 2791 2143 2856 abunde
2206 2790 2512 2869 emolliat,
2578 2796 2640 2856 et
2686 2793 2761 2856 ad
2811 2793 2966 2857 reci-

1900 2889 2193 2973 piendum
2258 2889 2319 2952 id
2381 2891 2544 2973 quod
2608 2892 2836 2954 bonum
2906 2895 2965 2954 et

1898 2987 2229 3051 honestum
2289 2992 2402 3063 est,
2467 2988 2723 3064 excitet;
2785 2989 2967 3052 dum-

1900 3087 2083 3149 modo
2110 3086 2295 3150 corde
2322 3086 2603 3162 contrit0‚
2655 3091 2716 3151 et
2763 3087 2970 3151 debita

1902 3205 2043 3249 cum
2066 3184 2403 3248 attentione
2425 3183 2739 3268 psallatur.
2792 3184 2968 3249 Fecit

1901 3287 2106 3347 autem
2158 3280 2325 3347 hunc
2375 3302 2675 3347 canonem
2709 3303 2781 3347 eo
2811 3289 2968 3348 tem-

1902 3401 2068 3464 pore,
2120 3401 2241 3463 quo
2290 3401 2555 3466 magnus
2582 3380 2968 3465 Sophronius

1901 3478 2254 3564 patriarcha
2346 3479 2965 3563 HierosolymitanuS,

1903 3578 2089 3641 vitam
2137 3577 2375 3641 Mariae
2422 3578 2846 3664 Aegyptiacae
2873 3577 2969 3642 lit·

1902 3674 2051 3740 teris
2082 3675 2397 3739 mandavit
2418 3674 2470 3758 ²)
2490 3697 2521 3753 ς,
2553 3696 2712 3759 quae
2745 3684 2805 3740 et
2834 3676 2971 3759 ipsa

907 3913 945 3978 ⁸)
986 3910 1120 3963 ’Λπὸ
1142 3913 1231 3975 τῆς
1249 3906 1588 3970 κατανύξεως
1614 3923 1777 3961 canon
1803 3908 1971 3960 dictus
2001 3910 2082 3959 cst
2107 3903 2509 3966 κατανυκτικός,
2536 3905 2972 3974 poenitentiali-5,

721 3993 922 4062 proprie
961 3989 1410 4060 compunctorum,
1447 4005 1479 4041 a
1517 3985 1718 4058 νύσσω,
1759 3988 1868 4041 sive
1908 3988 2109 4047 νὺπτω,
2150 4002 2337 4054 pungo,
2377 3991 2431 4039 et
2464 3983 2803 4055 κατανύσσω,
2842 4003 2965 4055 pun-

721 4073 886 4138 gendo
925 4076 1155 4140 penctr0,
1195 4084 1508 4138 compungo;
1549 4068 1821 4134 translate,
1860 4069 2084 4121 animum
2122 4066 2295 4119 dolore
2335 4066 2521 4120 afficio.

901 4151 943 4218 ¹)
986 4150 1234 4216 Quoniam
1273 4169 1314 4204 s.
1354 4148 1667 4219 sophronius
1720 4149 1946 4203 decessit
1998 4164 2081 4201 an.
2120 4149 2227 4201 638
2284 4147 2423 4212 (vide
2475 4153 2596 4200 tom.
2639 4148 2686 4212 1,
2736 4163 2783 4215 p.
2826 4148 2971 4227 120),

721 4251 763 4285 s.
804 4233 1035 4286 Andreas
1074 4237 1247 4285 autem
1285 4231 1423 4284 circa
1461 4232 1567 4285 720
1605 4230 1747 4294 (ibid.
1788 4246 1837 4299 p.
1857 4231 2004 4295 203),
2042 4244 2140 4282 non
2181 4228 2425 4297 impetrat
2463 4243 2495 4280 a
2532 4227 2679 4281 nobis
2704 4226 2972 4299 CallistuS‚

723 4321 793 4372 ut.
833 4312 1114 4382 Sophronio
1152 4312 1314 4365 vitam
1351 4328 1393 4364 e.
1433 4310 1627 4364 Mariae
1665 4309 2009 4374 describente,
2049 4308 2317 4362 credamus
2338 4307 2598 4361 Andream
2624 4307 2971 4376 composuisse

719 4410 960 4462 magnum
999 4407 1272 4454 canonem;
1329 4391 1412 4444 hic
1451 4391 1584 4444 enim
1623 4406 1756 4444 anno
1794 4392 1927 4456 638,
1986 4405 2137 4459 quum
2185 4388 2456 4442 defunctus
2508 4391 2590 4441 est
2640 4386 2970 4456 Sophronius,

721 4474 883 4528 adhuc
922 4474 1090 4527 infans
1131 4473 1287 4527 fuisse
1325 4472 1547 4526 videtur.
1602 4470 1746 4540 Lege
1785 4486 1916 4543 quac
1942 4475 2061 4541 post
2086 4468 2508 4540 Papebroch.
2547 4469 2666 4522 Act.
2694 4467 2784 4522 SS.
2806 4467 2970 4540 April·
