3514 5391
810 464 916 520 378
1306 503 1321 520 .
1519 463 1678 518 Festa
1715 465 1924 519 mobilia
1962 470 2081 534 post
2116 463 2333 519 Pascha.
2377 477 2383 484 ·

815 576 864 583 ...-
897 578 910 582 -
1009 577 1058 583 -..-
1095 577 1260 582 -m
1323 579 1332 583 -
1535 577 1805 583 ..-—⁴-m-
1836 579 1859 584 ,-
1920 578 2141 583 -.--.-

815 662 1062 747 Maj11),
1091 661 2165 747 inSynaxarioGoptorum9.
2194 664 2355 729 Nov.
2386 663 2531 729 etin
2559 662 3049 729 Kalendario

813 761 1133 845 syriaco
1182 760 1334 826 Ood.
1382 767 1501 827 vat.
1561 761 1672 826 Nr.
1720 762 1806 826 69
1854 781 2008 827 msc.
2049 762 2158 828 21.
2205 761 2392 827 Febr.

992 868 1268 933 Mutatae
1315 869 1482 933 sedis
1512 888 1767 936 causam
1795 868 2217 953 Nicephor
2238 889 2323 934 us
2348 867 2751 935 Callistus
2784 869 3049 958 assignat

813 967 875 1031 in
923 966 1250 1050 synaxario
1299 967 1611 1032 scribens:
1689 964 1817 1051 Τὴν
1879 970 2216 1052 παροῦσαν
2273 960 2496 1053 ἑορτὴν
2541 963 2926 1050 ἑορτάζομεν
2969 963 3052 1029 δι’

812 1058 1028 1128 αἰτίαν
1071 1061 1390 1151 τοιαύτην.
1487 1062 1745 1152 Ἐπειδὴ
1782 1061 1916 1151 ’γὰρ
1963 1062 2000 1128 ὁ
2054 1062 2292 1149 Κύριος
2355 1062 2530 1152 ἡμῶν
2589 1063 2839 1153 Ἰησοῦς
2898 1068 3049 1150 Χρι-

811 1161 982 1241 στός,
1030 1161 1143 1251 τὴν
1186 1160 1347 1227 καθ’
1395 1160 1556 1250 ἡμᾶς
1600 1161 1890 1249 φορήσας
1933 1162 2157 1249 σάρκα,
2217 1161 2330 1250 τὴν
2376 1158 2750 1247 οἰκονομίαν
2797 1159 3053 1227 ἅπασαν

812 1259 1088 1349 ἀῤῥὴτως
1133 1259 1446 1348 ἐνήργησε,
1494 1257 1602 1326 καί
1638 1261 1808 1348 πρὸς
1836 1260 1950 1326 τὸν
1980 1266 2290 1347 πατρῷον
2336 1259 2749 1349 ἀποκατέστη
2795 1260 3051 1345 θρόνον,

815 1359 1118 1436 θέλοντες
1162 1358 1368 1440 δεῖξαι
1417 1355 1475 1425 οἶ
1528 1357 1719 1442 ἅγιοι,
1783 1358 1890 1425 ὅτι
1933 1357 2197 1447 ἀληθῶς
2240 1358 2276 1422 ὁ
2335 1353 2494 1436 Υἱὸς
2533 1365 2650 1424 τοῦ
2701 1361 2870 1425 Θεοῦ
2923 1358 3054 1442 ἐγέ-

814 1481 953 1522 νετο
1002 1455 1355 1543 ἄνθρωπος
1374 1510 1389 1538 ,
1454 1457 1560 1523 καὶ
1621 1458 1867 1537 τέλειος
1922 1456 2278 1545 ἄνθρωπος
2326 1456 2490 1536 Θεὸς
2548 1457 2902 1547 ἀνελήφθη,
2951 1457 3054 1522 καὶ

813 1554 1119 1622 ἐκάθισεν
1180 1556 1249 1621 ἐν
1307 1555 1490 1644 δεξιᾷ
1551 1562 1662 1645 τῆς
1719 1556 2164 1646 μεγαλωσύνης
2222 1555 2291 1623 ἕν
2346 1554 2650 1646 ὑψηλοῖς,
2718 1555 2826 1622 καὶ
2874 1554 2977 1621 ὅτι
3022 1554 3057 1643 ἡ

813 1655 1079 1735 σύνοδος
1127 1655 1284 1744 αὕτη
1327 1661 1457 1721 τῶν
1503 1650 1699 1739 ἁγίων
1741 1655 2044 1777 πατέρων
2089 1654 2290 1735 οὕτως
2335 1654 2528 1722 αὐτὸν
2551 1653 2904 1743 ἀνεκήρυξε,
2952 1653 3055 1719 καὶ

813 1754 1302 1875 ανωμολόγησεν
1339 1753 1687 1839 ὁμοοῦσιον
1751 1754 1859 1820 καὶ
1907 1753 2219 1840 ὁμότιμον
2276 1760 2368 1840 τῷ
2414 1748 2647 1840 Πατρί·
2704 1753 2914 1839 τούτῳ
2967 1757 3057 1838 τῷ

812 1853 977 1971 λόγῳ
1022 1854 1184 1939 μετά
1229 1852 1343 1942 τὴν
1388 1848 1651 1936 ἔνδοξον
1692 1851 2088 1942 Ἀνάληψιν,
2150 1853 2287 1969 τήν
2309 1857 2646 1938 παροῦσαν
2691 1850 3058 1918 εθέσπισαν

814 1939 1053 2038 εορτῦν,
1102 1950 1335 2017 ιῦσανεὶ
1394 1951 1508 2016 τὸν
1554 1951 1862 2036 σύλλογον
1920 1957 2050 2016 τῶν
2093 1951 2421 2017 τοσούτων
2463 1951 2762 2038 πατέριον
2821 1955 3054 2037 προβι-

812 2048 1137 2130 βάζοντες,
1186 2055 1416 2115 τοῢτον
1475 2048 1553 2140 δη
1595 2049 1711 2115 τὸν
1772 2048 1840 2115 ἐν
1886 2048 2074 2136 σαρκὶ
2121 2048 2612 2139 ἀναληφθέντα,
2680 2047 2848 2115 Θεὸν
2909 2049 3057 2135 άλη-

818 2146 1007 2212 aanor
1051 2147 1161 2213 καὶ
1208 2146 1276 2213 ἐν
1322 2147 1508 2234 σαρκὶ
1556 2147 1803 2215 τέλειον
1849 2147 2205 2234 ἄνθρωπον
2251 2147 2823 2237 ἀνακηρυττόντων.

991 2255 1309 2337 Quaenam
1369 2278 1551 2342 porro
1613 2259 1674 2323 in
1738 2258 2135 2323 instituendis
2199 2257 2595 2323 conciliorum
2645 2257 2824 2322 festis
2883 2277 3060 2322 mens

815 2359 981 2419 esset
1027 2354 1325 2421 ecelesiae
1366 2356 1699 2434 orientaliS,
1752 2347 1966 2441 paucis
1995 2357 2128 2440 jam
2169 2357 2438 2421 diximus
2479 2360 2645 2420 tomo
2688 2358 2745 2433 1,
2777 2375 2882 2440 pp.
2906 2355 3055 2432 214,

814 2452 978 2531 215;
1028 2453 1283 2531 sciiicet,
1333 2475 1453 2519 non
1504 2456 1566 2520 id
1615 2455 1934 2540 spectavit,
1982 2458 2053 2518 ut
2100 2454 2400 2520 coelestes
2446 2454 2718 2519 honores
2746 2458 2837 2519 tot
2874 2451 3058 2519 simul

815 2550 1105 2616 Patribus
1150 2552 1652 2633 decernerentur,
1721 2554 1833 2619 sed
1880 2573 2026 2619 vero
2074 2556 2143 2617 ut
2189 2553 2434 2620 debitae
2483 2552 2615 2617 Deo
2673 2553 2914 2638 gratiae
2960 2571 3056 2616 re—

815 2649 1153 2728 serrentur,
1229 2651 1332 2737 qui
1399 2652 1652 2719 numine
1721 2673 1834 2718 suo
1905 2652 1981 2718 ad
2048 2655 2283 2719 rectam
2351 2651 2698 2717 doctrinam
2758 2652 3057 2717 tuendam

815 2747 1072 2813 Patrum
1121 2745 1360 2816 animos
1409 2756 1689 2817 erexerat
1753 2757 1816 2816 et
1864 2751 2276 2817 confirmarat.
2371 2746 2794 2834 Ἑορτάζουσα
2855 2747 2893 2837 ἡ
2946 2749 3063 2812 τοῦ

818 2845 986 2910 Θεοῦ
1045 2841 1374 2934 Ἐκκλησία
1434 2846 1547 2937 τὴν
1608 2846 1912 2936 τοιαίτην
1971 2846 2322 2935 ἀνάμνησιν
2376 2838 2632 2928 δοξάζει
2693 2846 2809 2912 τὸν
2873 2843 3057 2912 Θεόν.

815 2944 958 3010 Alia
1015 2947 1363 3012 notavimus
1426 2948 1488 3013 in
1563 2947 1960 3025 „zeitschrift
2024 2947 2125 3012 fur
2186 2946 2357 3013 kath.
2416 2945 2793 3034 Theologie“
2864 2945 3056 3021 1882,

990 3201 1101 3261 Dr.
1141 3205 1221 3263 H.
1260 3205 1426 3271 Alt,
1484 3205 2070 3274 Berolinensi8‚
2128 3205 2295 3278 cnjus
2332 3205 2534 3278 lapsus
2572 3202 2900 3262 identidem
2928 3201 3055 3275 jam

816 3280 1039 3342 leviter
1076 3286 1400 3359 tetigimuS‚
1457 3287 1517 3344 in
1554 3286 1787 3347 famosa
1838 3285 1947 3343 illa
1982 3285 2207 3359 pagina
2244 3284 2381 3351 188
2434 3300 2548 3357 qua
2570 3284 2931 3342 Ιιοᾱίοηιαπι
2971 3301 3058 3341 so-

815 3363 1187 3425 lemnitatem
1227 3368 1484 3440 exhibet,
1522 3369 1697 3442 plura
1735 3383 2003 3425 errorum
2027 3373 2311 3440 portenta
2336 3365 2619 3438 congerit,
2657 3380 2807 3438 quae
2844 3365 3058 3422 bonam

816 3441 1036 3504 famam
1091 3454 1270 3520 atque
1311 3448 1815 3507 existimationem
1854 3446 2068 3506 doctae
2109 3445 2474 3506 Germaniae
2528 3444 2686 3519 apud
2724 3450 2960 3502 exteros
2999 3444 3059 3501 in

816 3523 1132 3584 discrimen
1161 3545 1380 3586 vocare
1409 3528 1663 3599 debent3
1701 3532 1951 3601 praeter
1985 3527 2140 3585 enim
2169 3543 2363 3601 quam
2370 3525 2521 3598 quod
2559 3525 2881 3579 domanicune
2918 3524 3063 3579 hunc

816 3604 954 3659 diem
1006 3610 1304 3664 memoriae
1353 3613 1550 3679 septem
1601 3608 1948 3663 conciliorum
2000 3608 2457 3663 oecumenicorum
2511 3604 2771 3677 addicit,
2838 3603 3059 3662 ibidem

817 3685 999 3743 etiam
1048 3687 1109 3745 in
1149 3689 1546 3748 describenda
1594 3689 1966 3748 hebdomade
2016 3686 2409 3763 praecedenti
2457 3684 2518 3737 τό
2561 3683 2900 3755 Θαυμαστόν
2934 3685 3065 3755 ὄρος

821 3765 880 3823 in
918 3772 1148 3823 montem
1193 3770 1468 3825 olivarum
1522 3771 1676 3828 male
1726 3770 2026 3844 pervertit
2076 3769 2152 3826 ad
2192 3768 2247 3825 d.
2283 3768 2372 3826 24.
2410 3765 2585 3839 Maji‚
2635 3771 2697 3824 et
2734 3765 2807 3822 in
2843 3764 3063 3822 hebdo-

822 3846 994 3904 made
1034 3850 1415 3923 subsequenti
1452 3868 1496 3904 s.
1536 3850 1855 3905 Dalmatiam
1908 3849 2152 3922 ejnsque
2200 3847 2623 3906 monasterium
2662 3842 3061 3903 OPolitanum

817 3925 1032 3985 inscite
1099 3945 1228 3988 cum
1283 3930 1594 4004 provincia
1648 3929 2002 3988 Dalmatiae
2067 3925 2376 3987 confundit
2425 3926 2501 3984 ad
2553 3925 2609 3984 d.
2657 3924 2745 3984 3οζ
2790 3923 3062 3997 ejusdem

820 4008 1037 4065 mensis
1058 4007 1121 4079 ²).
2588 4034 2593 4043 ·

1005 4170 1042 4235 ¹)
1083 4122 1424 4241 iiienologium
1448 4172 1764 4227 Basilianum
1801 4176 2084 4240 sequuntur
2107 4170 2257 4240 plura
2284 4169 2497 4223 Menaea
2535 4168 2747 4238 antiqua
2781 4183 2935 4221 manu
2974 4184 3064 4221 ex·

819 4253 968 4301 arata
1006 4251 1158 4319 apud·
1178 4251 1547 4319 Martium,
1588 4253 1726 4307 Anu.
1768 4251 2064 4307 ecclesiast.
2098 4267 2186 4321 qr.
2223 4251 2355 4305 slav.
2395 4248 2469 4303 ad
2506 4248 2557 4303 d.
2596 4248 2685 4303 29.
2724 4246 2884 4317 Masi.

997 4329 1042 4397 ¹)
1090 4333 1168 4387 De
1219 4338 1436 4404 utroque
1485 4334 1581 4389 hoc
1630 4334 1801 4404 capite
1852 4332 1956 4403 legi
2006 4336 2249 4403 poterunt
2303 4346 2434 4403 quae
2484 4329 2780 4400 scripsimus
2830 4335 2972 4383 tomo
3014 4332 3067 4395 1,

819 4428 902 4482 pp.
945 4413 1047 4469 165
1084 4417 1140 4469 et
1179 4414 1298 4469 167.
