3514 5391
836 514 903 572 16
1420 510 1579 570 Festa
1615 510 1824 570 mobilia
1860 516 1981 569 ante
2018 498 2494 583 Quadragesimam.

836 627 1283 637 -ῌ--Μ-α--ῳη

833 717 960 803 luja
1018 718 1270 783 canonis
1333 722 1548 783 auctor
1591 715 2088 781 Humbertus
2136 712 2641 779 Cardinalis:
2709 721 3087 776 ornamenta

834 825 894 878 et
939 813 1206 880 deliciae
1253 814 1475 878 divitis
1520 810 1776 899 linquae
1806 822 2077 898 tempore
2108 809 2648 896 Quadrayeeimae
2681 810 3085 896 deponentes,

826 913 1305 999 paupemimum
1350 910 1631 975 habitum
1690 920 1949 975 nostrae
1997 908 2252 995 linquae
2310 907 2495 972 nobis
2554 910 2960 995 imponimus,
3029 917 3088 971 et

832 1010 1012 1075 stulti
1040 1010 1218 1097 facti
1252 1018 1524 1096 propter
1576 1006 1893 1073 Christum
1938 1007 2102 1072 nihil
2145 1029 2262 1071 nos
2308 1008 2467 1071 scire
2499 1007 2894 1094 judicamus,
2958 1005 3089 1069 nisi

831 1109 1040 1196 ipsum
1086 1108 1487 1193 crucifixum;
1539 1159 1550 1170 .
1605 1162 1616 1173 .
1672 1160 1682 1171 .
1737 1119 2053 1192 tamquam
2102 1105 2344 1169 idiotae
2389 1107 2499 1169 viae
2537 1103 2840 1168 audemus
2888 1102 2989 1167 vel
3017 1104 3085 1166 in

831 1216 1044 1272 nostro
1091 1207 1395 1271 idiomate
1441 1203 1854 1292 interpellare
1900 1205 2104 1268 Deum
2120 1228 2142 1282 ‚·
2199 1213 2258 1265 et
2304 1214 2509 1267 tamen
2556 1224 2798 1266 omnem
2843 1211 3083 1266 creatu-

829 1328 971 1371 ram
1017 1304 1106 1369 ad
1152 1305 1405 1369 laudem
1454 1305 1579 1368 Dei
1623 1305 1727 1368 die
1774 1314 2075 1388 noctuque
2122 1302 2483 1382 invitamus,
2534 1302 2645 1366 sed
2665 1301 2896 1387 patria
2943 1321 3083 1364 voce

833 1415 1077 1468 tantum
1104 1400 1170 1487 ¹).

1010 1520 1103 1584 De
1134 1506 1141 1511 ⁴
1174 1518 1593 1604 singularibus
1662 1517 2069 1583 eaeremoniis
2131 1514 2478 1580 claudendi
2549 1535 2657 1580 seu
2727 1513 3085 1601 sepeliendi

832 1617 1118 1707 Alleluja
1164 1618 1351 1682 variis
1398 1618 1459 1682 in
1507 1616 1661 1682 loeis
1710 1615 1858 1680 olim
1907 1614 2187 1680 adhiberi
2235 1613 2430 1679 solitis
2479 1619 2724 1697 praeter
2753 1613 2911 1679 alios
2958 1614 3084 1699 agit

831 1717 946 1781 Du
995 1714 1294 1801 Gange,
1353 1712 1640 1781 Glossar.
1693 1711 1809 1778 lat.
1861 1713 1922 1778 h.
1955 1734 2010 1778 V.
2089 1712 2329 1778 Nullibi
2375 1731 2521 1777 vero
2569 1711 3080 1778 honorificentius

830 1813 963 1879 vale
1009 1812 1097 1879 illi
1144 1814 1380 1879 dietum
1429 1818 1544 1891 est,
1595 1832 1785 1897 quam
1813 1813 1873 1877 in
1910 1811 2174 1877 ecelesia
2203 1810 2756 1887 Autissiodorensi‚
2807 1810 2917 1875 ubi
2950 1811 3079 1894 ejus

829 1912 1171 1977 dimissioni
1222 1912 1535 1998 integrum
1582 1911 1864 1975 officium
1922 1916 2053 1975 erat
2115 1914 2576 1987 consecratum,
2645 1911 2812 1993 quod
2872 1909 3118 1975 locum·

827 2011 1025 2075 tenuit
1073 2010 1263 2074 officii
1309 2010 1673 2074 Dominieae
1721 2008 2231 2094 Septuagesimae
2296 2030 2330 2073 a
2375 2009 2592 2093 primis
2639 2006 2942 2091 Vesperis
3006 2008 3080 2072 ad

829 2107 1075 2173 Laudes
1123 2108 1342 2173 saltem
1393 2108 1776 2173 Dominieae.
1848 2106 1943 2172 Ex
1991 2127 2061 2172 eo
2110 2107 2214 2173 hic
2245 2106 2662 2192 fragmentum
2713 2127 2788 2170 ex
2837 2107 3080 2191 Vespe-

829 2207 914 2270 ris
976 2227 1116 2272 cum
1166 2227 1287 2271 uno
1346 2207 1617 2272 alterove
1681 2205 2101 2291 Responsorio
2148 2206 2331 2272 Noet.
2403 2204 2882 2271 adscribendum
2934 2224 3079 2269 een-

828 2305 1099 2383 suimns,
1166 2326 1288 2389 quo
1355 2305 1563 2390 cupidi
1628 2325 1946 2369 sacrorum
2012 2306 2242 2370 rituum
2299 2305 2559 2388 juvenes
2626 2304 2745 2387 ipsi
2805 2304 3076 2379 videant,

826 2424 1098 2487 quanam
1146 2404 1383 2469 ratione
1431 2404 1696 2484 majores
1743 2403 1940 2468 nostri
1987 2403 2154 2467 omni
2202 2423 2318 2487 ope
2377 2408 2438 2468 et
2484 2422 2671 2487 opera
2718 2402 2882 2465 enixi
2932 2401 3073 2469 sint,

827 2501 1169 2567 molliorem
1220 2500 1393 2566 illum
1440 2500 1716 2566 dolorem
1768 2505 2169 2585 caeterosque
2209 2501 2454 2584 pietatis
2484 2520 2706 2565 sensus
2737 2498 2885 2564 huie
2915 2504 3074 2564 tem-

828 2600 959 2684 pori
1009 2599 1290 2684 proprios
1338 2600 1603 2665 excitare
1654 2620 1725 2664 ae
1772 2598 2001 2665 fovere.

1333 2867 2056 2939 Allelujatieum
2116 2866 2559 2927 Officium

1536 2983 1782 3046 sabbato
1818 2984 1877 3044 in
1916 2982 2354 3063 Septuegesima.

1734 3120 1824 3175 Ad
1875 3121 2152 3190 Vesper-ae.

1003 3226 1312 3300 Antiph.
1375 3226 1665 3298 Alleluia,
1706 3227 1999 3298 Alleluia,
2037 3227 2329 3299 Alleluja.

1765 3370 2120 3443 Hymnus.

1000 3476 1274 3550 Alleluja
1313 3477 1483 3536 dulce
1524 3493 1779 3542 carmen,
2177 3477 2456 3550 Alleluja
2492 3478 2661 3536 laeta
2700 3475 2897 3535 Mater

897 3556 1025 3615 Vox
1061 3558 1342 3629 perennis
1380 3558 1601 3630 gaudii.
2071 3558 2349 3618 Concinis
2387 3558 2759 3629 Jerusalem

894 3636 1169 3709 Alleluja
1205 3638 1337 3695 laus
1376 3639 1578 3696 suavis
2069 3639 2361 3711 Alleluja.
2400 3656 2514 3699 vox
2549 3646 2780 3699 tuorum

892 3716 978 3773 Et
1016 3718 1210 3775 choris
1251 3718 1625 3780 coelestibus,
2070 3719 2302 3780 Civium
2342 3721 2758 3793 gaudentium:

894 3796 1083 3869 Quam
1128 3804 1350 3866 canunt
1384 3797 1505 3856 Dei
1544 3807 1855 3859 manentes
2069 3801 2296 3859 Exules
2335 3819 2438 3859 nos
2477 3800 2624 3859 flere
2664 3808 2881 3874 cogunt

989 3875 1062 3934 In
1102 3878 1269 3935 domo
1308 3894 1416 3951 per
1454 3881 1710 3937 saecula.
2209 3881 2540 3955 Babylonis
2579 3880 2837 3940 flumina.

1003 4142 1044 4211 ¹)
1085 4143 1282 4213 Migne‚
1336 4145 1478 4200 Patr.
1516 4146 1609 4202 lat.
1647 4153 1772 4203 tom.
1814 4150 1935 4218 143,
1987 4166 2037 4220 p.
2077 4150 2199 4206 968.
2248 4180 2310 4189 -
2363 4151 2619 4207 Sexcenta
2668 4155 2817 4224 hujus
2854 4152 3059 4224 generis

820 4231 929 4277 tum
968 4225 1179 4294 antiqua
1235 4231 1343 4280 tum
1391 4229 1622 4282 recentia
1671 4227 1786 4284 loca
1821 4231 1996 4284 afferri
2047 4248 2111 4285 ex
2146 4233 2306 4286 variis
2344 4234 2639 4289 auctoribus
2676 4241 2914 4305 possent,
2961 4234 3058 4289 nisi

819 4306 1172 4359 commentarii
1225 4307 1453 4362 brevitas
1504 4310 1866 4379 impedimento
1919 4316 2075 4366 esset.
2164 4311 2238 4367 Tu
2277 4313 2386 4383 ipse
2425 4330 2548 4385 prae
2587 4317 2809 4370 caeteris
2856 4315 3057 4371 consule

818 4384 995 4439 Ferd.
1034 4384 1292 4454 Temni,
1344 4389 1376 4442 l.
1417 4407 1478 4450 (3.,
1530 4407 1615 4444 nn.
1644 4392 1817 4458 2-5,
1875 4393 1959 4447 ubi
1997 4397 2162 4448 totam
2215 4396 2347 4450 hanc
2383 4399 2652 4450 materiam
2691 4414 2755 4451 ex
2793 4398 3053 4451 meliorum

817 4464 1079 4519 doctorum
1119 4469 1377 4521 sententia
1414 4470 1575 4525 solide
1615 4478 1990 4541 pertractatam
2030 4475 2274 4528 invenies.
