3514 5391
821 500 923 553 106
1457 499 1614 554 Festa
1653 501 1859 555 mobilia
1898 502 1949 555 in
1987 501 2407 585 Quadragesima.

816 696 1104 754 videlicet
1151 696 1505 755 Joannicius
1528 698 1570 770 ¹)
1627 703 1690 756 et
1738 697 2031 757 Arsacias
2046 698 2093 767 ’)
2150 705 2212 758 et
2260 699 2626 758 Naucratius
2644 698 2727 771 ⁸),
2783 699 3059 772 discipuli

817 775 1117 834 Theodori
1164 777 1474 846 studitae,
1525 786 1588 837 et
1636 779 1736 852 qui
1791 796 1864 838 ex
1914 796 2126 853 magno
2178 796 2325 852 agro
2373 778 2757 854 Theophanis
2805 780 3060 851 erant‘),

814 855 1207 930 Theophanes
1245 863 1308 916 et
1341 856 1704 932 Theodorus,
1742 861 1842 933 qui
1880 859 2078 919 literis
2118 860 2181 918 in
2213 859 2374 920 facie
2413 861 2625 935 scripti
2652 859 2902 920 fuerant
2915 858 2962 931 ⁶)
3001 866 3063 918 et
3144 904 3148 908 Α

815 937 939 996 Dei
991 936 1362 998 confessores
1413 940 1768 1001 extiterant;
1827 940 2086 999 Michael
2140 940 2323 999 etiam
2375 941 2769 1014 Hagiopolita
2820 946 2885 999 et
2930 957 3059 1013 syn-

819 1019 1007 1077 cellus
1022 1018 1097 1089 ⁶),
1151 1027 1214 1078 et
1252 1020 1360 1079 alii
1394 1021 1666 1095 plurimi,
1721 1021 1824 1095 qui
1861 1026 2049 1083 totam
2089 1027 2323 1080 noctem
2360 1038 2467 1094 pro
2503 1020 2834 1094 Theophilo
2869 1020 3061 1079 Deum

818 1105 1085 1170 exorant,
1124 1116 1324 1159 omnes
1362 1101 1597 1175 quidem
1636 1118 1768 1161 cum
1805 1101 2074 1160 lacrimis
2122 1108 2185 1159 et
2220 1100 2521 1175 frequenti
2561 1101 2830 1161 oratione
2868 1100 3061 1160 Deum

816 1179 1158 1252 laudantes,
1194 1181 1372 1254 idque
1409 1199 1520 1256 per
1555 1188 1745 1241 totam
1786 1181 2040 1254 primam
2077 1182 2510 1240 hebdomadam
2551 1180 3062 1256 Quadragesimae

817 1260 1237 1333 peragebatur.
1289 1262 1468 1335 Quin
1510 1269 1572 1322 et
1608 1263 1742 1336 ipsa
1781 1263 2137 1336 imperatrix
2160 1261 2478 1321 Theodora
2513 1263 2665 1321 haec
2691 1261 2901 1320 eadem
2939 1277 3060 1319 cum

819 1340 1166 1399 mulieribus
1207 1347 1271 1400 et
1307 1342 1539 1416 reliquo
1576 1344 1792 1417 populo
1829 1342 2167 1402 faciendum
2210 1345 2479 1402 curabat.

997 1430 1169 1505 Quae
1207 1431 1342 1490 dum
1395 1433 1484 1492 ita
1535 1449 1601 1491 se
1652 1431 1975 1503 haberent,
2029 1431 2348 1491 Theodora
2399 1432 2754 1507 imperatrix
2809 1431 3065 1489 diluculo

818 1518 1027 1569 sextae
1062 1511 1257 1570 feriae
1295 1530 1496 1572 somno
1534 1513 1800 1583 detenta,
1840 1513 1956 1571 sibi
1982 1514 2302 1572 videbatur
2340 1513 2498 1588 apud
2527 1513 2877 1583 columnam,
2916 1527 3063 1584 quae

821 1591 1041 1651 dicitur
1079 1592 1272 1652 crucis
1292 1592 1466 1665 (παρά
1495 1594 1595 1647 τόν
1619 1597 1781 1647 κίονα
1805 1598 1906 1648 τοῦ
1924 1593 2208 1667 σταυροῦ),
2234 1594 2508 1667 reperiri,
2538 1598 2602 1652 et.
2620 1592 2904 1665 quosdam
2929 1591 3069 1649 illac

818 1688 1030 1744 magno
1086 1689 1215 1732 cum
1253 1675 1510 1748 strepitu
1546 1675 1904 1748 praeterire,
1957 1675 2201 1734 diversa
2238 1681 2665 1734 tormentorum
2714 1688 2945 1746 genera
2981 1689 3067 1729 se·

819 1768 948 1811 cum
985 1751 1275 1826 ferentes,
1314 1756 1373 1813 in
1411 1772 1655 1829 quorum
1695 1756 1889 1814 medio
1929 1757 2165 1815 vinctus
2205 1757 2501 1829 agebatur
2526 1754 2858 1826 imperator
2883 1750 3062 1809 Theo·

818 1832 1030 1904 philus,
1073 1835 1339 1893 manibus
1376 1842 1542 1894 retro
1566 1835 1884 1907 revinctis3
1924 1852 2095 1908 quem
2122 1852 2294 1908 quum
2323 1835 2670 1908 agnovisset
2696 1833 3069 1907 imperatrix.

819 1915 1290 1986 consequebatur
1341 1922 1404 1973 et
1442 1916 1573 1989 ipsa
1609 1916 1761 1984 illos,
1814 1917 1913 1989 qui
1953 1933 2087 1975 eum
2125 1917 2441 1975 ducebant.
2519 1914 2713 1989 Quum
2750 1921 2956 1973 autem
2994 1913 3070 1971 ad

819 2008 1070 2052 aeneam
1109 2002 1343 2068 portam
1379 1996 1545 2068 (ἄχρι
1581 2000 1673 2063 τῆς
1708 1998 1912 2066 χαλκῆς
1947 1996 2147 2070 πύλης)
2194 1998 2629 2072 pervenissent,
2678 1995 2837 2055 vidit
2873 1996 3068 2055 virum

818 2074 1130 2146 quemdam
1168 2082 1414 2148 aspectu
1450 2078 1806 2145 mirabilem,
1857 2079 1955 2152 qui
1995 2086 2135 2137 ante
2173 2078 2492 2151 imaginem
2532 2075 2761 2136 Christi
2798 2077 3070 2136 sedebat.

822 2153 917 2211 Ad
945 2155 1099 2214 hunc
1138 2172 1311 2230 quum
1335 2156 1729 2233 Theophilum
1757 2160 1850 2218 illi
1878 2159 2283 2231 adduxissent,
2322 2159 2610 2218 stiterunt
2635 2174 2785 2217 eum.
2841 2157 3069 2231 Quibus

818 2234 964 2293 visis
1002 2236 1373 2311 imperatrix,
1412 2240 1664 2312 pedibus
1704 2240 1835 2312 eius
1862 2242 2177 2314 provoluta
2209 2257 2317 2314 pro
2345 2239 2706 2314 imperatore
2732 2236 3070 2298 intercede·

817 2316 943 2373 bat.
1019 2317 1110 2376 At
1148 2319 1251 2376 ille
1292 2319 1444 2379 dixit
1491 2327 1701 2396 aperto
1751 2337 1887 2381 ore:
1943 2321 2164 2394 Magna
2215 2327 2311 2379 est
2360 2319 2509 2379 fides
2560 2326 2695 2391 tua,
2747 2337 2783 2378 o
2832 2321 3069 2392 mulien

821 2395 972 2453 scito
1010 2397 1225 2471 igitur,
1274 2401 1428 2477 quod
1471 2406 1717 2475 propter
1752 2407 1891 2460 tuas
1928 2402 2212 2460 lacrimas
2263 2399 2554 2474 fidemque
2594 2407 2787 2473 tuam,
2842 2417 3070 2460 necnon

818 2482 1067 2549 propter
1102 2495 1312 2553 preces
1352 2486 1415 2538 et
1453 2481 1913 2540 intercessiones
1952 2497 2256 2540 servorum
2285 2497 2545 2539 meorum
2585 2488 2649 2539 et
2672 2481 3068 2551 sacerdotum,

822 2553 1170 2630 Theophila,
1208 2559 1338 2618 viro
1376 2567 1495 2632 tuo,
1532 2561 1773 2634 ignosco
1793 2560 1855 2632 ⁷).
1919 2561 2161 2620 Deinde
2201 2561 2291 2619 ait
2328 2560 2466 2633 illis,
2506 2561 2604 2636 qui
2643 2578 2773 2620 eum
2814 2560 3069 2621 adduce·

821 2636 995 2693 bant:
1034 2638 1248 2698 solvite
1285 2640 1475 2715 ipsum
1517 2649 1583 2702 et
1618 2643 1847 2702 tradite
1885 2642 2055 2704 uxori
2093 2656 2256 2702 suae.
2320 2641 2491 2717 Quae
2530 2642 2636 2702 illo
2673 2648 2941 2718 recepto,
2978 2659 3066 2702 re·

821 2718 1004 2776 cessit
1041 2721 1318 2780 exultans
1357 2728 1420 2782 et
1455 2724 1740 2796 gaudens,
1782 2731 1845 2784 et
1871 2724 2145 2783 continuo
2165 2741 2401 2783 somnus
2420 2723 2589 2782 illam
2609 2721 2854 2783 dimisit.
2892 2721 3066 2782 Haec

820 2796 1052 2869 quidem
1091 2797 1407 2861 Theodora
1444 2804 1796 2877 imperatrix
1835 2805 1990 2863 vidit
2026 2805 2089 2862 in
2125 2802 2360 2863 somnis,

995 2887 1362 2949 Patriarcha
1401 2910 1545 2952 vero
1583 2892 1936 2965 Methodius,
1977 2894 2112 2952 dum
2149 2910 2360 2967 preces
2399 2899 2464 2952 et
2486 2894 2787 2952 orationes
2828 2896 2905 2954 ab
2943 2895 3065 2968 ipso

819 2967 1063 3042 fiebant,
1114 2973 1344 3030 recenti
1384 2975 1606 3046 pagina
1645 2983 1897 3049 accepta
1934 2974 2175 3047 (χάρτην
2209 2974 2404 3028 καινόν
2439 2973 2673 3045 λαβών),
2724 2974 2973 3049 scripsit
3007 2972 3067 3032 in

822 3049 952 3120 ipsa
1001 3052 1254 3110 omnium
1302 3054 1741 3114 haereticorum
1792 3057 2218 3131 imperatorum
2272 3054 2542 3127 nomina,
2602 3056 2759 3113 inter
2810 3071 2955 3129 quos
3006 3059 3069 3112 et

820 3128 1209 3205 Theophilum
1249 3135 1595 3207 collocavit;
1648 3143 1711 3195 et
1745 3137 1901 3195 hanc
1940 3137 2215 3211 paginam
2256 3137 2362 3195 sub
2402 3143 2606 3195 sancto
2648 3135 2835 3194 altari
2872 3133 3069 3211 posuit

822 3212 1084 3283 occulte,
1136 3219 1205 3271 ut
1241 3215 1435 3273 nullus
1487 3216 2018 3275 animadverteret.
2092 3216 2280 3275 Feria
2317 3232 2460 3275 vero
2498 3223 2672 3275 sexta
2709 3215 2897 3275 etiam
2940 3215 3062 3289 ipse

824 3292 1101 3363 angelum
1139 3296 1447 3368 quemdam
1477 3297 1810 3356 terribilem
1840 3297 2145 3370 conspicit,
2184 3296 2283 3368 qui
2311 3313 2584 3368 magnam
2611 3295 3066 3369 ingrediebatur

823 3420 1042 3428 -—--...-.-..

1008 3488 1046 3556 ¹)
1086 3491 1325 3546 Occurrit
1362 3501 1399 3547 t.
1441 3497 1488 3560 1,
1527 3510 1576 3563 p.
1614 3496 1736 3548 315.

1004 3568 1047 3636 ⁴⁴³)
1088 3571 1393 3627 Celebratur
1429 3575 1482 3628 in
1520 3576 1568 3628 1.
1607 3580 1759 3645 parte
1796 3576 1945 3647 hujus
1983 3575 2262 3645 synaxarii.

1002 3648 1044 3718 ιι)
1085 3651 1412 3721 Ναυοηιιὶιιε,
1449 3655 1666 3709 illustris
1704 3656 1986 3722 confessor,
2024 3655 2088 3709 ab
2128 3653 2279 3709 exilio
2318 3671 2585 3721 reversuS,
2636 3674 2678 3710 s.
2717 3655 2969 3710 Theodori
3009 3655 3059 3708 in

825 3733 1152 3800 praefectura
1189 3733 1510 3790 Studitarum
1554 3752 1852 3803 successor,
1908 3736 2094 3792 colitur
2141 3737 2193 3790 in
2229 3736 2376 3790 Men.
2418 3735 2687 3807 Cht'ffletii
2732 3736 2779 3789 d.
2818 3739 2871 3790 8.
2908 3735 3060 3792 Junii.

823 3810 952 3865 alias
990 3811 1217 3868 Sabbato
1253 3817 1344 3880 τῆς
1379 3819 1597 3886 τυρινῆς
1633 3818 1684 3870 in
1711 3817 1879 3871 officio
1904 3820 2201 3871 sanctorum
2234 3820 2543 3883 ascetarum,
2583 3821 2639 3870 ut
2663 3816 2885 3870 diximus
2908 3833 2958 3886 p.
2978 3814 3061 3868 44.

1004 3893 1048 3960 ⁴)
1088 3894 1168 3949 De
1204 3898 1516 3951 monasterio
1554 3899 1728 3968 magni
1766 3899 1881 3967 agri
1918 3897 2241 3967 Theophanis
2290 3897 2460 3952 recole
2492 3896 2633 3950 dicta
2669 3901 2710 3951 t.
2752 3899 2800 3962 1,
2854 3911 2906 3966 p.
2946 3895 3059 3950 120.

1002 3972 1047 4039 ⁸)
1086 3974 1165 4029 De
1203 3992 1272 4031 ss.
1311 3976 1618 4047 Theophane
1657 3983 1711 4032 et
1736 3978 2000 4033 Theodoro
2021 3978 2240 4048 yraptis
2262 3978 2422 4032 semel
2459 3981 2615 4047 atque
2640 3977 2827 4030 iterum
2865 3975 3060 4045 egimus

825 4059 862 4105 t·
905 4055 952 4120 1,
993 4056 1689 4209 gp-Saogigtaffiffoeuus
1725 4141 2006 4202 confessor,
2044 4138 2271 4208 pluribus
2307 4137 2634 4192 Kalendariis
2668 4137 2946 4206 inscriptus
2982 4138 3059 4188 est

826 4214 907 4268 dd.
937 4216 1020 4272 17.
1042 4220 1098 4269 et
1125 4219 1207 4271 18.
1234 4217 1477 4273 Decemb.
1532 4219 1612 4274 De
1637 4235 1699 4274 eo
1724 4219 1965 4274 videatur
1986 4219 2220 4274 Baron.
2260 4219 2457 4273 Annal.
2479 4233 2562 4272 uu.
2580 4218 2704 4286 835,
2728 4234 2813 4272 nn.
2834 4215 3057 4273 40—44.

1006 4295 1049 4364 ⁷)
1087 4296 1373 4367 Relegesis,
1427 4316 1557 4371 quae
1596 4300 1658 4354 de
1697 4301 1929 4355 efficacia
1966 4316 2172 4369 precum
2223 4317 2255 4354 a
2292 4300 2486 4354 sanctis
2522 4314 2616 4368 pro
2652 4298 2821 4352 salute
2859 4298 3056 4353 damna·

825 4383 993 4431 torum
1043 4378 1154 4432 Deo
1219 4380 1506 4435 oblatarum
1558 4398 1619 4435 ex
1673 4381 1773 4435 alio
1825 4381 2013 4436 Triodii
2080 4381 2355 4451 synaxario
2410 4380 2645 4451 superius
2702 4378 3055 4450 exscripsimus

827 4473 909 4527 pp.
948 4459 1176 4516 22—23.
