3514 5391
2846 27 3328 180 ἡ

947 455 1054 513 642
1619 458 1796 513 Annus
1834 454 2214 514 ecclesiasticus
2250 454 2513 529 Syrorum.

2972 566 3065 574 ——n-

1034 746 1249 815 Festa
1292 746 1594 814 mobilia
1639 763 1765 815 seu
1810 746 2100 923 lugaria
2123 746 2173 831 ¹)
2222 745 2563 815 ecclesiae
2610 743 3077 813 Antiochense

1933 871 2258 935 yrorum.

1121 1013 1454 1079 Initium
1503 1016 1684 1080 anni
1733 1014 2302 1080 ecclesiastici
2349 1012 2739 1098 Syrorum
2803 1029 3146 1099 purorum

944 1131 1081 1176 seu
1111 1111 1813 1180 Antiochenorum
1864 1113 2110 1189 ducitur
2139 1132 2176 1177 a
2202 1111 2548 1189 Dominica‚
2592 1131 2753 1194 quae
2783 1109 3148 1197 propinquior

945 1215 1040 1275 est
1084 1208 1392 1275 Kalendis
1439 1209 1920 1295 Novembris²);
1974 1215 2191 1295 estque
2238 1209 2394 1276 haec
2439 1208 2579 1297 ipsa

942 1355 1155 1422 Dom.
1203 1354 1252 1419 I.
1349 1354 1804 1421 Encaeniorum
1852 1354 2170 1421 ecclesiae.

941 1480 1152 1545 Dom.
1201 1479 1283 1544 II.
1379 1479 1818 1546 Renovationis
1864 1486 1927 1546 et
1971 1479 2378 1546 dedicationis
2425 1477 2746 1544 ecclesiae.

945 1605 1155 1671 Dom.
1204 1603 1335 1766 111}
1412 1606 1921 1671 Annuntiationis
1967 1604 2324 1683 Zachariae,
2375 1604 2535 1689 patri
2582 1624 2632 1670 s,
2659 1602 2916 1668 Joannis
2960 1596 3142 1682 Bapti-

1124 1708 1256 1767 stae
1332 1708 1529 1769 actae.

941 1827 1150 1892 Dom.
1199 1826 1307 1895 IV.
1405 1828 1908 1894 Annuntiationis
1956 1829 2028 1895 Β.
2079 1828 2251 1915 Virg.
2302 1828 2556 1894 Mariae.

941 1951 1149 2016 Dom.
1200 1952 1274 2018 V.
1371 1952 1754 2019 visitationis
1803 1953 1874 2020 Β.
1924 1952 2014 2021 Μ.
2062 1953 2141 2019 V.
2189 1953 2591 2019 Elisabethae
2637 1952 2837 2018 factae
2859 1951 2927 2034 ³).

937 2056 1146 2143 Dom.
1200 2076 1306 2144 VI.
1402 2077 1760 2144 Nativitatis
1806 2099 1856 2147 s,
1906 2078 2172 2145 Joannis
2218 2079 2557 2163 Baptistae.

940 2201 1148 2268 Dom.
1198 2202 1338 2268 VH.
1410 2203 1825 2271 Revelationis
1848 2205 2267 2290 conceptionis
2292 2205 2555 2282 divinae,
2578 2223 2628 2271 s,
2647 2201 2922 2286 Josepho
2949 2199 3137 2264 factae.

935 2325 1150 2394 Dom.
1203 2326 1377 2395 VIII.
1470 2328 1971 2414 Exspectationis
2018 2302 2233 2415 paftus
2282 2330 2352 2398 B.
2402 2329 2492 2395 M.
2539 2328 2620 2395 V.

935 2451 1355 2518 Dominica
1403 2453 1516 2531 vel,
1581 2454 1629 2518 si
1681 2456 1841 2520 duae
1889 2455 2107 2541 sint4),
2170 2454 2625 2521 Dominicis
2671 2454 2889 2518 inter
2930 2445 3128 2516 Nati-

1110 2551 1440 2617 vitatem
1481 2552 1582 2619 D.
1632 2552 1715 2618 N.
1765 2553 1824 2620 J.
1877 2552 1989 2620 Oh.
2058 2554 2195 2637 (25.
2244 2553 2427 2637 Dec.)
2493 2557 2570 2617 et
2626 2546 3123 2637 Epiphaniam

1107 2650 1195 2736 (6.
1244 2649 1445 2735 Jan.):
1497 2650 1858 2734 solemnitas
1904 2651 2262 2719 Nativitatis
2308 2651 2385 2718 D.
2436 2650 2516 2718 N.
2567 2649 2632 2716 J.
2682 2648 2797 2717 Oh.

933 2776 1402 2843 Dominicis
1448 2777 1670 2843 inter
1717 2778 2267 2863 Epiphaniam
2318 2785 2396 2844 et
2434 2773 3118 2863 Quadragesimam

1107 2875 1873 2960 occurrentibus⁶):
1942 2877 2238 2944 solemnis
2303 2874 2826 2941 Commemoratio
2890 2864 3117 2954 Epipha-

1107 2973 1244 3042 niae
1292 2973 1367 3039 l).
1417 2973 1499 3040 N.
1549 2973 1609 3039 J.
1662 2973 1775 3041 ch.

928 3095 1324 3258 chdgmad.
1375 3097 1505 3279 ΙΙΙ.)
1545 3109 1694 3161 ante
1749 3097 2139 3185 Quadraqes.
2219 3098 2485 3184 (Latinis
2533 3096 2742 3162 Hebd.
2790 3104 2929 3160 anto
2968 3089 3110 3153 ΒΜ

1158 3205 1473 3281 eptuaqes.

1011 3369 1018 3376 ’
1109 3373 1151 3442 ¹)
1191 3373 1514 3443 Komar-Ua,
1549 3373 1796 3440 lunaria,
1842 3373 2081 3429 dicuntur
2116 3375 2255 3429 festa
2290 3373 2524 3442 mobilia,
2575 3373 2710 3445 quod
2749 3374 2799 3428 in
2832 3366 3014 3441 figendo
3043 3357 3102 3414 Pr

925 3454 1121 3522 achate,
1160 3470 1191 3507 a
1228 3471 1328 3525 quo
1365 3454 1564 3524 reliqua
1600 3454 1771 3508 omnia
1807 3454 2047 3523 pendent,
2103 3455 2225 3508 luna
2260 3455 2331 3508 sit
2365 3453 2697 3523 attondenda,
2748 3441 3103 3526 quemadmodun

923 3534 1157 3604 superius
1195 3539 1278 3589 est
1313 3539 1578 3589 ostensum
1615 3551 1700 3605 pp.
1739 3535 2042 3590 281—284.

1104 3612 1148 3682 ²)
1187 3616 1390 3669 Annum
1423 3615 1623 3670 civilem
1649 3614 1769 3685 Syri
1804 3631 1905 3670 uno
1932 3631 2104 3670 mense
2142 3621 2264 3671 ante
2290 3617 2550 3682 inchoant,
2586 3615 2823 3671 nimirum
2846 3608 2976 3667 initio
2991 3602 3102 3657 Octo-

922 3694 1045 3750 briS.
1119 3694 1236 3748 Vid.
1276 3700 1315 3749 t.
1358 3698 1407 3767 1,
1446 3711 1496 3764 p.
1534 3696 1658 3750 460.

1101 3771 1146 3842 ⁸)
1186 3775 1265 3829 Ab
1302 3775 1400 3830 hac
1435 3775 1724 3843 Dominica,
1776 3793 1908 3847 quae
1944 3778 2275 3849 propinquior
2312 3783 2394 3832 ost
2430 3775 2680 3832 Kalendis
2716 3772 2958 3838 Deccmb.¹
2990 3756 3101 3820 (Μ’

920 3851 1035 3909 daei
1072 3855 1341 3910 ordiuntur
1376 3873 1564 3911 annum
1601 3857 1787 3913 eccles.
1836 3863 1893 3913 et
1927 3859 2247 3927 Adventum,
2298 3875 2512 3932 eamque
2550 3870 2742 3920 vocant
2776 3863 2921 3920 Dom.
2950 3851 2989 3907 Ῑ-
3018 3846 3096 3901 1¹¹·

918 3936 1293 3991 nuntiationis.
1366 3937 1480 3992 vid.
1518 3939 1655 3994 infra
1691 3956 1740 4009 p.
1786 3939 1908 3995 681.

1098 4016 1144 4082 ⁴)
1183 4015 1260 4070 Ex
1299 4016 1517 4073 Kalend.
1557 4024 1597 4074 t.
1637 4021 1687 4089 1,
1738 4036 1822 4092 pp.
1861 4022 1896 4076 3
1942 4025 1997 4075 et
2034 4021 2105 4076 25
2141 4026 2305 4091 patet,
2356 4024 2484 4079 duas
2521 4041 2637 4081 osse
2674 4024 2946 4083 Dominioes
2976 4013 3090 4096 5¹¹⁸ss

917 4097 1130 4232 malias,
1170 4098 1214 4151 si
1249 4097 1515 4155 Nativitas
1566 4101 1619 4155 in
1667 4117 1821 4156 unum
1871 4117 1935 4156 ox
1973 4106 2196 4174 quatuor
2240 4103 2433 4159 ultimis
2481 4106 2663 4164 diebus
2712 4093 3001 4163 hebdomtdis
3037 4097 3090 4138 '¹¹’

919 4175 966 4232 ci
1033 4178 1119 4231 rit.
2694 4184 2701 4192 ’

1095 4256 1141 4327 ⁵)
1192 4257 1441 4325 Quoniam
1494 4277 1558 4317 ex
1595 4262 1853 4318 Paschate
1890 4264 2061 4319 omnia
2113 4265 2250 4320 festa
2300 4265 2509 4322 mobilia
2556 4267 2806 4339 pendent,
2854 4247 3084 4319 D⁰¹¹²i¹²³⁶⁸e

913 4341 1051 4414 inter
1074 4338 1412 4409 Epiphaniam
1451 4347 1504 4396 ct
1530 4340 1988 4412 Quadragesimam
2014 4351 2346 4401 occurrentes
2369 4347 2545 4418 plures
2582 4348 2665 4402 vol
2696 4345 2937 4419 pauciores
2958 4329 3082 4386 “³⁰¹³

914 4423 1070 4487 prout
1108 4420 1301 4475 festum
1340 4421 1613 4477 paschatis
1652 4425 1906 4478 maturius
1942 4426 2025 4480 vel
2064 4427 2229 4482 serius
2266 4432 2472 4498 agetur.
