3514 5391
836 548 1075 618 Κυριοαή
1113 551 1214 600 τοῦ
1254 545 1479 615 Πάσχα.
1535 546 1803 600 Dominica
1840 545 2268 600 ResurrectioniS.

429 751 607 815 edere
655 770 731 814 ae.
765 748 1021 836 publice
1065 747 1332 813 vendere
1381 746 1601 812 fuisset
1648 746 2029 830 prohibitum
2050 747 2099 831 ¹)
2112 796 2130 829 ‚
2197 748 2296 811 die
2342 745 2534 811 Pasek

427 868 544 913 non
594 848 729 913 sine
777 847 999 913 festiva
1044 847 1313 931 quadam
1361 866 1591 930 pompa
1633 846 1859 910 iterum
1891 844 2129 910 venalia
2155 843 2534 928 praedieabae

429 951 759 1031 emptaque
803 946 1015 1034 gaudii
1073 944 1384 1030 paschalis
1432 945 1689 1030 augurio
1739 945 2146 1009 mittebantur
2193 942 2439 1020 amieis;
2505 964 2534 1007 u

429 1050 488 1109 et
531 1046 829 1111 historica
875 1068 1128 1110 ovorum
1165 1042 1567 1131 paschalium
1614 1046 1788 1130 oriqo
1835 1043 2076 1108 videtur
2120 1042 2456 1127 repetenda
2477 1042 2529 1126 ²)

429 1141 736 1208 Confundi
796 1163 940 1209 cum
985 1144 1283 1209 historica
1327 1142 1566 1208 ratione
1633 1162 1755 1206 non
1819 1141 2048 1207 debent
2107 1141 2311 1206 variae
2359 1141 2534 1227 signu

426 1242 621 1306 tiones
672 1242 938 1307 morales
984 1263 1056 1307 ac
1104 1244 1426 1327 mysticae,
1491 1242 1716 1326 quibus
1765 1240 2136 1325 recipiendis
2183 1261 2298 1306 ova
2355 1240 2534 1324 pasch

331 1335 336 1342 ’
426 1360 675 1425 semper
722 1341 855 1406 visa
899 1346 1044 1407 sunt
1091 1334 1329 1418 idonea,
1398 1344 1467 1405 ut
1514 1359 1679 1418 ecee,
1746 1340 1913 1424 quod
1974 1339 2097 1404 sint
2154 1338 2509 1422 symbolum

424 1439 843 1517 surrectioniS‚
894 1460 1078 1523 quam
1126 1442 1204 1505 de
1254 1439 1501 1505 Christo
1533 1439 1799 1503 Domino
1849 1438 2217 1503 eonfitemur
2263 1442 2324 1503 et
2353 1438 2528 1522 eujus

424 1557 751 1622 speremus
800 1539 1126 1622 aliquando
1175 1538 1308 1603 sore
1357 1543 1695 1603 consortes,

574 1644 933 1716 ‚Paschatis
978 1646 1206 1711 festum
1257 1666 1507 1731 semper
1539 1645 1906 1711 Christianis
1955 1646 2356 1730 praecipuum
2384 1645 2533 1710 habi

424 1741 554 1809 suit.
639 1742 704 1809 S.
757 1744 1209 1830 Gregorius
1255 1744 1319 1811 N
1334 1765 1472 1810 az.:
1524 1743 1934 1825 Haecnobis,
1981 1744 2203 1828 inquit,
2233 1743 2534 1829 festivita

408 1840 742 1928 festivitas
788 1837 1052 1929 (ἑορτῶν
1097 1838 1311 1930 ἑορτή)
1358 1852 1416 1906 et
1445 1841 1874 1919 celebritatum
1920 1842 2261 1906 celebritas·
2297 1837 2534 1930 (πανήγ

422 1938 884 2028 πανηγύρεων),
950 1951 1123 2006 tanto
1172 1943 1435 2006 caeteris
1483 1940 1794 2024 omnibus,
1856 1964 1984 2014 non
2029 1939 2231 2005 solum
2275 1942 2534 2005 humani

424 2062 454 2102 e
512 2050 693 2103 terra
754 2041 931 2119 ortis,
1001 2039 1115 2104 sed
1174 2040 1259 2104 iis
1318 2041 1538 2124 etiam,
1607 2063 1767 2125 quae
1827 2040 2032 2126 ipsius
2099 2037 2337 2104 Christi
2394 2050 2534 2105 sunt

416 2148 687 2224 propter
730 2139 940 2224 ipsum
985 2137 1400 2219 celebrantur,
1447 2141 1762 2225 superior,
1810 2150 2045 2223 quanto
2093 2138 2189 2202 sol
2235 2137 2453 2203 stellas
2501 2164 2534 2204 a

424 2234 611 2303 cellit.
692 2235 878 2301 Unde
903 2238 1019 2321 ipsi
1051 2239 1241 2303 etiam
1270 2236 1659 2322 appellantur
1690 2238 1828 2301 dies
1852 2237 2103 2301 'dierum
2132 2238 2353 2324 reqina
2383 2235 2464 2326 (ἡ
2488 2241 2534 2319 β

424 2330 617 2395 λισσα
663 2337 793 2396 τῶν
842 2330 1080 2421 ἡμερῶν
1126 2332 1352 2421 ἡμέρα)
1402 2359 1477 2399 ac
1505 2334 1850 2421 splendida
1887 2334 2010 2399 illa
2039 2358 2189 2413 nox,
2230 2338 2532 2421 peccatit

425 2430 571 2495 bras
620 2429 887 2513 solvens,
950 2435 1020 2497 in
1068 2457 1193 2520 qua
1237 2457 1354 2498 ‘nos
1414 2457 1550 2498 cum
1595 2449 1827 2519 mayna
1893 2433 2150 2497 luminis
2198 2436 2381 2520 copia
2443 2434 2534 2499 sal

421 2540 678 2595 vwstrae
727 2529 959 2608 festum
1004 2531 1388 2596 celebramus
1437 2541 1622 2617 atque
1658 2555 1795 2595 cum
1826 2531 1959 2596 luce
1985 2542 2253 2618 propter
2280 2555 2394 2617 nos
2421 2520 2534 2597 moi

421 2639 617 2693 morte
642 2627 834 2692 simul
853 2627 1069 2717 affecti
1087 2653 1223 2694 cum
1247 2629 1465 2693 eadem
1486 2630 1749 2694 excitati
1769 2630 1959 2693 simul
1977 2632 2326 2693 excitamur
2347 2631 2534 2716 (Orat.

418 2728 491 2796 al.
542 2728 631 2793 45
683 2729 834 2812 eit).
928 2728 1286 2800 Oedreno
1334 2731 1397 2794 in
1445 2729 1754 2795 Michaele
1802 2729 2130 2814 Theophili
2178 2728 2339 2807 filio,
2403 2741 2494 2794 est

421 2828 597 2891 veina
645 2836 718 2891 et·
741 2828 963 2913 prima
1010 2827 1255 2892 dierum
1303 2821 1516 2913 (κυρία
1559 2826 1668 2891 καὶ
1713 2825 1939 2913 πρώτη
1982 2831 2110 2890 τῶν
2139 2824 2431 2913 ἡμερῶν).
2510 2838 2534 2893 2

420 2925 556 2990 aliis
605 2925 963 2991 nominibus
1011 2931 1281 3005 vocatur,
1333 2927 1421 2991 uti
1458 2926 1664 2991 videre
1692 2932 1787 2991 est
1822 2927 1984 3010 apud
2009 2946 2218 2990 rerum
2240 2925 2534 3011 liturgica:

417 3025 776 3108 scriptores
845 3023 939 3088 Ex
971 3024 1046 3089 iis
1071 3025 1319 3089 Pente
1340 3024 1780 3090 costarium
1829 3025 1889 3090 in
1929 3024 2264 3109 Tropariis
2291 3024 2445 3089 odae
2470 3045 2534 3089 nc

419 3121 725 3206 subjectis
770 3121 931 3187 haec
978 3124 1291 3208 congerit:

528 3244 772 3326 Πάσχα
817 3241 989 3333 ἱερὸν
1034 3244 1182 3334 ἡμῖν
1223 3245 1496 3337 σήμερον
1713 3249 1958 3312 Pascha
2003 3269 2252 3311 sacrum
2281 3246 2464 3311 hodie
2492 3272 2534 3312 π

419 3342 894 3409 ἄναδέδεικται·
986 3344 1224 3426 Πάσχα
1253 3344 1493 3426 καινόν,
1606 3357 1916 3411 ostensum
1962 3357 2091 3426 est,·
2133 3346 2380 3409 Pascha
2424 3369 2534 3410 not

420 3441 623 3527 ἅγιον·
650 3442 1233 3527 Πάσχαμυστικόν·
1259 3444 1497 3526 Πάσχα
1604 3455 1923 3524 sanctum;
2002 3445 2246 3508 Pascha
2309 3445 2527 3531 mystic

418 3539 940 3626 πανσεβάσμιον·
1013 3540 1275 3624 Πάσχα,
1331 3547 1496 3629 Χρι-
1611 3543 1850 3607 Pascha
1881 3542 2341 3628 quammaxime
2370 3565 2534 3606 venei

419 3638 577 3716 στὰς
610 3638 647 3703 ὁ
673 3638 1013 3728 λυτρωτής·
1065 3639 1304 3721 Πάσχα
1323 3639 1496 3725 ἅμω-
1607 3641 1786 3720 dum;
1852 3641 2092 3704 Pascha
2146 3638 2428 3704 Christus
2485 3642 2534 3703 L

418 3758 561 3821 μον·
613 3737 857 3819 Πάσχα
884 3737 1063 3821 μέγα·
1115 3737 1351 3819 Πάσχα
1372 3742 1500 3803 τῶν
1607 3749 1821 3818 rator,·
1907 3739 2146 3802 Pascha
2205 3739 2534 3802 incontamz

604 3943 648 4010 ¹)
690 3943 801 3998 Cfr.
842 3944 1211 4012 Binterim‚
1252 3944 1824 4014 Deukwutffiqlceiten,
1863 3948 1899 3997 t.
1940 3945 1990 4010 5,
2029 3948 2164 4012 part.
2208 3945 2252 4009 l,
2292 3959 2338 4012 p.
2379 3943 2502 3996 239.

603 4022 650 4092 ²)
691 4025 804 4079 Cfr.
822 4023 1160 4080 Binterim
1176 4066 1194 4092 ,
1229 4026 1265 4079 l.
1293 4042 1336 4081 c.
1361 4026 1616 4079 —'Altius
1642 4024 1963 4079 ascendendo
1989 4023 2051 4077 cl.
2078 4023 2128 4076 M
2145 4024 2204 4076 al
2223 4028 2330 4077 tze
2347 4040 2394 4076 w
2419 4024 2534 4092 orig

423 4121 635 4159 ovorum
674 4105 998 4174 paschalium
1035 4122 1066 4159 a
1103 4124 1145 4160 s.
1185 4106 1349 4160 Maria
1386 4105 1692 4175 Magdalena
1730 4105 1886 4172 ducit,
1925 4105 2000 4158 ita
2037 4104 2293 4158 scribens:
2341 4103 2498 4157 Diese

422 4185 718 4250 (Ostereier
768 4201 834 4238 zu
883 4186 1258 4254 verschenken)
1315 4185 1459 4239 fuhrt
1505 4186 1651 4239 ihren
1701 4185 1973 4253 Ursprung
2023 4183 2114 4236 auf
2161 4183 2241 4236 die
2281 4183 2468 4251 heilige
2507 4183 2534 4236 h

421 4266 735 4336 Magdalena
774 4265 987 4332 zuriick,
1026 4264 1105 4319 die
1143 4266 1256 4319 dem
1282 4266 1469 4319 Kaiser
1487 4264 1719 4319 Tiberius
1760 4265 1841 4318 ein
1867 4264 1928 4317 Ei
1954 4264 2182 4330 iibergab
2221 4262 2314 4315 mit
2340 4262 2453 4315 dem
2475 4262 2534 4316 G1

423 4347 719 4413 „Christos
756 4345 836 4399 ist
873 4347 1326 4416 auserstanden“,
1376 4347 1475 4401 und
1514 4347 1721 4401 hiermit
1770 4346 1879 4400 ihre
1916 4343 2324 4411 Verkiindigung
2374 4342 2463 4396 des
2501 4344 2534 4396 E

422 4428 641 4496 geliums
692 4427 909 4494 bega-nn
957 4424 1091 4494 (Die
1127 4427 1506 4492 Nachtwache,
1560 4444 1609 4496 p.
1648 4427 1796 4494 593).
1869 4423 2151 4478 Historiam
2202 4422 2403 4489 credat,
2461 4426 2534 4492 qui

423 4508 576 4563 luerit
589 4524 602 4577 ;
643 4522 754 4562 non
795 4520 915 4575 ego.
