<?xml version="1.0" encoding="UTF-8"?>
<!DOCTYPE html PUBLIC "-//W3C//DTD XHTML 1.0 Transitional//EN"
    "http://www.w3.org/TR/xhtml1/DTD/xhtml1-transitional.dtd">
<html xmlns="http://www.w3.org/1999/xhtml" xml:lang="en" lang="en">
 <head>
  <title>
</title>
<meta http-equiv="Content-Type" content="text/html;charset=utf-8" />
  <meta name='ocr-system' content='tesseract 3.04.00' />
  <meta name='ocr-capabilities' content='ocr_page ocr_carea ocr_par ocr_line ocrx_word'/>
</head>
<body>
  <div class='ocr_page' id='page_1' title='image "./kalendariummanu00nillgoog_0283.png"; bbox 0 0 3514 5391; ppageno 0'>
   <div class='ocr_carea' id='block_1_1' title="bbox 931 520 2905 593">
    <p class='ocr_par' dir='ltr' id='par_1_1' title="bbox 931 520 2905 593">
     <span class='ocr_line' id='line_1_1' title="bbox 931 520 2905 593; baseline 0.002 -20"><span class='ocrx_word' id='word_1_1' title='bbox 931 520 1007 573; x_wconf 80' lang='lat' dir='ltr'>“H</span> <span class='ocrx_word' id='word_1_2' title='bbox 1038 521 1171 591; x_wconf 74' lang='grc' dir='ltr'>ἁγία</span> <span class='ocrx_word' id='word_1_3' title='bbox 1205 525 1293 575; x_wconf 77' lang='grc' dir='ltr'>καὶ</span> <span class='ocrx_word' id='word_1_4' title='bbox 1328 523 1544 592; x_wconf 79' lang='grc' dir='ltr'><strong><em>μεγάλη</em></strong></span> <span class='ocrx_word' id='word_1_5' title='bbox 1580 521 1908 593; x_wconf 74' lang='grc' dir='ltr'><strong><em>παρασκευή.</em></strong></span> <span class='ocrx_word' id='word_1_6' title='bbox 1964 522 2081 578; x_wconf 81' lang='lat' dir='ltr'>Fer.</span> <span class='ocrx_word' id='word_1_7' title='bbox 2121 522 2209 580; x_wconf 84' lang='lat' dir='ltr'>VI.</span> <span class='ocrx_word' id='word_1_8' title='bbox 2247 523 2299 577; x_wconf 85' lang='lat' dir='ltr'>in</span> <span class='ocrx_word' id='word_1_9' title='bbox 2335 520 2643 578; x_wconf 77' lang='lat' dir='ltr'>paraseeve.</span> <span class='ocrx_word' id='word_1_10' title='bbox 2800 523 2905 578; x_wconf 77' lang='lat'>247</span> 
     </span>
    </p>
   </div>
   <div class='ocr_carea' id='block_1_2' title="bbox 572 718 2912 4563">
    <p class='ocr_par' dir='ltr' id='par_1_2' title="bbox 1200 718 2063 1106">
     <span class='ocr_line' id='line_1_2' title="bbox 1200 718 2063 810; baseline 0.001 -23"><span class='ocrx_word' id='word_1_11' title='bbox 1200 723 1311 810; x_wconf 83' lang='grc' dir='ltr'><strong><em>τὴν</em></strong></span> <span class='ocrx_word' id='word_1_12' title='bbox 1355 719 1569 788; x_wconf 83' lang='grc' dir='ltr'><strong><em>κτίσιν</em></strong></span> <span class='ocrx_word' id='word_1_13' title='bbox 1611 718 1841 810; x_wconf 76' lang='grc' dir='ltr'><strong><em>εὐφραί</em></strong></span> <span class='ocrx_word' id='word_1_14' title='bbox 1847 743 2063 805; x_wconf 86' lang='grc' dir='ltr'><strong><em>νουσα,</em></strong></span> 
     </span>
     <span class='ocr_line' id='line_1_3' title="bbox 1200 815 1943 910; baseline 0.001 -25"><span class='ocrx_word' id='word_1_15' title='bbox 1200 819 1306 885; x_wconf 79' lang='grc' dir='ltr'>καὶ</span> <span class='ocrx_word' id='word_1_16' title='bbox 1352 821 1436 886; x_wconf 85' lang='grc' dir='ltr'>τὰ</span> <span class='ocrx_word' id='word_1_17' title='bbox 1481 815 1647 910; x_wconf 71' lang='grc' dir='ltr'><strong><em>ἔθνη</em></strong></span> <span class='ocrx_word' id='word_1_18' title='bbox 1689 826 1943 899; x_wconf 78' lang='grc' dir='ltr'><strong><em>πιστῶς</em></strong></span> 
     </span>
     <span class='ocr_line' id='line_1_4' title="bbox 1202 918 2028 1005; baseline -0.001 -21"><span class='ocrx_word' id='word_1_19' title='bbox 1202 918 1597 985; x_wconf 79' lang='grc' dir='ltr'><strong><em>διδάσκουσα</em></strong></span> <span class='ocrx_word' id='word_1_20' title='bbox 1642 924 2028 1005; x_wconf 78' lang='grc' dir='ltr'><strong><em>προσκυνεῖν</em></strong></span> 
     </span>
     <span class='ocr_line' id='line_1_5' title="bbox 1201 1013 1897 1106; baseline 0 -23"><span class='ocrx_word' id='word_1_21' title='bbox 1201 1018 1313 1106; x_wconf 81' lang='grc' dir='ltr'><strong><em>τὴν</em></strong></span> <span class='ocrx_word' id='word_1_22' title='bbox 1361 1013 1712 1082; x_wconf 74' lang='grc' dir='ltr'><strong><em>Βασιλείαν</em></strong></span> <span class='ocrx_word' id='word_1_23' title='bbox 1759 1038 1897 1083; x_wconf 88' lang='grc' dir='ltr'><strong><em>σου.</em></strong></span> 
     </span>
    </p>

    <p class='ocr_par' dir='ltr' id='par_1_3' title="bbox 596 1119 2912 1599">
     <span class='ocr_line' id='line_1_6' title="bbox 832 1119 2911 1203; baseline 0.001 -22"><span class='ocrx_word' id='word_1_24' title='bbox 832 1119 1055 1185; x_wconf 85' lang='lat' dir='ltr'>Vitale</span> <span class='ocrx_word' id='word_1_25' title='bbox 1114 1119 1272 1185; x_wconf 85' lang='lat' dir='ltr'>latus</span> <span class='ocrx_word' id='word_1_26' title='bbox 1327 1124 1537 1195; x_wconf 90' lang='lat' dir='ltr'>tuum,</span> <span class='ocrx_word' id='word_1_27' title='bbox 1604 1123 1900 1203; x_wconf 87' lang='lat' dir='ltr'>tanquam</span> <span class='ocrx_word' id='word_1_28' title='bbox 1964 1119 2104 1184; x_wconf 84' lang='lat' dir='ltr'>sons</span> <span class='ocrx_word' id='word_1_29' title='bbox 2168 1139 2243 1184; x_wconf 82' lang='lat' dir='ltr'>ex</span> <span class='ocrx_word' id='word_1_30' title='bbox 2303 1119 2479 1185; x_wconf 84' lang='lat' dir='ltr'>Eden</span> <span class='ocrx_word' id='word_1_31' title='bbox 2546 1120 2911 1194; x_wconf 52' lang='lat' dir='ltr'>scaturiens</span> 
     </span>
     <span class='ocr_line' id='line_1_7' title="bbox 606 1217 2909 1303; baseline -0.001 -19"><span class='ocrx_word' id='word_1_32' title='bbox 606 1217 1014 1284; x_wconf 79' lang='lat' dir='ltr'>Ecclesiam</span> <span class='ocrx_word' id='word_1_33' title='bbox 1064 1225 1253 1296; x_wconf 87' lang='lat' dir='ltr'>tuam,</span> <span class='ocrx_word' id='word_1_34' title='bbox 1303 1217 1570 1296; x_wconf 77' lang='lat' dir='ltr'>Christe,</span> <span class='ocrx_word' id='word_1_35' title='bbox 1619 1223 1917 1303; x_wconf 86' lang='lat' dir='ltr'>tanquam</span> <span class='ocrx_word' id='word_1_36' title='bbox 1948 1219 2311 1285; x_wconf 79' lang='lat' dir='ltr'>rationalem</span> <span class='ocrx_word' id='word_1_37' title='bbox 2337 1220 2587 1285; x_wconf 86' lang='lat' dir='ltr'>hortum</span> <span class='ocrx_word' id='word_1_38' title='bbox 2615 1219 2909 1301; x_wconf 79' lang='lat' dir='ltr'>adaquat:</span> 
     </span>
     <span class='ocr_line' id='line_1_8' title="bbox 603 1316 2910 1402; baseline 0 -21"><span class='ocrx_word' id='word_1_39' title='bbox 603 1317 783 1382; x_wconf 85' lang='lat' dir='ltr'>inde</span> <span class='ocrx_word' id='word_1_40' title='bbox 839 1321 1155 1401; x_wconf 85' lang='lat' dir='ltr'>tanquam</span> <span class='ocrx_word' id='word_1_41' title='bbox 1200 1317 1265 1382; x_wconf 92' lang='lat' dir='ltr'>in</span> <span class='ocrx_word' id='word_1_42' title='bbox 1309 1318 1617 1401; x_wconf 83' lang='lat' dir='ltr'>quaedam</span> <span class='ocrx_word' id='word_1_43' title='bbox 1665 1318 1838 1382; x_wconf 85' lang='lat' dir='ltr'>initia</span> <span class='ocrx_word' id='word_1_44' title='bbox 1885 1337 1953 1383; x_wconf 91' lang='lat' dir='ltr'>se</span> <span class='ocrx_word' id='word_1_45' title='bbox 1999 1319 2283 1384; x_wconf 87' lang='lat' dir='ltr'>dividens</span> <span class='ocrx_word' id='word_1_46' title='bbox 2330 1318 2392 1383; x_wconf 92' lang='lat' dir='ltr'>in</span> <span class='ocrx_word' id='word_1_47' title='bbox 2424 1323 2687 1402; x_wconf 88' lang='lat' dir='ltr'>quatuor</span> <span class='ocrx_word' id='word_1_48' title='bbox 2711 1316 2910 1381; x_wconf 76' lang='lat' dir='ltr'>Evan-</span> 
     </span>
     <span class='ocr_line' id='line_1_9' title="bbox 598 1414 2912 1502; baseline -0.001 -22"><span class='ocrx_word' id='word_1_49' title='bbox 598 1414 845 1500; x_wconf 82' lang='lat' dir='ltr'>gelia:</span> <span class='ocrx_word' id='word_1_50' title='bbox 901 1417 1213 1480; x_wconf 90' lang='lat' dir='ltr'>mundum</span> <span class='ocrx_word' id='word_1_51' title='bbox 1244 1415 1530 1500; x_wconf 86' lang='lat' dir='ltr'>irrigans,</span> <span class='ocrx_word' id='word_1_52' title='bbox 1582 1419 1934 1481; x_wconf 81' lang='lat' dir='ltr'>creaturam</span> <span class='ocrx_word' id='word_1_53' title='bbox 1962 1415 2323 1495; x_wconf 81' lang='lat' dir='ltr'>laetificans,</span> <span class='ocrx_word' id='word_1_54' title='bbox 2373 1420 2717 1502; x_wconf 80' lang='lat' dir='ltr'>gentesque</span> <span class='ocrx_word' id='word_1_55' title='bbox 2760 1414 2912 1479; x_wconf 88' lang='lat' dir='ltr'>fide-</span> 
     </span>
     <span class='ocr_line' id='line_1_10' title="bbox 596 1512 1964 1599; baseline 0.001 -20"><span class='ocrx_word' id='word_1_56' title='bbox 596 1513 775 1579; x_wconf 82' lang='lat' dir='ltr'>liter</span> <span class='ocrx_word' id='word_1_57' title='bbox 829 1515 1085 1580; x_wconf 82' lang='lat' dir='ltr'>doeens</span> <span class='ocrx_word' id='word_1_58' title='bbox 1130 1512 1406 1579; x_wconf 84' lang='lat' dir='ltr'>venerari</span> <span class='ocrx_word' id='word_1_59' title='bbox 1455 1533 1717 1599; x_wconf 87' lang='lat' dir='ltr'>regnum</span> <span class='ocrx_word' id='word_1_60' title='bbox 1767 1518 1964 1581; x_wconf 90' lang='lat' dir='ltr'>tuum.</span> 
     </span>
    </p>

    <p class='ocr_par' dir='ltr' id='par_1_4' title="bbox 580 1608 2439 2779">
     <span class='ocr_line' id='line_1_11' title="bbox 580 1608 1863 1697; baseline -0.001 -21"><span class='ocrx_word' id='word_1_61' title='bbox 580 1609 587 1614; x_wconf 75' lang='grc'><strong><em>’</em></strong></span> <span class='ocrx_word' id='word_1_62' title='bbox 1096 1608 1551 1697; x_wconf 74' lang='grc' dir='ltr'><strong><em>Ἔσταυρώθης</em></strong></span> <span class='ocrx_word' id='word_1_63' title='bbox 1595 1609 1685 1674; x_wconf 78' lang='grc' dir='ltr'>δι’</span> <span class='ocrx_word' id='word_1_64' title='bbox 1731 1609 1863 1694; x_wconf 69' lang='grc' dir='ltr'><strong><em>ἐμέ,</em></strong></span> 
     </span>
     <span class='ocr_line' id='line_1_12' title="bbox 1196 1707 2291 1798; baseline -0.002 -24"><span class='ocrx_word' id='word_1_65' title='bbox 1196 1708 1308 1774; x_wconf 79' lang='grc' dir='ltr'><strong><em>ἕνα</em></strong></span> <span class='ocrx_word' id='word_1_66' title='bbox 1353 1707 1498 1793; x_wconf 77' lang='grc' dir='ltr'><strong><em>ἐμοὶ</em></strong></span> <span class='ocrx_word' id='word_1_67' title='bbox 1544 1708 1837 1798; x_wconf 77' lang='grc' dir='ltr'><strong><em>πηγάσῃς</em></strong></span> <span class='ocrx_word' id='word_1_68' title='bbox 1879 1709 1995 1797; x_wconf 77' lang='grc' dir='ltr'><strong><em>τὴν</em></strong></span> <span class='ocrx_word' id='word_1_69' title='bbox 2040 1708 2291 1798; x_wconf 74' lang='grc' dir='ltr'><strong><em>ἄφεσιν·</em></strong></span> 
     </span>
     <span class='ocr_line' id='line_1_13' title="bbox 1201 1805 2051 1896; baseline 0.001 -25"><span class='ocrx_word' id='word_1_70' title='bbox 1201 1805 1547 1896; x_wconf 71' lang='grc' dir='ltr'><strong><em>ἕκεντὴθης</em></strong></span> <span class='ocrx_word' id='word_1_71' title='bbox 1589 1806 1705 1895; x_wconf 74' lang='grc' dir='ltr'><strong><em>τὴν</em></strong></span> <span class='ocrx_word' id='word_1_72' title='bbox 1749 1805 2051 1893; x_wconf 79' lang='grc' dir='ltr'><strong><em>πλευράν,</em></strong></span> 
     </span>
     <span class='ocr_line' id='line_1_14' title="bbox 1196 1905 2439 1994; baseline -0.002 -23"><span class='ocrx_word' id='word_1_73' title='bbox 1196 1906 1302 1971; x_wconf 77' lang='grc' dir='ltr'><strong><em>ἵνα</em></strong></span> <span class='ocrx_word' id='word_1_74' title='bbox 1346 1906 1649 1991; x_wconf 70' lang='grc' dir='ltr'><strong><em>κρουνοῖς</em></strong></span> <span class='ocrx_word' id='word_1_75' title='bbox 1693 1906 1857 1994; x_wconf 73' lang='grc' dir='ltr'><strong><em>ζωῆς</em></strong></span> <span class='ocrx_word' id='word_1_76' title='bbox 1902 1905 2264 1994; x_wconf 73' lang='grc' dir='ltr'><strong><em>ἀναβλίσῃς</em></strong></span> <span class='ocrx_word' id='word_1_77' title='bbox 2307 1927 2439 1990; x_wconf 86' lang='grc' dir='ltr'><strong><em>μοι·</em></strong></span> 
     </span>
     <span class='ocr_line' id='line_1_15' title="bbox 1197 2003 2044 2092; baseline 0.004 -25"><span class='ocrx_word' id='word_1_78' title='bbox 1197 2009 1332 2081; x_wconf 79' lang='grc' dir='ltr'><strong><em>τοῖς</em></strong></span> <span class='ocrx_word' id='word_1_79' title='bbox 1380 2003 1556 2091; x_wconf 72' lang='grc' dir='ltr'><strong><em>ἥλοις</em></strong></span> <span class='ocrx_word' id='word_1_80' title='bbox 1602 2005 2044 2092; x_wconf 71' lang='grc' dir='ltr'><strong><em>προσήλωσαι,</em></strong></span> 
     </span>
     <span class='ocr_line' id='line_1_16' title="bbox 1194 2100 2000 2190; baseline 0.001 -24"><span class='ocrx_word' id='word_1_81' title='bbox 1194 2102 1300 2167; x_wconf 77' lang='grc' dir='ltr'><strong><em>ἵνα</em></strong></span> <span class='ocrx_word' id='word_1_82' title='bbox 1347 2100 1469 2185; x_wconf 74' lang='grc' dir='ltr'>ἐγώ</span> <span class='ocrx_word' id='word_1_83' title='bbox 1513 2107 1607 2188; x_wconf 70' lang='grc' dir='ltr'>τῷ</span> <span class='ocrx_word' id='word_1_84' title='bbox 1651 2101 1859 2186; x_wconf 70' lang='grc' dir='ltr'><strong><em>βάθει</em></strong></span> <span class='ocrx_word' id='word_1_85' title='bbox 1993 2181 2000 2190; x_wconf 24' lang='grc' dir='ltr'>ι</span> 
     </span>
     <span class='ocr_line' id='line_1_17' title="bbox 1194 2199 1950 2289; baseline 0.003 -24"><span class='ocrx_word' id='word_1_86' title='bbox 1194 2205 1324 2265; x_wconf 83' lang='grc' dir='ltr'><strong><em>τῶν</em></strong></span> <span class='ocrx_word' id='word_1_87' title='bbox 1370 2199 1785 2289; x_wconf 68' lang='grc' dir='ltr'><strong><em>παθημάτων</em></strong></span> <span class='ocrx_word' id='word_1_88' title='bbox 1831 2224 1950 2267; x_wconf 90' lang='grc' dir='ltr'>σου</span> 
     </span>
     <span class='ocr_line' id='line_1_18' title="bbox 1194 2296 2129 2387; baseline 0.002 -24"><span class='ocrx_word' id='word_1_89' title='bbox 1194 2298 1269 2363; x_wconf 80' lang='grc' dir='ltr'>τὸ</span> <span class='ocrx_word' id='word_1_90' title='bbox 1316 2296 1489 2387; x_wconf 59' lang='grc' dir='ltr'><strong><em>ὕψος</em></strong></span> <span class='ocrx_word' id='word_1_91' title='bbox 1532 2304 1648 2364; x_wconf 78' lang='grc' dir='ltr'>τοῦ</span> <span class='ocrx_word' id='word_1_92' title='bbox 1692 2298 1963 2386; x_wconf 82' lang='grc' dir='ltr'><strong><em>κράτους</em></strong></span> <span class='ocrx_word' id='word_1_93' title='bbox 2009 2321 2129 2366; x_wconf 88' lang='grc' dir='ltr'>σου</span> 
     </span>
     <span class='ocr_line' id='line_1_19' title="bbox 1197 2394 2084 2484; baseline 0.002 -23"><span class='ocrx_word' id='word_1_94' title='bbox 1197 2394 1648 2480; x_wconf 78' lang='grc' dir='ltr'><strong><em>πιστούμενος,</em></strong></span> <span class='ocrx_word' id='word_1_95' title='bbox 1693 2397 1907 2484; x_wconf 80' lang='grc' dir='ltr'><strong><em>κράζω</em></strong></span> <span class='ocrx_word' id='word_1_96' title='bbox 1954 2418 2084 2463; x_wconf 90' lang='grc' dir='ltr'><strong><em>σοι·</em></strong></span> 
     </span>
     <span class='ocr_line' id='line_1_20' title="bbox 1200 2493 1825 2583; baseline -0.002 -23"><span class='ocrx_word' id='word_1_97' title='bbox 1200 2493 1512 2560; x_wconf 86' lang='grc' dir='ltr'><strong><em>Ζωοδότα</em></strong></span> <span class='ocrx_word' id='word_1_98' title='bbox 1559 2496 1825 2583; x_wconf 80' lang='grc' dir='ltr'><strong><em>Χριστέ,</em></strong></span> 
     </span>
     <span class='ocr_line' id='line_1_21' title="bbox 1196 2592 1967 2679; baseline 0.003 -22"><span class='ocrx_word' id='word_1_99' title='bbox 1196 2592 1352 2676; x_wconf 81' lang='grc' dir='ltr'><strong><em>δόξα</em></strong></span> <span class='ocrx_word' id='word_1_100' title='bbox 1398 2592 1508 2659; x_wconf 84' lang='grc' dir='ltr'>καὶ</span> <span class='ocrx_word' id='word_1_101' title='bbox 1554 2598 1647 2679; x_wconf 78' lang='grc' dir='ltr'>τῷ</span> <span class='ocrx_word' id='word_1_102' title='bbox 1694 2600 1967 2679; x_wconf 66' lang='grc' dir='ltr'><strong><em>στανριῇ,</em></strong></span> 
     </span>
     <span class='ocr_line' id='line_1_22' title="bbox 1204 2690 2181 2779; baseline 0.001 -23"><span class='ocrx_word' id='word_1_103' title='bbox 1204 2695 1437 2779; x_wconf 72' lang='grc' dir='ltr'><strong><em>Σιῖντερ,</em></strong></span> <span class='ocrx_word' id='word_1_104' title='bbox 1485 2690 1592 2758; x_wconf 81' lang='grc' dir='ltr'>καὶ</span> <span class='ocrx_word' id='word_1_105' title='bbox 1641 2698 1735 2779; x_wconf 77' lang='grc' dir='ltr'>τῷ</span> <span class='ocrx_word' id='word_1_106' title='bbox 1783 2692 1996 2759; x_wconf 76' lang='grc' dir='ltr'><strong><em>πόθει</em></strong></span> <span class='ocrx_word' id='word_1_107' title='bbox 2043 2716 2181 2759; x_wconf 86' lang='grc' dir='ltr'><strong><em>σου.</em></strong></span> 
     </span>
    </p>

    <p class='ocr_par' dir='ltr' id='par_1_5' title="bbox 572 2798 2900 3364">
     <span class='ocr_line' id='line_1_23' title="bbox 711 2798 2899 2887; baseline -0.002 -18"><span class='ocrx_word' id='word_1_108' title='bbox 711 2870 721 2879; x_wconf 78' lang='grc'><em>,</em></span> <span class='ocrx_word' id='word_1_109' title='bbox 806 2801 1187 2869; x_wconf 81' lang='lat' dir='ltr'>Crucifixus</span> <span class='ocrx_word' id='word_1_110' title='bbox 1233 2822 1300 2867; x_wconf 86' lang='lat' dir='ltr'>es</span> <span class='ocrx_word' id='word_1_111' title='bbox 1350 2807 1603 2887; x_wconf 83' lang='lat' dir='ltr'>propter</span> <span class='ocrx_word' id='word_1_112' title='bbox 1650 2823 1788 2881; x_wconf 87' lang='lat' dir='ltr'>me,</span> <span class='ocrx_word' id='word_1_113' title='bbox 1834 2808 1903 2868; x_wconf 87' lang='lat' dir='ltr'>ut</span> <span class='ocrx_word' id='word_1_114' title='bbox 1950 2802 2117 2868; x_wconf 81' lang='lat' dir='ltr'>velut</span> <span class='ocrx_word' id='word_1_115' title='bbox 2163 2823 2236 2868; x_wconf 82' lang='lat' dir='ltr'>ex</span> <span class='ocrx_word' id='word_1_116' title='bbox 2285 2804 2455 2866; x_wconf 80' lang='lat' dir='ltr'>fonte</span> <span class='ocrx_word' id='word_1_117' title='bbox 2505 2800 2656 2865; x_wconf 84' lang='lat' dir='ltr'>mibi</span> <span class='ocrx_word' id='word_1_118' title='bbox 2704 2798 2899 2865; x_wconf 87' lang='lat' dir='ltr'>effun-</span> 
     </span>
     <span class='ocr_line' id='line_1_24' title="bbox 572 2897 2900 2980; baseline -0.004 -11"><span class='ocrx_word' id='word_1_119' title='bbox 572 2906 806 2971; x_wconf 85' lang='lat' dir='ltr'>dere-S</span> <span class='ocrx_word' id='word_1_120' title='bbox 866 2897 1338 2966; x_wconf 86' lang='lat' dir='ltr'>remissionem.</span> <span class='ocrx_word' id='word_1_121' title='bbox 1436 2900 1715 2967; x_wconf 85' lang='lat' dir='ltr'>Punotus</span> <span class='ocrx_word' id='word_1_122' title='bbox 1764 2922 1830 2966; x_wconf 89' lang='lat' dir='ltr'>es</span> <span class='ocrx_word' id='word_1_123' title='bbox 1877 2901 1939 2966; x_wconf 91' lang='lat' dir='ltr'>in</span> <span class='ocrx_word' id='word_1_124' title='bbox 1987 2902 2198 2980; x_wconf 86' lang='lat' dir='ltr'>latere,</span> <span class='ocrx_word' id='word_1_125' title='bbox 2248 2905 2318 2966; x_wconf 86' lang='lat' dir='ltr'>ut</span> <span class='ocrx_word' id='word_1_126' title='bbox 2364 2899 2516 2964; x_wconf 86' lang='lat' dir='ltr'>mibi</span> <span class='ocrx_word' id='word_1_127' title='bbox 2566 2898 2724 2962; x_wconf 88' lang='lat' dir='ltr'>vitae</span> <span class='ocrx_word' id='word_1_128' title='bbox 2766 2917 2900 2962; x_wconf 80' lang='lat' dir='ltr'>soa·</span> 
     </span>
     <span class='ocr_line' id='line_1_25' title="bbox 575 2996 2900 3088; baseline -0.005 -19"><span class='ocrx_word' id='word_1_129' title='bbox 575 3002 959 3088; x_wconf 85' lang='lat' dir='ltr'>turigines</span> <span class='ocrx_word' id='word_1_130' title='bbox 1012 2997 1311 3081; x_wconf 85' lang='lat' dir='ltr'>aperires;</span> <span class='ocrx_word' id='word_1_131' title='bbox 1374 2998 1562 3065; x_wconf 78' lang='lat' dir='ltr'>clavis</span> <span class='ocrx_word' id='word_1_132' title='bbox 1609 2999 1890 3065; x_wconf 81' lang='lat' dir='ltr'>confixus</span> <span class='ocrx_word' id='word_1_133' title='bbox 1937 3020 2039 3077; x_wconf 89' lang='lat' dir='ltr'>es,</span> <span class='ocrx_word' id='word_1_134' title='bbox 2109 3006 2179 3065; x_wconf 90' lang='lat' dir='ltr'>ut</span> <span class='ocrx_word' id='word_1_135' title='bbox 2238 3018 2354 3084; x_wconf 84' lang='lat' dir='ltr'>ego</span> <span class='ocrx_word' id='word_1_136' title='bbox 2414 2998 2482 3062; x_wconf 89' lang='lat' dir='ltr'>in</span> <span class='ocrx_word' id='word_1_137' title='bbox 2542 2996 2900 3081; x_wconf 82' lang='lat' dir='ltr'>passionum</span> 
     </span>
     <span class='ocr_line' id='line_1_26' title="bbox 575 3093 2898 3182; baseline -0.005 -15"><span class='ocrx_word' id='word_1_138' title='bbox 575 3110 889 3167; x_wconf 80' lang='lat' dir='ltr'>tuarum</span> <span class='ocrx_word' id='word_1_139' title='bbox 948 3096 1261 3181; x_wconf 87' lang='lat' dir='ltr'>profundo</span> <span class='ocrx_word' id='word_1_140' title='bbox 1307 3096 1695 3162; x_wconf 86' lang='lat' dir='ltr'>altitudinem</span> <span class='ocrx_word' id='word_1_141' title='bbox 1727 3102 1870 3163; x_wconf 84' lang='lat' dir='ltr'>tuae</span> <span class='ocrx_word' id='word_1_142' title='bbox 1903 3098 2217 3182; x_wconf 88' lang='lat' dir='ltr'>potentiae</span> <span class='ocrx_word' id='word_1_143' title='bbox 2245 3096 2586 3172; x_wconf 80' lang='lat' dir='ltr'>confessus,</span> <span class='ocrx_word' id='word_1_144' title='bbox 2636 3093 2898 3159; x_wconf 73' lang='lat' dir='ltr'>clamem</span> 
     </span>
     <span class='ocr_line' id='line_1_27' title="bbox 573 3194 2900 3282; baseline -0.004 -16"><span class='ocrx_word' id='word_1_145' title='bbox 573 3201 669 3266; x_wconf 84' lang='lat' dir='ltr'>ad</span> <span class='ocrx_word' id='word_1_146' title='bbox 730 3204 857 3264; x_wconf 83' lang='lat' dir='ltr'>te:</span> <span class='ocrx_word' id='word_1_147' title='bbox 942 3194 1127 3260; x_wconf 79' lang='lat' dir='ltr'>Vitae</span> <span class='ocrx_word' id='word_1_148' title='bbox 1169 3194 1429 3282; x_wconf 84' lang='lat' dir='ltr'>largitor</span> <span class='ocrx_word' id='word_1_149' title='bbox 1474 3194 1740 3273; x_wconf 84' lang='lat' dir='ltr'>Christe,</span> <span class='ocrx_word' id='word_1_150' title='bbox 1789 3196 1989 3282; x_wconf 84' lang='lat' dir='ltr'>gloria</span> <span class='ocrx_word' id='word_1_151' title='bbox 2035 3196 2218 3262; x_wconf 83' lang='lat' dir='ltr'>Cruci</span> <span class='ocrx_word' id='word_1_152' title='bbox 2266 3201 2426 3273; x_wconf 87' lang='lat' dir='ltr'>tuae,</span> <span class='ocrx_word' id='word_1_153' title='bbox 2478 3194 2778 3271; x_wconf 81' lang='lat' dir='ltr'>Salvator,</span> <span class='ocrx_word' id='word_1_154' title='bbox 2830 3212 2900 3256; x_wconf 86' lang='lat' dir='ltr'>ao</span> 
     </span>
     <span class='ocr_line' id='line_1_28' title="bbox 577 3293 1153 3364; baseline -0.012 0"><span class='ocrx_word' id='word_1_155' title='bbox 577 3293 937 3364; x_wconf 83' lang='lat' dir='ltr'>Passioni</span> <span class='ocrx_word' id='word_1_156' title='bbox 988 3296 1153 3358; x_wconf 87' lang='lat' dir='ltr'>tuae.</span> 
     </span>
    </p>

    <p class='ocr_par' dir='ltr' id='par_1_6' title="bbox 1099 3388 2363 4563">
     <span class='ocr_line' id='line_1_29' title="bbox 1099 3388 1875 3480; baseline 0.001 -28"><span class='ocrx_word' id='word_1_157' title='bbox 1099 3388 1186 3453; x_wconf 84' lang='grc' dir='ltr'>Τὸ</span> <span class='ocrx_word' id='word_1_158' title='bbox 1230 3388 1654 3478; x_wconf 79' lang='grc' dir='ltr'><strong><em>χειρόγραφον</em></strong></span> <span class='ocrx_word' id='word_1_159' title='bbox 1700 3388 1875 3480; x_wconf 77' lang='grc' dir='ltr'><strong><em>ἡμῶν</em></strong></span> 
     </span>
     <span class='ocr_line' id='line_1_30' title="bbox 1193 3485 2363 3579; baseline 0.002 -27"><span class='ocrx_word' id='word_1_160' title='bbox 1193 3485 1262 3553; x_wconf 77' lang='grc' dir='ltr'><strong><em>ἐν</em></strong></span> <span class='ocrx_word' id='word_1_161' title='bbox 1304 3492 1399 3574; x_wconf 77' lang='grc' dir='ltr'>τῷ</span> <span class='ocrx_word' id='word_1_162' title='bbox 1445 3493 1699 3575; x_wconf 69' lang='grc' dir='ltr'><strong><em>σταυρῷ</em></strong></span> <span class='ocrx_word' id='word_1_163' title='bbox 1745 3488 2094 3579; x_wconf 72' lang='grc' dir='ltr'><strong><em>διέρῤηξας,</em></strong></span> <span class='ocrx_word' id='word_1_164' title='bbox 2145 3489 2363 3576; x_wconf 78' lang='grc' dir='ltr'><strong><em>Κύριε,</em></strong></span> 
     </span>
     <span class='ocr_line' id='line_1_31' title="bbox 1192 3582 2283 3675; baseline 0.001 -24"><span class='ocrx_word' id='word_1_165' title='bbox 1192 3587 1301 3652; x_wconf 81' lang='grc' dir='ltr'>καὶ</span> <span class='ocrx_word' id='word_1_166' title='bbox 1347 3586 1683 3670; x_wconf 70' lang='grc' dir='ltr'><strong><em>λογισθεὶς</em></strong></span> <span class='ocrx_word' id='word_1_167' title='bbox 1723 3582 1794 3652; x_wconf 80' lang='grc' dir='ltr'><strong><em>ἐν</em></strong></span> <span class='ocrx_word' id='word_1_168' title='bbox 1838 3592 1978 3665; x_wconf 79' lang='grc' dir='ltr'><strong><em>τοῖς</em></strong></span> <span class='ocrx_word' id='word_1_169' title='bbox 2024 3592 2283 3675; x_wconf 79' lang='grc' dir='ltr'><strong><em>νεκροῖς,</em></strong></span> 
     </span>
     <span class='ocr_line' id='line_1_32' title="bbox 1190 3680 2202 3775; baseline 0.002 -27"><span class='ocrx_word' id='word_1_170' title='bbox 1190 3684 1305 3749; x_wconf 81' lang='grc' dir='ltr'><strong><em>τὸν</em></strong></span> <span class='ocrx_word' id='word_1_171' title='bbox 1349 3680 1554 3750; x_wconf 72' lang='grc' dir='ltr'><strong><em>ἐκεῖσε</em></strong></span> <span class='ocrx_word' id='word_1_172' title='bbox 1599 3685 1906 3773; x_wconf 84' lang='grc' dir='ltr'><strong><em>τι’·ραννον</em></strong></span> <span class='ocrx_word' id='word_1_173' title='bbox 1951 3681 2202 3775; x_wconf 76' lang='grc' dir='ltr'><strong><em>ἔδησας,</em></strong></span> 
     </span>
     <span class='ocr_line' id='line_1_33' title="bbox 1191 3782 1882 3869; baseline 0.001 -20"><span class='ocrx_word' id='word_1_174' title='bbox 1191 3782 1540 3869; x_wconf 78' lang='grc' dir='ltr'><strong><em>ῥυσάμενος</em></strong></span> <span class='ocrx_word' id='word_1_175' title='bbox 1584 3783 1882 3862; x_wconf 75' lang='grc' dir='ltr'><strong><em>ἅπαντας</em></strong></span> 
     </span>
     <span class='ocr_line' id='line_1_34' title="bbox 1193 3880 1899 3967; baseline 0.001 -21"><span class='ocrx_word' id='word_1_176' title='bbox 1193 3880 1261 3946; x_wconf 74' lang='grc' dir='ltr'>ἐκ</span> <span class='ocrx_word' id='word_1_177' title='bbox 1307 3882 1559 3967; x_wconf 78' lang='grc' dir='ltr'><strong><em>δεσμῶν</em></strong></span> <span class='ocrx_word' id='word_1_178' title='bbox 1607 3881 1899 3948; x_wconf 71' lang='grc' dir='ltr'><strong><em>θανάτου</em></strong></span> 
     </span>
     <span class='ocr_line' id='line_1_35' title="bbox 1191 3979 1846 4069; baseline 0.003 -25"><span class='ocrx_word' id='word_1_179' title='bbox 1191 3986 1269 4069; x_wconf 80' lang='grc' dir='ltr'>τῇ</span> <span class='ocrx_word' id='word_1_180' title='bbox 1313 3979 1660 4046; x_wconf 78' lang='grc' dir='ltr'><strong><em>ἀναστάσει</em></strong></span> <span class='ocrx_word' id='word_1_181' title='bbox 1707 3994 1846 4046; x_wconf 79' lang='grc' dir='ltr'><strong><em>σου·</em></strong></span> 
     </span>
     <span class='ocr_line' id='line_1_36' title="bbox 1193 4070 1917 4167; baseline 0 -24"><span class='ocrx_word' id='word_1_182' title='bbox 1193 4077 1280 4143; x_wconf 77' lang='grc' dir='ltr'>δι’</span> <span class='ocrx_word' id='word_1_183' title='bbox 1326 4070 1397 4167; x_wconf 76' lang='grc' dir='ltr'>ἧς</span> <span class='ocrx_word' id='word_1_184' title='bbox 1442 4075 1917 4167; x_wconf 71' lang='grc' dir='ltr'><strong><em>ἕφωτίσθημεν,</em></strong></span> 
     </span>
     <span class='ocr_line' id='line_1_37' title="bbox 1194 4175 1994 4266; baseline 0.003 -26"><span class='ocrx_word' id='word_1_185' title='bbox 1194 4175 1455 4264; x_wconf 81' lang='grc' dir='ltr'><strong><em>Χριστέ,</em></strong></span> <span class='ocrx_word' id='word_1_186' title='bbox 1503 4176 1540 4241; x_wconf 81' lang='grc' dir='ltr'>ὁ</span> <span class='ocrx_word' id='word_1_187' title='bbox 1592 4177 1756 4255; x_wconf 70' lang='grc' dir='ltr'><strong><em>Θεὸς</em></strong></span> <span class='ocrx_word' id='word_1_188' title='bbox 1802 4178 1994 4266; x_wconf 79' lang='grc' dir='ltr'><strong><em>ἡμῶν,</em></strong></span> 
     </span>
     <span class='ocr_line' id='line_1_38' title="bbox 1193 4275 1773 4359; baseline 0.005 -21"><span class='ocrx_word' id='word_1_189' title='bbox 1193 4275 1297 4340; x_wconf 82' lang='grc' dir='ltr'>καὶ</span> <span class='ocrx_word' id='word_1_190' title='bbox 1343 4276 1599 4359; x_wconf 80' lang='grc' dir='ltr'><strong><em>βοῶμέν</em></strong></span> <span class='ocrx_word' id='word_1_191' title='bbox 1643 4297 1773 4341; x_wconf 84' lang='grc' dir='ltr'><strong><em>σοι·</em></strong></span> 
     </span>
     <span class='ocr_line' id='line_1_39' title="bbox 1198 4372 1924 4464; baseline 0.004 -28"><span class='ocrx_word' id='word_1_192' title='bbox 1198 4372 1542 4463; x_wconf 71' lang='grc' dir='ltr'><strong><em>Μνὴσθητι</em></strong></span> <span class='ocrx_word' id='word_1_193' title='bbox 1593 4374 1700 4440; x_wconf 82' lang='grc' dir='ltr'>καὶ</span> <span class='ocrx_word' id='word_1_194' title='bbox 1750 4373 1924 4464; x_wconf 80' lang='grc' dir='ltr'><strong><em>ἡμῶν</em></strong></span> 
     </span>
     <span class='ocr_line' id='line_1_40' title="bbox 1195 4465 1929 4563; baseline 0.004 -30"><span class='ocrx_word' id='word_1_195' title='bbox 1195 4465 1263 4534; x_wconf 74' lang='grc' dir='ltr'><strong><em>ἐν</em></strong></span> <span class='ocrx_word' id='word_1_196' title='bbox 1304 4476 1385 4562; x_wconf 68' lang='grc' dir='ltr'>τῇ</span> <span class='ocrx_word' id='word_1_197' title='bbox 1432 4468 1745 4563; x_wconf 78' lang='grc' dir='ltr'><strong><em>Βασιλείᾳ</em></strong></span> <span class='ocrx_word' id='word_1_198' title='bbox 1793 4494 1929 4537; x_wconf 89' lang='grc' dir='ltr'><strong><em>σου.</em></strong></span> 
     </span>
    </p>
   </div>
  </div>
 </body>
</html>
