3514 5391
904 459 974 512 Ἡ
1007 459 1142 529 «lysa
1176 463 1267 512 καὶ
1300 460 1512 530 μεγάλη
1552 461 1610 519 ε’.
1668 462 1787 517 Fer.
1827 463 1890 518 V.
1927 465 1981 517 in
2020 462 2192 518 Coena
2229 463 2450 517 Domini.
2692 463 2797 519 229

541 655 911 728 adhibuisse,
970 664 1180 731 postea
1217 674 1360 715 vero
1398 664 1646 731 propter
1681 659 1978 718 haeresim
2019 659 2456 726 Ebionitarum‚
2507 660 2606 733 qui
2645 659 2797 717 anti-

542 753 656 810 qua
693 737 932 808 legalia
971 738 1145 796 simul
1194 755 1322 797 cum
1360 737 1697 811 Evangelio
1749 740 2051 799 servanda
2099 756 2230 799 esse
2281 740 2715 799 contenderent
2736 739 2797 810 ¹),

549 831 620 874 ne
655 817 994 877 haereticis
1034 818 1318 877 assentiri
1355 819 1680 889 videretur,
1719 819 1969 893 rejectis
2006 820 2234 892 azymis
2258 819 2684 880 fermentatum
2710 820 2798 877 in·

549 898 834 968 stituisse,
875 899 984 956 sed
1025 899 1322 958 exstincta
1362 899 1590 958 demum
1618 901 1859 958 haeresi
1886 901 1964 960 ad
1990 918 2262 975 azymum
2289 903 2542 962 rediisse
2559 901 2625 972 ²).
2681 901 2799 960 Ve-

551 995 676 1036 rum
713 979 870 1037 haec
918 980 1118 1053 opinio
1169 980 1391 1038 nullum
1438 981 1625 1040 habet
1673 980 1946 1039 idoneum
1996 979 2471 1046 fundamentum,
2528 998 2639 1054 quo
2685 980 2799 1038 niti

553 1075 719 1132 posse
757 1060 1063 1131 videatur,
1120 1075 1309 1134 neque
1359 1060 1490 1135 ejus
1528 1062 1619 1121 rei
1670 1063 1919 1121 verbum
1958 1062 2142 1121 ullum
2181 1068 2275 1120 est
2324 1063 2481 1135 apud
2522 1062 2798 1133 antiquos

553 1140 894 1213 scriptoreS,
934 1142 1035 1213 qui
1071 1158 1180 1214 per
1208 1142 1411 1200 decem
1449 1141 1654 1215 priora
1678 1142 1924 1200 saecula
1948 1158 2046 1200 res
2074 1143 2371 1201 ecclesiae
2398 1142 2640 1215 scriptis
2669 1142 2798 1199 illu·

554 1225 841 1278 strarant.
905 1221 1275 1281 Vocabulum
1302 1224 1576 1295 fermenti
1609 1223 1843 1297 quippe,
1867 1239 1978 1296 quo
2003 1241 2080 1281 ss,
2100 1222 2489 1281 Eucharistia
2520 1239 2556 1279 a
2582 1240 2627 1279 s,
2655 1221 2798 1280 Mel·

555 1299 763 1358 chiade
822 1307 1003 1375 atque
1055 1303 1131 1361 ab
1184 1303 1323 1361 aliis
1375 1301 1630 1362 Summis
1680 1302 2076 1362 Pontificibus
2135 1305 2446 1377 appellata
2496 1303 2718 1375 legitur
2734 1301 2799 1371 ⁸),

555 1387 799 1439 notante
842 1381 990 1441 Car
1004 1383 1058 1440 d.
1097 1382 1321 1441 Thom
1341 1384 1506 1442 asio
1544 1400 1657 1441 non
1687 1383 2046 1456 designabat
2071 1383 2384 1442 materiam
2424 1401 2498 1441 ex
2523 1399 2640 1456 qua
2668 1399 2799 1440 cou-

553 1459 718 1520 fecta
756 1469 909 1534 erat,
949 1464 1054 1522 sed
1094 1464 1552 1523 communionem
1594 1465 2087 1535 ecclesiasticam,
2127 1464 2294 1537 cujus
2332 1465 2657 1538 symbolum
2696 1464 2802 1521 ha-

555 1543 811 1601 bebatur
832 1543 898 1614 ⁴).

656 1657 661 1662 ·
730 1623 786 1681 E
826 1623 1261 1683 recentioribus
1299 1631 1423 1683 tres
1460 1626 1829 1699 potissimum
1868 1626 1941 1683 de
1981 1626 2187 1685 eodem
2226 1631 2576 1698 argumento
2604 1625 2799 1682 docto·

556 1720 682 1761 rum
719 1703 1018 1763 hominum
1057 1705 1393 1764 sententiae
1434 1705 1950 1772 circumferuntur,
2000 1706 2276 1764 nimirum
2314 1705 2358 1764 J
2378 1705 2602 1764 acobi
2640 1705 2801 1762 Sir·

558 1784 795 1842 mondi
848 1782 906 1843 S.
947 1784 1027 1847 J..
1086 1785 1302 1844 Joan.
1342 1786 1817 1858 Mabillonii,
1875 1784 1945 1844 Ο.
1996 1785 2055 1845 S.
2102 1785 2207 1858 B.‚
2266 1793 2329 1844 et
2365 1785 2548 1845 Oard.
2585 1785 2801 1844 Joan.

558 1863 815 1923 Bonae
855 1864 914 1923 S.
954 1864 1023 1925 Ο.
1067 1864 1218 1926 cist.
2400 1884 2403 1888 ’

736 1944 1064 2005 Contendit
1098 1947 1302 2021 itaque
1340 1945 1821 2016 Sirmondus‚
1875 1948 1933 2005 in
1972 1947 2266 2017 Disquistt.
2303 1948 2372 2002 de
2408 1963 2631 2018 azymo,
2685 1946 2802 2004 La·

559 2025 712 2083 tinos
753 2028 830 2085 ab
870 2027 1043 2086 initio
1081 2027 1441 2086 fermentum
1483 2045 1868 2087 consecrasse
1907 2044 2089 2101 usque
2119 2027 2195 2086 ad
2225 2029 2525 2086 saeculum
2549 2027 2603 2092 9,
2642 2026 2804 2085 dein·

559 2122 694 2178 ceps
751 2124 894 2166 vero
945 2109 1139 2167 medio
1189 2108 1293 2167 illo
1343 2115 1669 2181 tempore,.
1699 2110 1853 2181 quod
1914 2108 2181 2166 excurrit
2236 2107 2397 2166 inter
2446 2106 2801 2166 Photianum

558 2187 816 2246 schisma
853 2195 915 2246 et
953 2188 1304 2248 Michaelem
1346 2188 1783 2262 caerularium,
1828 2190 1938 2248 hoc
1977 2196 2071 2247 est
2106 2189 2268 2248 inter
2305 2205 2520 2247 annum
2561 2188 2807 2246 circiter

555 2267 660 2324 867
701 2273 765 2325 et
802 2269 962 2341 1054,
1019 2287 1291 2343 azymum
1331 2271 1618 2330 adhibere
1658 2270 1926 2344 coepisse
1946 2268 2014 2342 ¹⁵).
2089 2267 2317 2328 Contra
2354 2284 2498 2327 vero
2535 2267 2805 2327 Habil-

743 2494 786 2562 1)
827 2494 1099 2548 Ebionitae
1138 2493 1189 2546 in
1218 2494 1336 2563 jure
1374 2508 1522 2547 sacro
1560 2492 1800 2547 dicuntur
1838 2493 2187 2562 „semijudaei,
2225 2493 2310 2563 qui
2350 2493 2424 2545 ita
2450 2495 2629 2545 tenent
2654 2506 2807 2544 evan-

559 2573 767 2643 gelium,
807 2580 866 2629 ut
901 2575 1071 2644 legem
1112 2573 1433 2640 (mosaicam)
1485 2574 1768 2627 carnaliter
1817 2572 2080 2627 servent.“
2156 2573 2213 2626 C.
2253 2572 2468 2639 Quidam
2507 2577 2682 2625 autem
2719 2571 2805 2625 39.

559 2654 615 2709 C.
651 2653 846 2709 XXIV.
883 2672 932 2727 q.
971 2658 1023 2719 3,
1062 2656 1094 2726 ξ
1131 2655 1217 2711 35.
1283 2653 1440 2709 Teste
1478 2672 1520 2709 s.
1559 2652 1974 2725 Epiphanio,
2014 2653 2133 2708 adn.
2158 2653 2378 2708 haeres.
2405 2653 2438 2708 l.
2469 2654 2517 2720 1,
2555 2652 2698 2706 haer.
2720 2653 2807 2718 30,

558 2752 606 2789 n.
647 2737 732 2791 16.
775 2737 1062 2807 „mysteria
1101 2735 1366 2790 celebrant
1403 2751 1517 2789 cum
1555 2735 1750 2806 azymis
1791 2740 1847 2789 et
1875 2751 2017 2789 mera
2043 2736 2240 2804 aqua“:
2278 2732 2556 2803 μυστήρια
2593 2733 2804 2784 τελοῦσι

559 2814 649 2867 διαὶ
688 2815 921 2885 ἀζύμων
955 2820 1045 2867 καὶ
1085 2855 1098 2866 .
1140 2859 1152 2872 .
1194 2859 1206 2872 .
1246 2814 1319 2867 δι’
1356 2814 1557 2874 ὕδατος
1591 2814 1775 2884 μόνον
1816 2815 2029 2884 (Migne,
2067 2815 2211 2868 Patr.
2249 2831 2329 2883 gr.
2369 2825 2407 2868 t.
2446 2814 2533 2881 41,
2573 2829 2622 2883 p.
2660 2813 2806 2879 432).

560 2898 729 2967 Atque
765 2897 887 2951 hinc
910 2898 1106 2951 factum
1133 2912 1266 2965 esse,
1304 2896 1611 2966 putaverim,
1649 2900 1706 2950 ut
1743 2896 2013 2950 catholicis
2049 2895 2383 2950 orientalibus
2421 2895 2617 2949 vetitus
2652 2894 2810 2947 fuerit

559 2993 861 3047 azymorum
909 2994 1062 3045 usuS,
1112 2993 1177 3031 ne
1227 2976 1467 3031 assentiri
1506 2976 1807 3031 viderentur
1844 2975 2127 3041 Ebionitis,
2183 2976 2267 3044 qui
2306 2973 2719 3044 superstitiosam
2756 2977 2812 3025 et

557 3073 746 3111 vanam
783 3057 1199 3112 observationem
1236 3072 1533 3128 azymorum
1569 3057 1624 3110 in
1661 3056 1915 3126 aquaticis
1953 3056 2315 3127 mysteriorum
2353 3054 2640 3109 simulacris
2686 3068 2810 3107 suae

561 3136 796 3191 fecermit
833 3139 1110 3193 haereseos
1146 3141 1375 3206 partem:
1414 3141 1570 3206 atque
1597 3136 1695 3191 hoc
1731 3136 1886 3190 simili
1911 3136 2073 3189 ferme
2099 3135 2300 3189 ratione
2326 3135 2652 3205 prohibitum,
2692 3149 2808 3204 qua,

561 3217 741 3271 eodem
777 3217 1162 3287 Epiphanio
1199 3217 1449 3271 monitore
1491 3218 1547 3281 (l.
1570 3219 1619 3283 1,
1644 3217 1787 3271 haer.
1813 3217 1901 3281 42,
1927 3233 1977 3269 n.
1998 3216 2074 3282 3),
2113 3215 2330 3269 sabbato
2353 3214 2575 3285 jejunari
2601 3213 2813 3268 nolebat

562 3296 746 3351 Oriens
783 3297 1086 3366 catholicus,
1122 3314 1188 3352 ne
1225 3313 1340 3351 cum
1378 3296 1712 3362 Marcionitis,
1751 3298 1832 3351 die
1871 3296 2074 3351 sabbati
2113 3295 2165 3349 in
2201 3299 2549 3364 contemptum
2586 3294 2684 3348 Dei
2723 3293 2811 3348 Ju-

564 3378 807 3433 daeorum
837 3379 1208 3449 jejunantibuS,
1245 3379 1557 3451 participare
1595 3379 1859 3433 videretur
1895 3377 2110 3446 (Migne,
2148 3380 2186 3430 t.
2226 3376 2314 3431 cit.
2354 3393 2402 3446 p.
2442 3377 2590 3442 700),
2641 3390 2810 3444 quem-

565 3459 833 3513 admodum
864 3460 976 3529 jam
1013 3460 1247 3529 superius
1285 3460 1383 3514 fuit
1419 3460 1720 3514 adnotatum
1759 3476 1809 3529 p.
1846 3460 1933 3513 88.

744 3539 789 3606 ²)
830 3540 913 3594 Ita
950 3540 1182 3594 sentiunt
1217 3540 1520 3594 Joannes
1558 3540 1801 3594 Scotus
1838 3540 1890 3593 in
1914 3540 1965 3593 4.
1993 3538 2114 3593 dist.
2143 3539 2226 3592 11.
2253 3537 2386 3607 q.5;
2425 3535 2816 3591 Alexander

568 3621 843 3675 Alensis
880 3637 966 3691 qu.
986 3621 1074 3677 32.
1101 3621 1311 3675 membr.
1332 3622 1383 3675 3.
1422 3621 1486 3675 ad
1513 3621 1604 3675 ult.
1632 3625 1688 3675 et
1714 3637 1827 3690 par.
1854 3621 1904 3674 4.
1936 3620 1998 3673 de
2024 3634 2241 3673 sacram.
2269 3618 2475 3672 euchar.
2502 3618 2703 3686 quaest.
2728 3617 2812 3669 10.

570 3701 775 3755 membr.
814 3702 866 3755 4.
906 3706 1009 3755 art.
1047 3703 1096 3755 1.
1136 3702 1256 3771 §33
1296 3718 1338 3755 s.
1365 3701 1856 3755 Bonaventura
1891 3700 1945 3754 in
1970 3701 2021 3754 4.
2047 3698 2167 3753 dist.
2191 3700 2275 3753 11.
2313 3702 2412 3752 art.
2435 3697 2485 3761 2,
2523 3702 2725 3766 quaest.
2751 3697 2812 3759 1;

573 3797 612 3833 s.
649 3780 962 3847 Thomas,
1003 3781 1123 3836 ibid.
1160 3797 1247 3852 qu.
1285 3783 1337 3836 2.
1374 3786 1475 3842 art.
1515 3782 1564 3835 2.

747 3859 791 3930 ⁸)
843 3861 959 3916 Huc
1011 3862 1274 3932 pertinent
1327 3878 1459 3932 quae
1511 3861 1573 3915 de
1624 3859 2008 3916 distributione
2047 3859 2320 3930 fermenti
2370 3857 2591 3912 diximus
2660 3871 2815 3924 supra

746 4020 791 4088 ⁴)
832 4021 978 4077 Haec
1003 4023 1280 4094 fermenti
1313 4022 1704 4092 interpretatio,
1761 4038 1912 4091 quam
1964 4020 2116 4075 Card.
2153 4018 2557 4073 Thomasius
2609 4017 2816 4085 optimis

573 4103 749 4159 duetus
787 4103 1116 4173 argumentis
1153 4104 1245 4158 dat
1281 4104 1407 4159 locis
1437 4105 1553 4174 jam·
1584 4102 1835 4168 adductis,
1872 4118 1975 4156 non
2012 4100 2211 4155 arridet
2246 4099 2309 4155 cl.
2348 4099 2481 4153 Dno.
2507 4096 2600 4151 De
2627 4096 2814 4149 Waal

573 4185 623 4238 in
657 4183 1270 4255 Reae-Enqklopaedie
1308 4185 1436 4254 sttr‘
1452 4182 1743 4237 christiche
1781 4181 2159 4236 Altertteumer
2212 4179 2357 4245 (edit.
2405 4195 2437 4232 a
2472 4177 2565 4231 Dr.
2603 4176 2815 4241 Kraus),

572 4281 622 4319 r.
656 4265 834 4331 Brod,
872 4271 913 4320 t.
954 4268 1005 4332 1,
1046 4282 1096 4335 p.
1138 4264 1262 4317 172.

747 4346 792 4414 ⁵)
845 4344 1109 4401 Sinnondi
1158 4344 1417 4398 sententia
1472 4342 1770 4398 assensione
1822 4357 1922 4395 non
1969 4340 2176 4393 videtur
2225 4338 2434 4408 indigna
2484 4337 2633 4392 clm0.
2683 4335 2815 4389 Dno.

574 4426 648 4481 De
684 4427 835 4483 Waal
877 4429 912 4483 l.
952 4444 999 4481 c.
