<?xml version="1.0" encoding="UTF-8"?>
<!DOCTYPE html PUBLIC "-//W3C//DTD XHTML 1.0 Transitional//EN"
    "http://www.w3.org/TR/xhtml1/DTD/xhtml1-transitional.dtd">
<html xmlns="http://www.w3.org/1999/xhtml" xml:lang="en" lang="en">
 <head>
  <title>
</title>
<meta http-equiv="Content-Type" content="text/html;charset=utf-8" />
  <meta name='ocr-system' content='tesseract 3.04.00' />
  <meta name='ocr-capabilities' content='ocr_page ocr_carea ocr_par ocr_line ocrx_word'/>
</head>
<body>
  <div class='ocr_page' id='page_1' title='image "./kalendariummanu00nillgoog_0436.png"; bbox 0 0 3514 5391; ppageno 0'>
   <div class='ocr_carea' id='block_1_1' title="bbox 857 485 2385 555">
    <p class='ocr_par' dir='ltr' id='par_1_1' title="bbox 857 485 2385 555">
     <span class='ocr_line' id='line_1_1' title="bbox 857 485 2385 555; baseline 0 -16"><span class='ocrx_word' id='word_1_1' title='bbox 857 486 965 539; x_wconf 81' lang='lat'>394</span> <span class='ocrx_word' id='word_1_2' title='bbox 1570 486 1732 540; x_wconf 86' lang='lat' dir='ltr'>Festa</span> <span class='ocrx_word' id='word_1_3' title='bbox 1770 487 1975 540; x_wconf 84' lang='lat' dir='ltr'>mobilia</span> <span class='ocrx_word' id='word_1_4' title='bbox 2012 491 2131 555; x_wconf 84' lang='lat' dir='ltr'>post</span> <span class='ocrx_word' id='word_1_5' title='bbox 2168 485 2385 540; x_wconf 80' lang='lat' dir='ltr'>Pascha.</span> 
     </span>
    </p>
   </div>
   <div class='ocr_carea' id='block_1_2' title="bbox 857 681 3102 1270">
    <p class='ocr_par' dir='ltr' id='par_1_2' title="bbox 857 681 3102 1259">
     <span class='ocr_line' id='line_1_2' title="bbox 1039 681 3102 778; baseline -0.001 -31"><span class='ocrx_word' id='word_1_6' title='bbox 1039 683 1361 748; x_wconf 85' lang='lat' dir='ltr'>Dominico</span> <span class='ocrx_word' id='word_1_7' title='bbox 1411 684 1529 749; x_wconf 88' lang='lat' dir='ltr'>hoc</span> <span class='ocrx_word' id='word_1_8' title='bbox 1578 684 1676 748; x_wconf 87' lang='lat' dir='ltr'>die</span> <span class='ocrx_word' id='word_1_9' title='bbox 1723 684 1932 768; x_wconf 88' lang='lat' dir='ltr'>ipsum</span> <span class='ocrx_word' id='word_1_10' title='bbox 1981 683 2250 768; x_wconf 79' lang='lat' dir='ltr'>Spiritus</span> <span class='ocrx_word' id='word_1_11' title='bbox 2296 685 2494 778; x_wconf 79' lang='lat' dir='ltr'>sancti</span> <span class='ocrx_word' id='word_1_12' title='bbox 2556 683 2917 748; x_wconf 73' lang='lat' dir='ltr'><strong><em>descensum</em></strong></span> <span class='ocrx_word' id='word_1_13' title='bbox 2963 681 3102 769; x_wconf 71' lang='grc' dir='ltr'>(τὴν</span> 
     </span>
     <span class='ocr_line' id='line_1_3' title="bbox 857 766 3100 868; baseline 0.001 -26.001"><span class='ocrx_word' id='word_1_14' title='bbox 857 778 1202 866; x_wconf 68' lang='grc' dir='ltr'><em>κάθοδον),</em></span> <span class='ocrx_word' id='word_1_15' title='bbox 1254 776 1594 845; x_wconf 68' lang='grc' dir='ltr'><strong>αιίηεπῠιιηι</strong></span> <span class='ocrx_word' id='word_1_16' title='bbox 1634 777 1781 867; x_wconf 70' lang='grc' dir='ltr'>(τὴν</span> <span class='ocrx_word' id='word_1_17' title='bbox 1825 775 2305 867; x_wconf 75' lang='grc' dir='ltr'>ἕπιφοίτησιν)</span> <span class='ocrx_word' id='word_1_18' title='bbox 2348 766 2658 852; x_wconf 62' lang='lat' dir='ltr'>decessum</span> <span class='ocrx_word' id='word_1_19' title='bbox 2707 803 2825 854; x_wconf 78' lang='lat' dir='ltr'>seu</span> <span class='ocrx_word' id='word_1_20' title='bbox 2863 783 3100 868; x_wconf 73' lang='lat' dir='ltr'>inyrcs·</span> 
     </span>
     <span class='ocr_line' id='line_1_4' title="bbox 857 872 3098 966; baseline 0.002 -26"><span class='ocrx_word' id='word_1_21' title='bbox 857 900 993 941; x_wconf 79' lang='lat' dir='ltr'>sum</span> <span class='ocrx_word' id='word_1_22' title='bbox 1025 875 1170 966; x_wconf 77' lang='grc' dir='ltr'><strong><em>(τὴν</em></strong></span> <span class='ocrx_word' id='word_1_23' title='bbox 1197 872 1579 966; x_wconf 75' lang='grc' dir='ltr'><em>ἐπιδημίαν)</em></span> <span class='ocrx_word' id='word_1_24' title='bbox 1628 880 1858 962; x_wconf 83' lang='lat' dir='ltr'>atque</span> <span class='ocrx_word' id='word_1_25' title='bbox 1843 900 1906 943; x_wconf 92' lang='lat' dir='ltr'>1n</span> <span class='ocrx_word' id='word_1_26' title='bbox 1937 898 2010 944; x_wconf 89' lang='lat' dir='ltr'>eo</span> <span class='ocrx_word' id='word_1_27' title='bbox 2041 879 2448 965; x_wconf 66' lang='lat' dir='ltr'>manufestum</span> <span class='ocrx_word' id='word_1_28' title='bbox 2468 880 2867 944; x_wconf 70' lang='lat' dir='ltr'>reconciliati</span> <span class='ocrx_word' id='word_1_29' title='bbox 2892 880 3098 944; x_wconf 75' lang='lat' dir='ltr'>nobis-</span> 
     </span>
     <span class='ocr_line' id='line_1_5' title="bbox 857 974 3099 1064; baseline 0 -24"><span class='ocrx_word' id='word_1_30' title='bbox 857 1000 993 1041; x_wconf 79' lang='lat' dir='ltr'>cum</span> <span class='ocrx_word' id='word_1_31' title='bbox 1047 978 1178 1041; x_wconf 64' lang='lat' dir='ltr'>Dei</span> <span class='ocrx_word' id='word_1_32' title='bbox 1233 978 1447 1041; x_wconf 73' lang='lat' dir='ltr'>Patris</span> <span class='ocrx_word' id='word_1_33' title='bbox 1514 1001 1574 1041; x_wconf 84' lang='grc' dir='ltr'><strong>αι</strong></span> <span class='ocrx_word' id='word_1_34' title='bbox 1580 987 1945 1063; x_wconf 73' lang='lat' dir='ltr'>qumentum</span> <span class='ocrx_word' id='word_1_35' title='bbox 2010 976 2154 1064; x_wconf 81' lang='grc' dir='ltr'><strong><em>(της</em></strong></span> <span class='ocrx_word' id='word_1_36' title='bbox 2213 975 2379 1063; x_wconf 82' lang='grc' dir='ltr'><strong><em>πρὸς</em></strong></span> <span class='ocrx_word' id='word_1_37' title='bbox 2443 975 2657 1041; x_wconf 72' lang='grc' dir='ltr'>Θεὸν</span> <span class='ocrx_word' id='word_1_38' title='bbox 2648 975 2776 1041; x_wconf 81' lang='grc' dir='ltr'>καὶ</span> <span class='ocrx_word' id='word_1_39' title='bbox 2837 974 3099 1061; x_wconf 73' lang='grc' dir='ltr'><em>Πατέρα</em></span> 
     </span>
     <span class='ocr_line' id='line_1_6' title="bbox 858 1059 3098 1163; baseline 0.002 -26"><span class='ocrx_word' id='word_1_40' title='bbox 858 1074 1251 1163; x_wconf 77' lang='grc' dir='ltr'><strong><em>καταλλαγῆς</em></strong></span> <span class='ocrx_word' id='word_1_41' title='bbox 1297 1073 1579 1162; x_wconf 71' lang='grc' dir='ltr'><strong>φαιδρὰν</strong></span> <span class='ocrx_word' id='word_1_42' title='bbox 1624 1073 1737 1162; x_wconf 69' lang='grc' dir='ltr'>τὴν</span> <span class='ocrx_word' id='word_1_43' title='bbox 1785 1073 2175 1159; x_wconf 70' lang='grc' dir='ltr'>ἀποδειξων)</span> <span class='ocrx_word' id='word_1_44' title='bbox 2204 1075 2486 1146; x_wconf 85' lang='lat' dir='ltr'>recolunt</span> <span class='ocrx_word' id='word_1_45' title='bbox 2535 1059 2779 1152; x_wconf 78' lang='lat' dir='ltr'>Graeci</span> <span class='ocrx_word' id='word_1_46' title='bbox 2828 1076 3098 1141; x_wconf 85' lang='lat' dir='ltr'>infinitas</span> 
     </span>
     <span class='ocr_line' id='line_1_7' title="bbox 857 1171 2816 1270; baseline 0.001 -32"><span class='ocrx_word' id='word_1_47' title='bbox 857 1174 989 1258; x_wconf 84' lang='lat' dir='ltr'>ejus</span> <span class='ocrx_word' id='word_1_48' title='bbox 1039 1175 1451 1270; x_wconf 79' lang='lat' dir='ltr'>perfectiones</span> <span class='ocrx_word' id='word_1_49' title='bbox 1500 1194 1637 1239; x_wconf 82' lang='lat' dir='ltr'>clas</span> <span class='ocrx_word' id='word_1_50' title='bbox 1685 1174 1893 1242; x_wconf 87' lang='lat' dir='ltr'>latius</span> <span class='ocrx_word' id='word_1_51' title='bbox 1919 1171 2282 1258; x_wconf 73' lang='lat' dir='ltr'>explicaturi</span> <span class='ocrx_word' id='word_1_52' title='bbox 2331 1195 2409 1240; x_wconf 81' lang='lat' dir='ltr'>ac</span> <span class='ocrx_word' id='word_1_53' title='bbox 2449 1176 2816 1240; x_wconf 77' lang='lat' dir='ltr'>veneraturi.</span> 
     </span>
    </p>
   </div>
   <div class='ocr_carea' id='block_1_3' title="bbox 856 1281 3100 1858">
    <p class='ocr_par' dir='ltr' id='par_1_3' title="bbox 856 1281 3100 1858">
     <span class='ocr_line' id='line_1_8' title="bbox 1083 1281 3097 1365; baseline 0.002 -21"><span class='ocrx_word' id='word_1_54' title='bbox 1083 1282 1420 1346; x_wconf 75' lang='lat' dir='ltr'>Dominica</span> <span class='ocrx_word' id='word_1_55' title='bbox 1465 1291 1687 1346; x_wconf 80' lang='lat' dir='ltr'>octava</span> <span class='ocrx_word' id='word_1_56' title='bbox 1718 1307 1759 1345; x_wconf 82' lang='lat' dir='ltr'>a</span> <span class='ocrx_word' id='word_1_57' title='bbox 1792 1282 2114 1363; x_wconf 70' lang='lat' dir='ltr'>Paschatc,</span> <span class='ocrx_word' id='word_1_58' title='bbox 2162 1281 2362 1365; x_wconf 82' lang='lat' dir='ltr'>inquit</span> <span class='ocrx_word' id='word_1_59' title='bbox 2390 1282 2517 1348; x_wconf 86' lang='lat' dir='ltr'>All</span> <span class='ocrx_word' id='word_1_60' title='bbox 2537 1287 2630 1347; x_wconf 83' lang='lat' dir='ltr'>at.</span> <span class='ocrx_word' id='word_1_61' title='bbox 2661 1284 2739 1347; x_wconf 81' lang='lat' dir='ltr'>de</span> <span class='ocrx_word' id='word_1_62' title='bbox 2767 1284 2952 1349; x_wconf 89' lang='lat' dir='ltr'>Dom.</span> <span class='ocrx_word' id='word_1_63' title='bbox 2987 1283 3097 1350; x_wconf 80' lang='lat' dir='ltr'>Gr.</span> 
     </span>
     <span class='ocr_line' id='line_1_9' title="bbox 857 1378 3100 1468; baseline 0.001 -24"><span class='ocrx_word' id='word_1_64' title='bbox 857 1403 910 1444; x_wconf 85' lang='lat' dir='ltr'>c.</span> <span class='ocrx_word' id='word_1_65' title='bbox 961 1380 1067 1456; x_wconf 87' lang='lat'>30,</span> <span class='ocrx_word' id='word_1_66' title='bbox 1121 1378 1404 1466; x_wconf 72' lang='lat' dir='ltr'>Spiritus</span> <span class='ocrx_word' id='word_1_67' title='bbox 1450 1381 1659 1444; x_wconf 77' lang='lat' dir='ltr'>sancti</span> <span class='ocrx_word' id='word_1_68' title='bbox 1705 1382 1831 1461; x_wconf 75' lang='lat' dir='ltr'>cst,</span> <span class='ocrx_word' id='word_1_69' title='bbox 1897 1390 1956 1443; x_wconf 81' lang='lat' dir='ltr'>et</span> <span class='ocrx_word' id='word_1_70' title='bbox 2002 1404 2043 1444; x_wconf 84' lang='lat' dir='ltr'>a</span> <span class='ocrx_word' id='word_1_71' title='bbox 2090 1379 2336 1444; x_wconf 77' lang='lat' dir='ltr'>dierum</span> <span class='ocrx_word' id='word_1_72' title='bbox 2379 1403 2670 1460; x_wconf 76' lang='lat' dir='ltr'>numero,</span> <span class='ocrx_word' id='word_1_73' title='bbox 2732 1404 2894 1468; x_wconf 79' lang='lat' dir='ltr'>quae</span> <span class='ocrx_word' id='word_1_74' title='bbox 2938 1385 3100 1447; x_wconf 76' lang='lat' dir='ltr'>inter</span> 
     </span>
     <span class='ocr_line' id='line_1_10' title="bbox 858 1478 3099 1560; baseline 0.003 -19"><span class='ocrx_word' id='word_1_75' title='bbox 858 1479 1102 1544; x_wconf 73' lang='lat' dir='ltr'>Pascha</span> <span class='ocrx_word' id='word_1_76' title='bbox 1147 1488 1207 1542; x_wconf 77' lang='lat' dir='ltr'>et</span> <span class='ocrx_word' id='word_1_77' title='bbox 1252 1500 1390 1544; x_wconf 85' lang='lat' dir='ltr'>eam</span> <span class='ocrx_word' id='word_1_78' title='bbox 1436 1489 1797 1560; x_wconf 66' lang='lat' dir='ltr'>eoecurrtmt,</span> <span class='ocrx_word' id='word_1_79' title='bbox 1848 1478 2275 1548; x_wconf 51' lang='lat' dir='ltr'>Pentecoste&amp;</span> <span class='ocrx_word' id='word_1_80' title='bbox 2301 1501 2525 1552; x_wconf 77' lang='lat' dir='ltr'>‘nomen</span> <span class='ocrx_word' id='word_1_81' title='bbox 2553 1480 2680 1542; x_wconf 62' lang='lat' dir='ltr'>sibi</span> <span class='ocrx_word' id='word_1_82' title='bbox 2704 1481 2913 1544; x_wconf 67' lang='lat' dir='ltr'>sumit.</span> <span class='ocrx_word' id='word_1_83' title='bbox 2988 1481 3099 1547; x_wconf 81' lang='lat' dir='ltr'>Est</span> 
     </span>
     <span class='ocr_line' id='line_1_11' title="bbox 859 1576 3098 1664; baseline 0.001 -22"><span class='ocrx_word' id='word_1_84' title='bbox 859 1577 1085 1643; x_wconf 81' lang='lat' dir='ltr'>festum</span> <span class='ocrx_word' id='word_1_85' title='bbox 1134 1578 1411 1643; x_wconf 83' lang='lat' dir='ltr'>nascenti</span> <span class='ocrx_word' id='word_1_86' title='bbox 1459 1576 1778 1643; x_wconf 79' lang='lat' dir='ltr'>Ecclesiae</span> <span class='ocrx_word' id='word_1_87' title='bbox 1838 1597 2130 1642; x_wconf 80' lang='lat' dir='ltr'>coaevum</span> <span class='ocrx_word' id='word_1_88' title='bbox 2196 1597 2269 1642; x_wconf 86' lang='lat' dir='ltr'>ac</span> <span class='ocrx_word' id='word_1_89' title='bbox 2304 1598 2429 1662; x_wconf 62' lang='lat' dir='ltr'>⁸per</span> <span class='ocrx_word' id='word_1_90' title='bbox 2472 1581 2635 1642; x_wconf 87' lang='lat' dir='ltr'>totos</span> <span class='ocrx_word' id='word_1_91' title='bbox 2682 1583 2923 1664; x_wconf 86' lang='lat' dir='ltr'>septem</span> <span class='ocrx_word' id='word_1_92' title='bbox 2969 1580 3098 1644; x_wconf 87' lang='lat' dir='ltr'>dies</span> 
     </span>
     <span class='ocr_line' id='line_1_12' title="bbox 857 1675 3095 1766; baseline 0.001 -27"><span class='ocrx_word' id='word_1_93' title='bbox 857 1699 892 1739; x_wconf 75' lang='lat' dir='ltr'>a</span> <span class='ocrx_word' id='word_1_94' title='bbox 938 1675 1227 1741; x_wconf 85' lang='lat' dir='ltr'>fidelibus</span> <span class='ocrx_word' id='word_1_95' title='bbox 1275 1675 1656 1766; x_wconf 85' lang='lat' dir='ltr'>celebratur,</span> <span class='ocrx_word' id='word_1_96' title='bbox 1720 1676 1946 1759; x_wconf 86' lang='lat' dir='ltr'>quibus</span> <span class='ocrx_word' id='word_1_97' title='bbox 1992 1675 2327 1740; x_wconf 69' lang='lat' dir='ltr'>hebdomas</span> <span class='ocrx_word' id='word_1_98' title='bbox 2368 1676 2815 1761; x_wconf 64' lang='lat' dir='ltr'>pentecostales</span> <span class='ocrx_word' id='word_1_99' title='bbox 2869 1679 3095 1743; x_wconf 84' lang='lat' dir='ltr'>eonsti-</span> 
     </span>
     <span class='ocr_line' id='line_1_13' title="bbox 856 1773 3095 1858; baseline 0.001 -20"><span class='ocrx_word' id='word_1_100' title='bbox 856 1776 1067 1840; x_wconf 84' lang='lat' dir='ltr'>tuitur.</span> <span class='ocrx_word' id='word_1_101' title='bbox 1161 1775 1265 1839; x_wconf 87' lang='lat' dir='ltr'>Ad</span> <span class='ocrx_word' id='word_1_102' title='bbox 1313 1795 1448 1839; x_wconf 83' lang='lat' dir='ltr'>eam</span> <span class='ocrx_word' id='word_1_103' title='bbox 1499 1794 1621 1840; x_wconf 87' lang='lat' dir='ltr'>nou</span> <span class='ocrx_word' id='word_1_104' title='bbox 1670 1774 1937 1858; x_wconf 86' lang='lat' dir='ltr'>amplius</span> <span class='ocrx_word' id='word_1_105' title='bbox 1985 1774 2255 1858; x_wconf 80' lang='lat' dir='ltr'>pertinet</span> <span class='ocrx_word' id='word_1_106' title='bbox 2301 1773 2630 1840; x_wconf 81' lang='lat' dir='ltr'>Dominica</span> <span class='ocrx_word' id='word_1_107' title='bbox 2675 1775 2956 1858; x_wconf 80' lang='lat' dir='ltr'>proxime</span> <span class='ocrx_word' id='word_1_108' title='bbox 3003 1797 3095 1841; x_wconf 87' lang='lat' dir='ltr'>se</span> 
     </span>
    </p>
   </div>
   <div class='ocr_carea' id='block_1_4' title="bbox 856 1872 3098 2058">
    <p class='ocr_par' dir='ltr' id='par_1_4' title="bbox 856 1872 3098 2057">
     <span class='ocr_line' id='line_1_14' title="bbox 856 1872 3098 1958; baseline 0.001 -21"><span class='ocrx_word' id='word_1_109' title='bbox 856 1893 1073 1956; x_wconf 58' lang='lat' dir='ltr'>quens</span> <span class='ocrx_word' id='word_1_110' title='bbox 1137 1893 1259 1958; x_wconf 91' lang='lat' dir='ltr'>quo</span> <span class='ocrx_word' id='word_1_111' title='bbox 1306 1874 1396 1951; x_wconf 85' lang='lat' dir='ltr'>fit,</span> <span class='ocrx_word' id='word_1_112' title='bbox 1460 1877 1529 1937; x_wconf 89' lang='lat' dir='ltr'>ut</span> <span class='ocrx_word' id='word_1_113' title='bbox 1591 1872 1820 1937; x_wconf 89' lang='lat' dir='ltr'>festum</span> <span class='ocrx_word' id='word_1_114' title='bbox 1868 1873 2271 1938; x_wconf 81' lang='lat' dir='ltr'>Pentecostes</span> <span class='ocrx_word' id='word_1_115' title='bbox 2319 1895 2530 1938; x_wconf 82' lang='lat' dir='ltr'>carere</span> <span class='ocrx_word' id='word_1_116' title='bbox 2577 1873 2813 1936; x_wconf 68' lang='lat' dir='ltr'>octavis</span> <span class='ocrx_word' id='word_1_117' title='bbox 2861 1874 3098 1939; x_wconf 88' lang='lat' dir='ltr'>dicatur</span> 
     </span>
     <span class='ocr_line' id='line_1_15' title="bbox 857 1969 2231 2058; baseline -0.001 -23"><span class='ocrx_word' id='word_1_118' title='bbox 857 1969 923 2035; x_wconf 83' lang='lat' dir='ltr'>G.</span> <span class='ocrx_word' id='word_1_119' title='bbox 965 1969 1351 2058; x_wconf 77' lang='lat' dir='ltr'>Capellanus</span> <span class='ocrx_word' id='word_1_120' title='bbox 1398 1971 1458 2035; x_wconf 91' lang='lat'>4.</span> <span class='ocrx_word' id='word_1_121' title='bbox 1511 1971 1587 2035; x_wconf 89' lang='lat' dir='ltr'><strong>X</strong></span> <span class='ocrx_word' id='word_1_122' title='bbox 1621 1970 1698 2034; x_wconf 81' lang='lat' dir='ltr'>de</span> <span class='ocrx_word' id='word_1_123' title='bbox 1729 1970 1932 2057; x_wconf 79' lang='lat' dir='ltr'>feriis</span> <span class='ocrx_word' id='word_1_124' title='bbox 1981 1971 2093 2055; x_wconf 85' lang='grc' dir='ltr'>(ΙΙ,</span> <span class='ocrx_word' id='word_1_125' title='bbox 2142 1973 2231 2054; x_wconf 83' lang='grc'>9).</span> 
     </span>
    </p>
   </div>
   <div class='ocr_carea' id='block_1_5' title="bbox 854 2084 3095 3369">
    <p class='ocr_par' dir='ltr' id='par_1_5' title="bbox 854 2084 3094 3353">
     <span class='ocr_line' id='line_1_16' title="bbox 1033 2084 3089 2172; baseline 0.001 -21"><span class='ocrx_word' id='word_1_126' title='bbox 1033 2084 1570 2168; x_wconf 76' lang='lat' dir='ltr'>Quemadmodum</span> <span class='ocrx_word' id='word_1_127' title='bbox 1638 2087 2069 2152; x_wconf 81' lang='lat' dir='ltr'>Hebraeorum</span> <span class='ocrx_word' id='word_1_128' title='bbox 2146 2088 2516 2159; x_wconf 79' lang='lat' dir='ltr'>Pentecoste</span> <span class='ocrx_word' id='word_1_129' title='bbox 2584 2088 2875 2172; x_wconf 88' lang='lat' dir='ltr'>primario</span> <span class='ocrx_word' id='word_1_130' title='bbox 2939 2088 3089 2155; x_wconf 89' lang='lat' dir='ltr'>cele-</span> 
     </span>
     <span class='ocr_line' id='line_1_17' title="bbox 859 2185 3094 2270; baseline 0.001 -21"><span class='ocrx_word' id='word_1_131' title='bbox 859 2186 1036 2250; x_wconf 86' lang='lat' dir='ltr'>brata</span> <span class='ocrx_word' id='word_1_132' title='bbox 1081 2186 1199 2251; x_wconf 86' lang='lat' dir='ltr'>fuit</span> <span class='ocrx_word' id='word_1_133' title='bbox 1243 2186 1304 2250; x_wconf 85' lang='lat' dir='ltr'>in</span> <span class='ocrx_word' id='word_1_134' title='bbox 1354 2189 1595 2270; x_wconf 80' lang='lat' dir='ltr'>gratam</span> <span class='ocrx_word' id='word_1_135' title='bbox 1647 2185 2136 2252; x_wconf 78' lang='lat' dir='ltr'>recordationem</span> <span class='ocrx_word' id='word_1_136' title='bbox 2186 2186 2416 2251; x_wconf 89' lang='lat' dir='ltr'>summi</span> <span class='ocrx_word' id='word_1_137' title='bbox 2449 2186 2735 2252; x_wconf 89' lang='lat' dir='ltr'>beneficii</span> <span class='ocrx_word' id='word_1_138' title='bbox 2763 2187 2943 2253; x_wconf 79' lang='lat' dir='ltr'>datae</span> <span class='ocrx_word' id='word_1_139' title='bbox 2981 2187 3094 2252; x_wconf 86' lang='lat' dir='ltr'>sibi</span> 
     </span>
     <span class='ocr_line' id='line_1_18' title="bbox 856 2276 3093 2370; baseline 0 -22"><span class='ocrx_word' id='word_1_140' title='bbox 856 2283 1013 2370; x_wconf 89' lang='lat' dir='ltr'>legis</span> <span class='ocrx_word' id='word_1_141' title='bbox 1060 2284 1124 2348; x_wconf 89' lang='lat' dir='ltr'>in</span> <span class='ocrx_word' id='word_1_142' title='bbox 1172 2289 1382 2349; x_wconf 89' lang='lat' dir='ltr'>monte</span> <span class='ocrx_word' id='word_1_143' title='bbox 1430 2281 1596 2362; x_wconf 82' lang='lat' dir='ltr'>Sina,</span> <span class='ocrx_word' id='word_1_144' title='bbox 1645 2285 1733 2348; x_wconf 87' lang='lat' dir='ltr'>ita</span> <span class='ocrx_word' id='word_1_145' title='bbox 1778 2276 2150 2350; x_wconf 72' lang='lat' dir='ltr'>Pentecoste</span> <span class='ocrx_word' id='word_1_146' title='bbox 2206 2276 2545 2349; x_wconf 81' lang='lat' dir='ltr'>christiana</span> <span class='ocrx_word' id='word_1_147' title='bbox 2592 2286 2959 2369; x_wconf 87' lang='lat' dir='ltr'>praesertim</span> <span class='ocrx_word' id='word_1_148' title='bbox 3005 2284 3093 2349; x_wconf 90' lang='lat' dir='ltr'>in-</span> 
     </span>
     <span class='ocr_line' id='line_1_19' title="bbox 856 2382 3093 2469; baseline 0 -23"><span class='ocrx_word' id='word_1_149' title='bbox 856 2383 1072 2448; x_wconf 88' lang='lat' dir='ltr'>stituta</span> <span class='ocrx_word' id='word_1_150' title='bbox 1117 2386 1213 2448; x_wconf 88' lang='lat' dir='ltr'>est</span> <span class='ocrx_word' id='word_1_151' title='bbox 1259 2384 1337 2448; x_wconf 87' lang='lat' dir='ltr'>ad</span> <span class='ocrx_word' id='word_1_152' title='bbox 1385 2383 1689 2468; x_wconf 81' lang='lat' dir='ltr'>agendam</span> <span class='ocrx_word' id='word_1_153' title='bbox 1739 2383 2023 2448; x_wconf 84' lang='lat' dir='ltr'>festivam</span> <span class='ocrx_word' id='word_1_154' title='bbox 2073 2383 2439 2448; x_wconf 88' lang='lat' dir='ltr'>memoriam</span> <span class='ocrx_word' id='word_1_155' title='bbox 2484 2382 2642 2468; x_wconf 86' lang='lat' dir='ltr'>legis</span> <span class='ocrx_word' id='word_1_156' title='bbox 2687 2383 2923 2469; x_wconf 88' lang='lat' dir='ltr'>gratiae</span> <span class='ocrx_word' id='word_1_157' title='bbox 2965 2383 3093 2467; x_wconf 88' lang='lat' dir='ltr'>ipso</span> 
     </span>
     <span class='ocr_line' id='line_1_20' title="bbox 857 2479 3089 2573; baseline 0.001 -29"><span class='ocrx_word' id='word_1_158' title='bbox 857 2479 975 2545; x_wconf 90' lang='lat' dir='ltr'>hoc</span> <span class='ocrx_word' id='word_1_159' title='bbox 1023 2481 1122 2546; x_wconf 91' lang='lat' dir='ltr'>die</span> <span class='ocrx_word' id='word_1_160' title='bbox 1169 2481 1232 2546; x_wconf 90' lang='lat' dir='ltr'>in</span> <span class='ocrx_word' id='word_1_161' title='bbox 1280 2480 1546 2566; x_wconf 82' lang='lat' dir='ltr'>Spiritus</span> <span class='ocrx_word' id='word_1_162' title='bbox 1594 2481 1792 2546; x_wconf 83' lang='lat' dir='ltr'>sancti</span> <span class='ocrx_word' id='word_1_163' title='bbox 1854 2481 2119 2546; x_wconf 87' lang='lat' dir='ltr'>adventu</span> <span class='ocrx_word' id='word_1_164' title='bbox 2167 2481 2526 2546; x_wconf 85' lang='lat' dir='ltr'>solemniter</span> <span class='ocrx_word' id='word_1_165' title='bbox 2571 2480 3001 2573; x_wconf 73' lang='lat' dir='ltr'>promulgatae</span> <span class='ocrx_word' id='word_1_166' title='bbox 3029 2479 3089 2564; x_wconf 85' lang='lat'>¹):</span> 
     </span>
     <span class='ocr_line' id='line_1_21' title="bbox 857 2566 3095 2676; baseline 0 -34"><span class='ocrx_word' id='word_1_167' title='bbox 857 2577 1138 2661; x_wconf 87' lang='lat' dir='ltr'>Utraque</span> <span class='ocrx_word' id='word_1_168' title='bbox 1173 2577 1329 2663; x_wconf 88' lang='lat' dir='ltr'>legis</span> <span class='ocrx_word' id='word_1_169' title='bbox 1377 2579 1788 2664; x_wconf 85' lang='lat' dir='ltr'>promulgatio</span> <span class='ocrx_word' id='word_1_170' title='bbox 1836 2579 2073 2648; x_wconf 85' lang='lat' dir='ltr'>scilicet</span> <span class='ocrx_word' id='word_1_171' title='bbox 2116 2580 2282 2645; x_wconf 86' lang='lat' dir='ltr'>facta</span> <span class='ocrx_word' id='word_1_172' title='bbox 2312 2583 2409 2645; x_wconf 89' lang='lat' dir='ltr'>est</span> <span class='ocrx_word' id='word_1_173' title='bbox 2455 2579 2969 2665; x_wconf 86' lang='lat' dir='ltr'>quinquagesimo</span> <span class='ocrx_word' id='word_1_174' title='bbox 2998 2566 3095 2676; x_wconf 39' lang='lat' dir='ltr'>die·</span> 
     </span>
     <span class='ocr_line' id='line_1_22' title="bbox 856 2674 3090 2763; baseline 0.001 -22"><span class='ocrx_word' id='word_1_175' title='bbox 856 2699 893 2741; x_wconf 86' lang='lat' dir='ltr'>a</span> <span class='ocrx_word' id='word_1_176' title='bbox 941 2674 1268 2757; x_wconf 85' lang='lat' dir='ltr'>Paschate‚</span> <span class='ocrx_word' id='word_1_177' title='bbox 1318 2674 1422 2743; x_wconf 87' lang='lat' dir='ltr'>illa</span> <span class='ocrx_word' id='word_1_178' title='bbox 1465 2678 1526 2743; x_wconf 88' lang='lat' dir='ltr'>in</span> <span class='ocrx_word' id='word_1_179' title='bbox 1577 2677 1744 2763; x_wconf 82' lang='lat' dir='ltr'>Sina,</span> <span class='ocrx_word' id='word_1_180' title='bbox 1794 2675 1950 2745; x_wconf 85' lang='lat' dir='ltr'>haec</span> <span class='ocrx_word' id='word_1_181' title='bbox 1995 2678 2060 2744; x_wconf 93' lang='lat' dir='ltr'>in</span> <span class='ocrx_word' id='word_1_182' title='bbox 2107 2678 2274 2745; x_wconf 85' lang='lat' dir='ltr'>Sion.</span> <span class='ocrx_word' id='word_1_183' title='bbox 2352 2677 2446 2749; x_wconf 87' lang='lat' dir='ltr'>Ibi</span> <span class='ocrx_word' id='word_1_184' title='bbox 2496 2683 2723 2745; x_wconf 86' lang='lat' dir='ltr'>terrae</span> <span class='ocrx_word' id='word_1_185' title='bbox 2748 2685 2919 2745; x_wconf 88' lang='lat' dir='ltr'>motu</span> <span class='ocrx_word' id='word_1_186' title='bbox 2949 2698 3090 2747; x_wconf 89' lang='lat' dir='ltr'>con-</span> 
     </span>
     <span class='ocr_line' id='line_1_23' title="bbox 857 2776 3089 2862; baseline 0.001 -24"><span class='ocrx_word' id='word_1_187' title='bbox 857 2776 1109 2841; x_wconf 85' lang='lat' dir='ltr'>tremuit</span> <span class='ocrx_word' id='word_1_188' title='bbox 1165 2797 1377 2855; x_wconf 82' lang='lat' dir='ltr'>monS,</span> <span class='ocrx_word' id='word_1_189' title='bbox 1446 2777 1568 2843; x_wconf 91' lang='lat' dir='ltr'>hic</span> <span class='ocrx_word' id='word_1_190' title='bbox 1611 2776 1835 2842; x_wconf 88' lang='lat' dir='ltr'>domus</span> <span class='ocrx_word' id='word_1_191' title='bbox 1894 2776 2355 2862; x_wconf 85' lang='lat' dir='ltr'>Apostolorum.</span> <span class='ocrx_word' id='word_1_192' title='bbox 2453 2777 2547 2842; x_wconf 89' lang='lat' dir='ltr'>lbi</span> <span class='ocrx_word' id='word_1_193' title='bbox 2599 2779 2773 2842; x_wconf 87' lang='lat' dir='ltr'>iuter</span> <span class='ocrx_word' id='word_1_194' title='bbox 2813 2777 3089 2841; x_wconf 86' lang='lat' dir='ltr'>flammas</span> 
     </span>
     <span class='ocr_line' id='line_1_24' title="bbox 856 2870 3087 2961; baseline 0 -24"><span class='ocrx_word' id='word_1_195' title='bbox 856 2873 1090 2958; x_wconf 88' lang='lat' dir='ltr'>ignium</span> <span class='ocrx_word' id='word_1_196' title='bbox 1154 2879 1216 2939; x_wconf 87' lang='lat' dir='ltr'>et</span> <span class='ocrx_word' id='word_1_197' title='bbox 1262 2873 1555 2940; x_wconf 81' lang='lat' dir='ltr'>micantia</span> <span class='ocrx_word' id='word_1_198' title='bbox 1613 2875 1863 2961; x_wconf 88' lang='lat' dir='ltr'>fulgura</span> <span class='ocrx_word' id='word_1_199' title='bbox 1906 2872 2105 2940; x_wconf 88' lang='lat' dir='ltr'>turbo</span> <span class='ocrx_word' id='word_1_200' title='bbox 2169 2880 2495 2946; x_wconf 83' lang='lat' dir='ltr'>ventorum</span> <span class='ocrx_word' id='word_1_201' title='bbox 2560 2879 2624 2940; x_wconf 89' lang='lat' dir='ltr'>et</span> <span class='ocrx_word' id='word_1_202' title='bbox 2670 2876 2882 2961; x_wconf 82' lang='lat' dir='ltr'>fragor</span> <span class='ocrx_word' id='word_1_203' title='bbox 2936 2870 3087 2940; x_wconf 80' lang='lat' dir='ltr'>toni-</span> 
     </span>
     <span class='ocr_line' id='line_1_25' title="bbox 855 2960 3087 3063; baseline 0 -27"><span class='ocrx_word' id='word_1_204' title='bbox 855 2977 1131 3037; x_wconf 85' lang='lat' dir='ltr'>truorum</span> <span class='ocrx_word' id='word_1_205' title='bbox 1184 2975 1532 3056; x_wconf 87' lang='lat' dir='ltr'>personuit,</span> <span class='ocrx_word' id='word_1_206' title='bbox 1595 2974 1698 3039; x_wconf 91' lang='lat' dir='ltr'>hic</span> <span class='ocrx_word' id='word_1_207' title='bbox 1746 2994 1886 3040; x_wconf 89' lang='lat' dir='ltr'>cum</span> <span class='ocrx_word' id='word_1_208' title='bbox 1936 2974 2257 3059; x_wconf 89' lang='lat' dir='ltr'>ignearum</span> <span class='ocrx_word' id='word_1_209' title='bbox 2307 2962 2541 3039; x_wconf 77' lang='lat' dir='ltr'>visione</span> <span class='ocrx_word' id='word_1_210' title='bbox 2578 2960 2941 3063; x_wconf 82' lang='lat' dir='ltr'>linguarum</span> <span class='ocrx_word' id='word_1_211' title='bbox 2998 2994 3087 3038; x_wconf 83' lang='lat' dir='ltr'>so-</span> 
     </span>
     <span class='ocr_line' id='line_1_26' title="bbox 856 3068 3087 3156; baseline 0 -23"><span class='ocrx_word' id='word_1_212' title='bbox 856 3070 1019 3136; x_wconf 90' lang='lat' dir='ltr'>nitus</span> <span class='ocrx_word' id='word_1_213' title='bbox 1066 3072 1296 3156; x_wconf 87' lang='lat' dir='ltr'>pariter</span> <span class='ocrx_word' id='word_1_214' title='bbox 1342 3073 1419 3137; x_wconf 90' lang='lat' dir='ltr'>de</span> <span class='ocrx_word' id='word_1_215' title='bbox 1469 3072 1638 3137; x_wconf 88' lang='lat' dir='ltr'>coelo</span> <span class='ocrx_word' id='word_1_216' title='bbox 1687 3076 1981 3156; x_wconf 89' lang='lat' dir='ltr'>tanquam</span> <span class='ocrx_word' id='word_1_217' title='bbox 2013 3072 2269 3156; x_wconf 84' lang='lat' dir='ltr'>spiritus</span> <span class='ocrx_word' id='word_1_218' title='bbox 2295 3068 2639 3142; x_wconf 83' lang='lat' dir='ltr'>vehemens</span> <span class='ocrx_word' id='word_1_219' title='bbox 2665 3072 2932 3139; x_wconf 86' lang='lat' dir='ltr'>advenit.</span> <span class='ocrx_word' id='word_1_220' title='bbox 3002 3070 3087 3137; x_wconf 87' lang='lat' dir='ltr'>lbi</span> 
     </span>
     <span class='ocr_line' id='line_1_27' title="bbox 855 3166 3091 3261; baseline 0 -29"><span class='ocrx_word' id='word_1_221' title='bbox 855 3167 1110 3254; x_wconf 86' lang='lat' dir='ltr'>clangor</span> <span class='ocrx_word' id='word_1_222' title='bbox 1156 3166 1456 3236; x_wconf 86' lang='lat' dir='ltr'>buccinae</span> <span class='ocrx_word' id='word_1_223' title='bbox 1502 3170 1659 3261; x_wconf 85' lang='lat' dir='ltr'>legis</span> <span class='ocrx_word' id='word_1_224' title='bbox 1705 3171 1894 3236; x_wconf 84' lang='lat' dir='ltr'>verba</span> <span class='ocrx_word' id='word_1_225' title='bbox 1942 3169 2364 3255; x_wconf 87' lang='lat' dir='ltr'>perstrepuit</span> <span class='ocrx_word' id='word_1_226' title='bbox 2395 3170 2498 3241; x_wconf 83' lang='lat' dir='ltr'>hic</span> <span class='ocrx_word' id='word_1_227' title='bbox 2544 3170 2695 3235; x_wconf 86' lang='lat' dir='ltr'>tuba</span> <span class='ocrx_word' id='word_1_228' title='bbox 2741 3171 3091 3257; x_wconf 81' lang='lat' dir='ltr'>evangelica</span> 
     </span>
     <span class='ocr_line' id='line_1_28' title="bbox 854 3266 2733 3369; baseline 0.002 -38"><span class='ocrx_word' id='word_1_229' title='bbox 854 3266 1298 3369; x_wconf 84' lang='lat' dir='ltr'>Apostolorum</span> <span class='ocrx_word' id='word_1_230' title='bbox 1346 3289 1453 3351; x_wconf 84' lang='lat' dir='ltr'>ore</span> <span class='ocrx_word' id='word_1_231' title='bbox 1500 3269 1767 3334; x_wconf 85' lang='lat' dir='ltr'>intonuit</span> <span class='ocrx_word' id='word_1_232' title='bbox 1790 3270 1865 3353; x_wconf 77' lang='lat'>²).</span> <span class='ocrx_word' id='word_1_233' title='bbox 2728 3302 2733 3308; x_wconf 96' lang='lat'>·</span> 
     </span>
    </p>
   </div>
   <div class='ocr_carea' id='block_1_6' title="bbox 855 3360 3104 3666">
    <p class='ocr_par' dir='ltr' id='par_1_6' title="bbox 855 3360 3104 3666">
     <span class='ocr_line' id='line_1_29' title="bbox 1033 3360 3099 3472; baseline -0.001 -22"><span class='ocrx_word' id='word_1_234' title='bbox 1033 3364 1213 3450; x_wconf 85' lang='lat' dir='ltr'>Nova</span> <span class='ocrx_word' id='word_1_235' title='bbox 1256 3385 1396 3472; x_wconf 84' lang='lat' dir='ltr'>lege</span> <span class='ocrx_word' id='word_1_236' title='bbox 1444 3387 1534 3451; x_wconf 90' lang='lat' dir='ltr'>sic</span> <span class='ocrx_word' id='word_1_237' title='bbox 1580 3386 1990 3472; x_wconf 85' lang='lat' dir='ltr'>promulgata,</span> <span class='ocrx_word' id='word_1_238' title='bbox 2039 3386 2173 3470; x_wconf 87' lang='lat' dir='ltr'>ipso</span> <span class='ocrx_word' id='word_1_239' title='bbox 2221 3360 2341 3450; x_wconf 87' lang='lat' dir='ltr'>hoc</span> <span class='ocrx_word' id='word_1_240' title='bbox 2369 3386 2468 3451; x_wconf 88' lang='lat' dir='ltr'>die</span> <span class='ocrx_word' id='word_1_241' title='bbox 2516 3385 2721 3468; x_wconf 90' lang='lat' dir='ltr'>coepit</span> <span class='ocrx_word' id='word_1_242' title='bbox 2766 3389 2829 3450; x_wconf 86' lang='lat' dir='ltr'>et</span> <span class='ocrx_word' id='word_1_243' title='bbox 2868 3386 3099 3471; x_wconf 87' lang='lat' dir='ltr'>baptis-</span> 
     </span>
     <span class='ocr_line' id='line_1_30' title="bbox 855 3482 3104 3568; baseline -0.001 -22"><span class='ocrx_word' id='word_1_244' title='bbox 855 3502 996 3547; x_wconf 89' lang='lat' dir='ltr'>mus</span> <span class='ocrx_word' id='word_1_245' title='bbox 1051 3503 1189 3552; x_wconf 87' lang='lat' dir='ltr'>esse</span> <span class='ocrx_word' id='word_1_246' title='bbox 1248 3485 1656 3563; x_wconf 83' lang='lat' dir='ltr'>necessariuS‚</span> <span class='ocrx_word' id='word_1_247' title='bbox 1729 3490 1792 3549; x_wconf 92' lang='lat' dir='ltr'>et</span> <span class='ocrx_word' id='word_1_248' title='bbox 1851 3483 2190 3549; x_wconf 86' lang='lat' dir='ltr'>christiana</span> <span class='ocrx_word' id='word_1_249' title='bbox 2248 3482 2466 3568; x_wconf 87' lang='lat' dir='ltr'>religio</span> <span class='ocrx_word' id='word_1_250' title='bbox 2530 3503 2747 3549; x_wconf 86' lang='lat' dir='ltr'>omnes</span> <span class='ocrx_word' id='word_1_251' title='bbox 2810 3484 3104 3551; x_wconf 81' lang='lat' dir='ltr'>homines</span> 
     </span>
     <span class='ocr_line' id='line_1_31' title="bbox 855 3580 2574 3666; baseline 0 -21"><span class='ocrx_word' id='word_1_252' title='bbox 855 3580 1149 3666; x_wconf 86' lang='lat' dir='ltr'>obligare,</span> <span class='ocrx_word' id='word_1_253' title='bbox 1199 3582 1392 3648; x_wconf 84' lang='lat' dir='ltr'>veteri</span> <span class='ocrx_word' id='word_1_254' title='bbox 1439 3583 1689 3648; x_wconf 88' lang='lat' dir='ltr'>foedere</span> <span class='ocrx_word' id='word_1_255' title='bbox 1737 3602 1877 3648; x_wconf 80' lang='lat' dir='ltr'>cum</span> <span class='ocrx_word' id='word_1_256' title='bbox 1930 3581 2105 3647; x_wconf 87' lang='lat' dir='ltr'>festis</span> <span class='ocrx_word' id='word_1_257' title='bbox 2152 3581 2281 3646; x_wconf 88' lang='lat' dir='ltr'>suis</span> <span class='ocrx_word' id='word_1_258' title='bbox 2327 3580 2574 3646; x_wconf 85' lang='lat' dir='ltr'>abolito.</span> 
     </span>
    </p>
   </div>
   <div class='ocr_carea' id='block_1_7' title="bbox 853 3696 3119 4079">
    <p class='ocr_par' dir='ltr' id='par_1_7' title="bbox 853 3696 3119 4079">
     <span class='ocr_line' id='line_1_32' title="bbox 1033 3696 3113 3785; baseline -0.002 -22"><span class='ocrx_word' id='word_1_259' title='bbox 1033 3699 1156 3765; x_wconf 87' lang='lat' dir='ltr'>Sed</span> <span class='ocrx_word' id='word_1_260' title='bbox 1205 3704 1267 3765; x_wconf 90' lang='lat' dir='ltr'>et</span> <span class='ocrx_word' id='word_1_261' title='bbox 1312 3699 1598 3785; x_wconf 88' lang='lat' dir='ltr'>specialis</span> <span class='ocrx_word' id='word_1_262' title='bbox 1647 3719 1836 3763; x_wconf 86' lang='lat' dir='ltr'>causa</span> <span class='ocrx_word' id='word_1_263' title='bbox 1896 3699 2309 3763; x_wconf 84' lang='lat' dir='ltr'>instituendae</span> <span class='ocrx_word' id='word_1_264' title='bbox 2358 3696 2764 3763; x_wconf 88' lang='lat' dir='ltr'>Pentecostes</span> <span class='ocrx_word' id='word_1_265' title='bbox 2814 3699 2965 3775; x_wconf 82' lang='lat' dir='ltr'>suit,</span> <span class='ocrx_word' id='word_1_266' title='bbox 3038 3700 3113 3763; x_wconf 88' lang='lat' dir='ltr'>ut</span> 
     </span>
     <span class='ocr_line' id='line_1_33' title="bbox 853 3796 3115 3883; baseline -0.003 -21"><span class='ocrx_word' id='word_1_267' title='bbox 853 3797 1089 3883; x_wconf 86' lang='lat' dir='ltr'>gratiae</span> <span class='ocrx_word' id='word_1_268' title='bbox 1123 3797 1254 3863; x_wconf 91' lang='lat' dir='ltr'>Deo</span> <span class='ocrx_word' id='word_1_269' title='bbox 1303 3802 1635 3882; x_wconf 86' lang='lat' dir='ltr'>agerentur</span> <span class='ocrx_word' id='word_1_270' title='bbox 1681 3817 1793 3881; x_wconf 90' lang='lat' dir='ltr'>pro</span> <span class='ocrx_word' id='word_1_271' title='bbox 1840 3798 2105 3861; x_wconf 84' lang='lat' dir='ltr'>adventu</span> <span class='ocrx_word' id='word_1_272' title='bbox 2136 3796 2403 3881; x_wconf 89' lang='lat' dir='ltr'>Spiritus</span> <span class='ocrx_word' id='word_1_273' title='bbox 2432 3797 2629 3862; x_wconf 83' lang='lat' dir='ltr'>sancti</span> <span class='ocrx_word' id='word_1_274' title='bbox 2677 3797 3115 3869; x_wconf 78' lang='lat' dir='ltr'>inmundum,</span> 
     </span>
     <span class='ocr_line' id='line_1_34' title="bbox 854 3894 3119 3980; baseline -0.004 -19"><span class='ocrx_word' id='word_1_275' title='bbox 854 3897 916 3961; x_wconf 89' lang='lat' dir='ltr'>in</span> <span class='ocrx_word' id='word_1_276' title='bbox 965 3898 1154 3962; x_wconf 86' lang='lat' dir='ltr'>corda</span> <span class='ocrx_word' id='word_1_277' title='bbox 1199 3897 1485 3963; x_wconf 77' lang='lat' dir='ltr'>videlicet</span> <span class='ocrx_word' id='word_1_278' title='bbox 1531 3895 1971 3980; x_wconf 84' lang='lat' dir='ltr'>Apostolorum</span> <span class='ocrx_word' id='word_1_279' title='bbox 2031 3898 2090 3965; x_wconf 84' lang='lat' dir='ltr'>et</span> <span class='ocrx_word' id='word_1_280' title='bbox 2138 3894 2522 3963; x_wconf 85' lang='lat' dir='ltr'>caeterorum</span> <span class='ocrx_word' id='word_1_281' title='bbox 2573 3895 2873 3971; x_wconf 86' lang='lat' dir='ltr'>fidelium,</span> <span class='ocrx_word' id='word_1_282' title='bbox 2936 3894 3119 3961; x_wconf 83' lang='lat' dir='ltr'>sieut</span> 
     </span>
     <span class='ocr_line' id='line_1_35' title="bbox 858 3987 3116 4079; baseline -0.004 -19"><span class='ocrx_word' id='word_1_283' title='bbox 858 3995 1005 4079; x_wconf 84' lang='lat' dir='ltr'>ipsis</span> <span class='ocrx_word' id='word_1_284' title='bbox 1053 3987 1338 4061; x_wconf 75' lang='lat' dir='ltr'>Christus</span> <span class='ocrx_word' id='word_1_285' title='bbox 1391 3996 1691 4063; x_wconf 89' lang='lat' dir='ltr'>Dominus</span> <span class='ocrx_word' id='word_1_286' title='bbox 1739 3994 2111 4078; x_wconf 86' lang='lat' dir='ltr'>promiserat</span> <span class='ocrx_word' id='word_1_287' title='bbox 2157 3998 2218 4058; x_wconf 88' lang='lat' dir='ltr'>et</span> <span class='ocrx_word' id='word_1_288' title='bbox 2265 4013 2312 4059; x_wconf 81' lang='lat' dir='ltr'>s,</span> <span class='ocrx_word' id='word_1_289' title='bbox 2364 3994 2565 4061; x_wconf 86' lang='lat' dir='ltr'>Lucas</span> <span class='ocrx_word' id='word_1_290' title='bbox 2612 3998 2822 4057; x_wconf 83' lang='lat' dir='ltr'>narrat</span> <span class='ocrx_word' id='word_1_291' title='bbox 2848 3994 2992 4061; x_wconf 84' lang='lat' dir='ltr'>Act.</span> <span class='ocrx_word' id='word_1_292' title='bbox 3024 3995 3116 4057; x_wconf 78' lang='lat'>2:</span> 
     </span>
    </p>
   </div>
   <div class='ocr_carea' id='block_1_8' title="bbox 857 4178 1246 4185">
    <p class='ocr_par' dir='ltr' id='par_1_8' title="bbox 857 4178 1246 4185">
     <span class='ocr_line' id='line_1_36' title="bbox 857 4178 1246 4185; baseline 0 -3"><span class='ocrx_word' id='word_1_293' title='bbox 857 4178 876 4182; x_wconf 86' lang='lat'>.-</span> <span class='ocrx_word' id='word_1_294' title='bbox 919 4178 968 4183; x_wconf 74' lang='lat'>.-.</span> <span class='ocrx_word' id='word_1_295' title='bbox 1015 4179 1054 4183; x_wconf 60' lang='grc'>.-</span> <span class='ocrx_word' id='word_1_296' title='bbox 1115 4178 1164 4185; x_wconf 61' lang='grc'><strong>.-.,.</strong></span> <span class='ocrx_word' id='word_1_297' title='bbox 1205 4179 1246 4183; x_wconf 58' lang='grc'>,-</span> 
     </span>
    </p>
   </div>
   <div class='ocr_carea' id='block_1_9' title="bbox 856 4249 3100 4521">
    <p class='ocr_par' dir='ltr' id='par_1_9' title="bbox 856 4249 3100 4521">
     <span class='ocr_line' id='line_1_37' title="bbox 1038 4249 3018 4349; baseline -0.002 -14"><span class='ocrx_word' id='word_1_298' title='bbox 1038 4280 1079 4349; x_wconf 88' lang='lat'>²)</span> <span class='ocrx_word' id='word_1_299' title='bbox 1119 4281 1225 4335; x_wconf 81' lang='lat' dir='ltr'>Cfr.</span> <span class='ocrx_word' id='word_1_300' title='bbox 1264 4280 1497 4335; x_wconf 86' lang='lat' dir='ltr'>Tetam.</span> <span class='ocrx_word' id='word_1_301' title='bbox 1537 4281 1724 4345; x_wconf 61' lang='lat' dir='ltr'>Dian,</span> <span class='ocrx_word' id='word_1_302' title='bbox 1762 4279 1882 4334; x_wconf 85' lang='lat' dir='ltr'>Not.</span> <span class='ocrx_word' id='word_1_303' title='bbox 1922 4280 1973 4333; x_wconf 91' lang='lat' dir='ltr'>in</span> <span class='ocrx_word' id='word_1_304' title='bbox 2010 4249 2211 4333; x_wconf 80' lang='lat' dir='ltr'>Domin.</span> <span class='ocrx_word' id='word_1_305' title='bbox 2250 4254 2562 4345; x_wconf 78' lang='lat' dir='ltr'>Pentecost.,</span> <span class='ocrx_word' id='word_1_306' title='bbox 2599 4294 2682 4347; x_wconf 88' lang='lat' dir='ltr'>pp.</span> <span class='ocrx_word' id='word_1_307' title='bbox 2719 4279 3018 4333; x_wconf 75' lang='lat'>275—276.</span> 
     </span>
     <span class='ocr_line' id='line_1_38' title="bbox 1035 4355 3100 4431; baseline -0.004 -16"><span class='ocrx_word' id='word_1_308' title='bbox 1035 4360 1078 4430; x_wconf 82' lang='lat'>²)</span> <span class='ocrx_word' id='word_1_309' title='bbox 1114 4361 1220 4416; x_wconf 83' lang='lat' dir='ltr'>Cfr.</span> <span class='ocrx_word' id='word_1_310' title='bbox 1259 4378 1299 4414; x_wconf 86' lang='lat' dir='ltr'>s.</span> <span class='ocrx_word' id='word_1_311' title='bbox 1329 4361 1683 4431; x_wconf 79' lang='lat' dir='ltr'>Hieronym.</span> <span class='ocrx_word' id='word_1_312' title='bbox 1722 4360 1876 4430; x_wconf 78' lang='lat' dir='ltr'>epist.</span> <span class='ocrx_word' id='word_1_313' title='bbox 1905 4361 2012 4423; x_wconf 82' lang='lat'>(78.</span> <span class='ocrx_word' id='word_1_314' title='bbox 2034 4361 2164 4414; x_wconf 86' lang='lat' dir='ltr'>alias</span> <span class='ocrx_word' id='word_1_315' title='bbox 2186 4361 2310 4427; x_wconf 77' lang='lat'>127)</span> <span class='ocrx_word' id='word_1_316' title='bbox 2351 4358 2426 4413; x_wconf 87' lang='lat' dir='ltr'>ad</span> <span class='ocrx_word' id='word_1_317' title='bbox 2450 4358 2752 4417; x_wconf 79' lang='lat' dir='ltr'>Fabiolam,</span> <span class='ocrx_word' id='word_1_318' title='bbox 2789 4357 2983 4413; x_wconf 86' lang='lat' dir='ltr'>mansio</span> <span class='ocrx_word' id='word_1_319' title='bbox 3006 4355 3100 4410; x_wconf 69' lang='lat'>12.</span> 
     </span>
     <span class='ocr_line' id='line_1_39' title="bbox 856 4441 2263 4521; baseline -0.001 -27"><span class='ocrx_word' id='word_1_320' title='bbox 856 4442 1026 4521; x_wconf 83' lang='lat' dir='ltr'>(Apud</span> <span class='ocrx_word' id='word_1_321' title='bbox 1063 4441 1252 4511; x_wconf 85' lang='lat' dir='ltr'>Migne‚</span> <span class='ocrx_word' id='word_1_322' title='bbox 1287 4441 1431 4495; x_wconf 83' lang='lat' dir='ltr'>Patr.</span> <span class='ocrx_word' id='word_1_323' title='bbox 1471 4442 1505 4495; x_wconf 93' lang='grc'>1.</span> <span class='ocrx_word' id='word_1_324' title='bbox 1543 4446 1583 4496; x_wconf 80' lang='lat' dir='ltr'>t.</span> <span class='ocrx_word' id='word_1_325' title='bbox 1620 4441 1707 4506; x_wconf 78' lang='lat'>22,</span> <span class='ocrx_word' id='word_1_326' title='bbox 1745 4456 1829 4513; x_wconf 87' lang='lat' dir='ltr'>pp.</span> <span class='ocrx_word' id='word_1_327' title='bbox 1869 4441 2193 4514; x_wconf 70' lang='lat'>707-708).</span> <span class='ocrx_word' id='word_1_328' title='bbox 2238 4481 2263 4501; x_wconf 67' lang='grc'>,.</span> 
     </span>
    </p>
   </div>
   <div class='ocr_carea' id='block_1_10' title="bbox 3420 2 3438 5349">
    <p class='ocr_par' dir='ltr' id='par_1_10' title="bbox 3420 2 3438 5349">
     <span class='ocr_line' id='line_1_40' title="bbox 3420 2 3438 5349; baseline 0 0"><span class='ocrx_word' id='word_1_329' title='bbox 3420 2 3438 5349; x_wconf 95' lang='lat' dir='ltr'> </span> 
     </span>
    </p>
   </div>
  </div>
 </body>
</html>
