3514 5391
896 544 1112 614 Propria
1149 524 1486 599 Armenorum
1523 545 1574 598 in
1611 544 2112 614 Austro-Hungaria.

1180 743 1447 812 Proprium
1485 742 1835 806 Leopoliense.

386 1043 509 1118 De
543 1044 1080 1118 Kalendariis
1115 1045 1475 1138 propriis
1523 1044 1738 1118 ritus
1774 1044 2096 1118 armeni
2146 1045 2233 1117 in
2265 1045 2436 1118 Aus

1280 1151 1745 1245 Hungaria.

559 1317 636 1381 In
690 1317 1277 1401 Austro-Hungaria
1307 1317 1562 1381 Armeni
1610 1318 1955 1400 generatim
2003 1318 2169 1381 idem
2217 1316 2363 1381 illud
2396 1316 2436 1379 E

382 1417 627 1480 (larium
680 1415 1001 1491 adhibent,
1053 1436 1174 1499 quo
1208 1416 1350 1480 alibi
1383 1416 1672 1480 universa
1703 1416 1871 1480 natio
1902 1415 2115 1491 utitur,
2167 1415 2391 1480 additis
2421 1420 2436 1480 ί

382 1509 701 1579 nonnullis
750 1515 926 1579 festis
975 1535 1045 1578 ac
1095 1515 1500 1579 caeremoniis
1547 1514 1774 1590 latinis
1826 1533 1898 1578 ea
1944 1513 2143 1578 ferme
2188 1514 2436 1589 ratione,

384 1614 776 1679 Graecorum
823 1613 1126 1680 solemnia
1171 1614 1231 1678 in
1284 1613 1557 1678 occiduis
1604 1612 1820 1678 Italiae
1887 1612 2168 1696 partibus
2230 1613 2369 1677 ritui
2420 1635 2436 1677 1

382 1712 696 1796 tantisper
744 1715 1214 1778 accommodata
1262 1713 1528 1777 vidimus
1575 1733 1677 1796 pp.
1727 1711 1856 1775 547
1909 1731 2082 1795 seqq.

984 1900 1031 1956 1.
1083 1898 1476 1970 Proprium
1524 1898 2040 1970 Leopoliense.

564 2035 1018 2100 Kalendarium
1055 2035 1702 2099 archidioecesis
1732 2033 2310 2117 Leopoliensis
2341 2055 2436 2100 sex

384 2137 641 2220 propria
689 2134 1097 2218 distinguunt,
1166 2154 1199 2199 e
1247 2134 1473 2217 quibus
1535 2134 1655 2197 duo
1718 2133 2081 2216 conceptiva
2128 2140 2304 2209 sunt,
2372 2153 2436 2216 qt

385 2256 552 2315 vero,
607 2234 796 2299 certis
844 2233 985 2296 anni
1036 2232 1254 2297 diebus
1303 2232 1506 2312 affixa,
1559 2251 1730 2296 more
1778 2231 1967 2295 latino
2016 2237 2299 2315 aguntur.

570 2359 832 2423 Mobilia
880 2361 1053 2421 sunt:

505 2470 562 2533 1.
620 2464 1004 2529 Solemnitas
1038 2463 1338 2550 Corporis
1372 2462 1606 2528 Christi
1652 2483 1791 2528 cum
1823 2464 2069 2537 Octava,
2122 2484 2155 2526 a
2207 2463 2436 2527 Domin¹

620 2565 697 2629 ad
747 2564 1137 2629 Dominicam
1188 2563 1297 2628 III.
1346 2569 1488 2647 post
1534 2563 1966 2628 Pentecosten.

501 2675 564 2741 2.
627 2671 1141 2738 Commemoratio
1203 2670 1457 2735 concilii
1524 2667 2077 2745 Chalcedonensis,
2145 2688 2329 2751 quam
2395 2688 2436 2732 S]

620 2772 991 2836 venerabilis
1039 2770 1324 2836 catholici
1374 2771 1767 2854 episcopatus
1829 2768 1923 2832 sui
1979 2766 2278 2850 temporis
2327 2766 2436 2831 De«

624 2870 837 2936 RmuS.
867 2869 1391 2953 Archiepiscopus
1419 2888 1705 2932 armenus
1737 2866 1909 2930 Sam
1932 2887 1967 2929 u
1990 2864 2053 2929 el
2086 2863 2436 2947 Gyrillus

625 2969 1053 3044 sanowicz‚
1124 2988 1281 3032 anno
1331 2968 1549 3031 aetatis
1597 2985 1744 3030 suae
1799 2964 1942 3040 106,
1995 2962 2224 3027 Christi
2273 2982 2416 3026 vero

624 3067 1023 3152 praescripsit
1051 3065 1132 3150 ¹),
1197 3085 1268 3130 ac
1330 3065 1600 3129 Sabbato
1650 3069 1865 3128 octavo
1915 3061 2206 3126 sectionis
2268 3061 2396 3126 sive

626 3164 1037 3251 quagenariae
1086 3163 1471 3228 exaltationis
1519 3185 1567 3227 s.
1619 3161 1836 3227 Crucis
1885 3160 2240 3245 assignavit.

581 3294 855 3371 Quatuor
901 3290 1062 3353 festa
1110 3288 1361 3353 mobilia
1408 3292 1613 3352 autem
1665 3287 1839 3368 juxta
1889 3283 2337 3347 Kalendarium
2390 3282 2436 3345 L

401 3411 540 3455 rum
593 3384 1014 3454 celebrantur:

513 3499 576 3562 3.
628 3497 770 3561 Die
821 3497 923 3559 19.
975 3494 1274 3570 Martii,
1328 3517 1374 3556 s.
1402 3492 1685 3576 Josephi,
1736 3490 2183 3572 praescriptum
2236 3509 2394 3552 anno

628 3616 748 3679 quo
796 3593 1258 3658 sanctissimum
1292 3591 1590 3673 Deiparae
1639 3609 1934 3672 sponsum
1963 3587 2278 3651 Ecclesiae
2313 3591 2436 3670 pati

630 3692 985 3757 solemniter
1030 3689 1409 3754 declaratum
1459 3688 1722 3751 vidimus
1771 3707 1874 3769 pp.
1924 3685 2296 3749 545--546.

518 3801 580 3864 4.
632 3800 769 3863 Die
816 3797 877 3864 5.
929 3797 969 3861 J
984 3797 1159 3872 ulii,
1212 3819 1289 3860 ss.
1349 3791 1580 3881 Cyrilli
1626 3804 1683 3855 ct
1732 3792 2067 3870 methodii,
2120 3795 2257 3875 post
2302 3792 2428 3855 edit

630 3897 703 3961 iis
770 3895 1283 3961 Constitutionem
1351 3890 1808 3975 Apostolicaim
1893 3890 2266 3954 Kalendario
2343 3890 2436 3953 ins

633 4014 790 4059 anno
843 3993 1034 4060 1880.

594 4174 637 4243 ¹)
674 4173 1114 4243 Spectatissimum
1151 4172 1284 4224 hunc
1321 4169 1611 4232 Nestorem,
1651 4166 1905 4221 illustrem
1943 4165 2195 4235 quondam
2223 4165 2436 4218 Societw

417 4256 689 4326 alumnum,
735 4256 820 4326 qui
859 4271 950 4323 per
986 4254 1341 4323 longissimum
1380 4251 1518 4304 vitae
1560 4250 1783 4318 spatium
1834 4246 2104 4300 ecelesiam
2143 4261 2404 4299 armenam

419 4336 534 4390 licia
570 4336 813 4390 virtutum
852 4335 1119 4405 splendore
1158 4332 1437 4397 decoravit,
1490 4330 1720 4383 breviter
1756 4328 2020 4382 laudatum
2059 4327 2287 4395 reperies
2325 4327 2376 4378 in
2414 4324 2436 4374 l

420 4416 607 4479 bach,
645 4415 943 4485 Bioqraplae.
986 4416 1122 4469 Lex.
1164 4420 1202 4468 t.
1242 4414 1328 4471 37.
1366 4428 1448 4483 pp.
1477 4410 1777 4470 :soe—308,
1811 4409 1937 4478 jct0.
1966 4406 2295 4472 Giornale
2334 4404 2436 4458 dil

427 4496 577 4560 1858,
613 4514 662 4550 n.
699 4497 820 4552 287.
