3514 5391
976 564 1320 619 Prooemium.
1368 564 1447 619 De
1485 565 1740 619 Paschate
1779 564 1880 618 rite
1918 564 2134 634 agendo.

426 786 504 828 ‘ne
551 787 737 850 quum
785 765 945 828 hanc
988 764 1281 841 vitamus,
1327 764 1728 827 incurramus
1775 784 2066 841 errorem,
2115 764 2276 828 sicut
2303 762 2506 828 evenit
2538 773 2561 794 ⁴

425 885 580 950 pore
630 913 645 927 .
698 913 712 927 .
767 917 779 930 .
848 862 1099 952 Zosimi.
1220 862 1390 924 Tunc
1452 861 1615 924 enim
1666 912 1678 924 .
1730 910 1744 925 .
1799 909 1812 924 .
1883 883 2061 925 error
2110 863 2528 946 ·9ravissimus

430 973 603 1026 ortus
649 963 721 1025 in
770 970 1031 1041 tantum,
1078 969 1150 1023 ut
1195 962 1485 1045 mysterio
1519 969 1703 1038 cert0,
1751 960 1920 1046 quod
1951 959 2115 1023 dono
2148 959 2371 1025 Sancti
2399 961 2534 1048 Spiv

428 1062 869 1137 ministratur,
933 1060 1082 1122 haec
1140 1058 1376 1121 veritas
1430 1056 1838 1144 probaretur.
1893 1112 1902 1122 ‚
1957 1111 1969 1124 .
2023 1106 2037 1122 .
2141 1057 2335 1148 Cujus
2395 1082 2534 1145 mys¹

428 1157 807 1224 miraculum
854 1154 981 1221 tale
1029 1166 1139 1220 est.
1242 1155 1571 1229 Quaedam
1615 1155 1931 1221 vilissima
1966 1158 2312 1243 possessiO,
2372 1158 2534 1222 Melt

430 1256 835 1344 appellatur,
899 1255 969 1317 iu
1023 1255 1335 1319 montibus
1383 1255 1607 1319 arduis
1672 1278 1746 1318 ac
1793 1254 1972 1319 silvis
2019 1254 2408 1319 densissimis
2454 1279 2534 1320 co:

431 1366 589 1434 tuta,
638 1353 895 1440 illicque
931 1375 1264 1440 perparva
1312 1365 1495 1440 atque
1523 1351 1642 1417 vili
1670 1375 1856 1440 opere
1889 1364 2245 1417 constructa
2275 1365 2367 1418 est
2395 1354 2534 1419 eccl<

430 1453 506 1517 In
554 1458 733 1543 cujus
782 1451 1156 1541 baptisterio
1203 1462 1381 1516 nocte
1443 1463 1853 1516 sacrosancta
1903 1452 2237 1538 paschali,
2304 1453 2534 1539 baptiza

425 1553 605 1632 hora,
654 1574 792 1616 cum
835 1550 1049 1615 nullus
1097 1547 1365 1627 canalis,
1414 1548 1599 1613 nulla
1645 1551 1729 1615 sit
1757 1548 2006 1634 fistula,
2053 1572 2164 1613 ‘nec
2212 1574 2378 1636 aqua
2425 1573 2534 1614 omi

425 1653 660 1727 vicina,
693 1650 858 1737 fons
897 1669 985 1712 'eae
1030 1670 1095 1712 se
1132 1648 1414 1734 repletur
1447 1650 1791 1734 paucisque
1840 1650 1948 1733 qui
1968 1648 2228 1734 fuerint
2274 1671 2534 1713 consecr«

420 1772 564 1813 cum
626 1743 1062 1812 deductorium
1121 1746 1365 1811 nullum
1423 1746 1679 1827 habeat,
1746 1758 1819 1811 ut
1878 1770 2045 1832 aqua
2090 1757 2346 1810 venerat
2406 1769 2485 1811 eae

426 1848 725 1914 discedit.
801 1847 975 1910 Tunc
1006 1866 1169 1930 erqo,
1204 1845 1364 1908 sicut
1388 1868 1587 1931 supra
1618 1844 1918 1923 diximus,
1968 1868 2151 1930 quum
2178 1845 2356 1931 apud
2383 1844 2534 1910 Occi<

422 1946 590 2010 tales
638 1967 817 2009 error
860 1954 1036 2008 ortus
1064 1943 1343 2029 fuisset,
1411 1944 1721 2008 consuetis
1781 1942 2152 2008 lectionibus
2196 1955 2390 2008 'nocte
2451 1968 2534 2008 sat

419 2044 729 2122 decursis,
776 2064 963 2128 quum
997 2040 1333 2129 presbyter
1375 2042 1714 2106 secundum
1759 2055 1988 2106 mo'rem
2035 2040 2415 2128 baptizandi
2458 2044 2534 2106 ho

416 2143 790 2229 requireret,
836 2162 1026 2226 usque
1075 2140 1163 2205 ad
1188 2140 1384 2204 lucem
1429 2163 1598 2226 aqua
1642 2163 1772 2204 non
1801 2140 2103 2219 veniente,
2149 2163 2279 2203 uon
2307 2163 2534 2205 consecr

415 2244 537 2329 qui
581 2240 961 2327 baptizandi
987 2239 1284 2324 fue-rant,
1332 2249 1736 2303 recesserunt.
1831 2239 2134 2303 Evidenti
2180 2261 2322 2324 erqo
2360 2242 2534 2311 ,mira

418 2341 666 2405 claruit
719 2337 1224 2403 Occidentalium
1257 2339 1554 2424 partium
1584 2338 1800 2425 fuisse
1842 2346 2137 2403 sororem.

603 2447 768 2512 Huic
818 2446 1001 2530 plane
1048 2444 1248 2510 simile
1281 2446 1661 2529 descriptum
1690 2450 1892 2510 exstat
1922 2446 2084 2529 apud
2114 2445 2366 2531 Magn.
2399 2448 2534 2512 Au.

419 2545 1007 2611 Cassiodorum
1055 2542 1444 2608 miraculum.
1540 2543 1706 2608 Dum
1738 2541 2122 2607 Man-ciliani
2150 2542 2369 2629 fontis
2413 2546 2533 2610 virt

418 2644 755 2721 collaudat,
789 2641 1068 2708 divinum
1101 2642 1349 2728 signum
1378 2641 1553 2708 hisce
1586 2642 1913 2726 exequitur
1939 2642 2144 2708 verbis
2176 2642 2435 2711 Variar.
2472 2642 2534 2708 lii

419 2741 700 2830 epistola
729 2744 818 2806 33
847 2740 927 2824 ¹):
982 2741 1200 2827 Louqa
1242 2751 1390 2806 sunt
1419 2739 1600 2805 illius
1619 2741 1838 2827 fontis
1871 2741 2277 2805 memoranda
2306 2741 2534 2807 descril

430 2843 776 2906 Veniamus
813 2840 913 2904 ‘ad
957 2837 1125 2903 illud
1170 2837 1496 2925 sinqulare
1542 2857 1766 2904 munus
1813 2849 2211 2926 sanctumque
2273 2842 2534 2907 miracul

420 2940 598 3005 Nam
667 2961 809 3004 cum
868 2939 974 3002 die
1031 2948 1325 3002 sacratae
1384 2938 1589 3002 noctis
1638 2959 1892 3024 precem
1951 2936 2353 3023 baptismatis
2400 2963 2534 3027 coep

416 3038 721 3103 sacerdos
768 3035 1088 3124 effundere
1135 3046 1194 3100 et
1239 3035 1316 3099 de
1345 3059 1453 3100 ore
1491 3047 1707 3101 sancto
1736 3059 2087 3100 sermonum
2099 3035 2323 3123 fontes
2352 3060 2533 3102 eman

417 3160 564 3201 mox
611 3137 687 3200 in
736 3134 936 3199 altum
996 3135 1174 3199 unda
1230 3134 1579 3221 prosiliens
1642 3159 1844 3221 aquas
1892 3158 2041 3202 suas
2100 3158 2229 3200 non
2264 3157 2387 3223 per
2431 3161 2534 3201 me«

413 3233 637 3299 solitos
705 3233 963 3319 diriqu,
1030 3232 1140 3296 sed
1198 3235 1269 3296 in
1325 3231 1730 3297 altitudinem
1789 3232 2213 3319 cumulumque
2276 3239 2534 3300 tram-mi

419 3333 718 3419 Eriqitur
765 3329 1013 3395 brutum
1058 3332 1423 3397 elementum
1468 3343 1689 3419 sponte
1734 3355 1855 3397 sua
1919 3343 1977 3396 et
2024 3333 2301 3418 quadam
2347 3334 2534 3400 devot

420 3430 685 3494 solemni
733 3440 1100 3517 praeparat
1158 3453 1222 3494 se
1285 3431 1643 3511 miraculis,
1709 3442 1781 3495 ut
1839 3431 2258 3515 sanctificatio
2306 3434 2534 3523 Majest

414 3531 624 3615 possit
671 3527 943 3592 ostendi.
1043 3529 1217 3592 Nam
1264 3553 1449 3614 quum
1479 3529 1644 3615 fons
1690 3532 1829 3616 ipse
1891 3531 2158 3615 quinque
2203 3532 2444 3616 yradus
2506 3544 2534 3596 t⁴

421 3639 638 3714 eosque
691 3637 936 3691 tantum
984 3627 1093 3691 sub
1143 3627 1613 3714 tranquillitate
1652 3629 2008 3715 possideat,
2058 3628 2210 3694 aliis
2256 3629 2497 3694 duobus

420 3728 596 3792 nitur
641 3748 936 3807 crescere,
982 3747 1134 3811 quos
1180 3750 1503 3812 nunquam
1520 3738 1786 3813 praeter
1815 3725 1982 3791 illud
2014 3737 2255 3813 tempus
2282 3750 2534 3815 coquosc

423 3847 752 3911 occupare.
826 3825 1132 3912 Maqnum
1160 3826 1653 3912 stupendumque
1697 3824 2092 3908 miraculum,
2104 3826 2356 3914 fluenta
2387 3826 2534 3891 labe<

422 3926 510 3987 sic
556 3923 647 3988 ad
693 3923 999 3986 humanos
1047 3945 1357 3987 sermones
1402 3923 1502 3988 vel
1540 3935 1707 3988 stare
1754 3922 2164 4006 veterescere,
2214 3934 2284 3987 ut
2327 3927 2418 3988 eis
2444 3948 2534 3988 cre

422 4021 739 4085 audiendi
783 4020 1061 4084 studium
1104 4022 1357 4086 minime
1404 4022 1702 4109 defuisse.

603 4135 847 4201 Similia
894 4140 1103 4202 narrat
1147 4138 1224 4202 de
1270 4136 1546 4204 fontibus
1593 4138 1961 4203 miraculose
2009 4137 2233 4222 repleri
2279 4138 2478 4205 solitis
2509 4146 2532 4206 t

424 4255 573 4317 pore
623 4233 908 4317 paschali
955 4234 1017 4299 S.
1068 4233 1523 4321 Gregorius
1570 4235 2088 4318 Turonensiffi
2138 4237 2385 4300 Hister.
2440 4238 2534 4301 Fr«

423 4414 634 4423 ——--—..-

602 4519 645 4588 ¹)
687 4519 841 4589 Apud
879 4519 1066 4589 Migne‚
1104 4519 1245 4576 Patr.
1283 4524 1317 4577 l.
1356 4528 1395 4578 t.
1434 4524 1520 4592 69,
1558 4539 1608 4594 p.
1646 4523 1769 4579 765.

2573 564 2677 619 287

2570 786 2649 794 nm
