3514 5391
788 503 856 559 *ιι
887 504 1021 576 ἅγια
1055 509 1146 559 και
1179 506 1393 576 μεγάλη
1431 505 1492 566 ε’.
1548 506 1666 562 rer.
1693 506 1756 561 v,
1789 479 1848 562 'in
1885 505 2060 562 coena
2096 506 2317 562 Domini.
2573 505 2682 561 231

432 702 886 794 (παναπείρῳ)
934 707 1052 774 Dei
1111 705 1575 772 misericordiae
1600 706 1683 792 ¹),
1750 711 1821 770 ut
1882 725 2076 789 quum
2136 705 2407 771 crastino
2455 705 2557 771 die
2604 707 2680 770 ad

430 807 744 891 synaxarii
811 806 1143 872 lectionem
1224 803 1322 870 vel
1386 805 1609 871 saltem
1678 804 1824 870 festi
1895 804 2425 885 annuntiationem
2459 805 2513 890 ²¹)
2583 824 2683 868 so-

431 905 619 970 lemni
667 904 792 971 hac
836 903 1107 970 formula
1151 905 1518 989 responderi
1555 901 1848 988 jubetur:
1908 906 2000 990 Τῇ
2031 899 2345 989 ὑπερφυεῖ
2387 900 2496 966 καὶ
2531 899 2682 987 περὶ

368 1039 375 1046 ·
428 1000 589 1091 ἡμᾶς
649 996 1042 1089 παναπείρῳ
1102 1021 1220 1066 σου
1264 994 1702 1088 εὖσπλαγχνίᾳ
1721 1051 1737 1081 ,
1802 999 2044 1085 Χριστὲ
2091 998 2128 1065 ὁ
2181 999 2364 1085 Θεὸς,
2422 998 2684 1090 ἐλέησον

428 1099 610 1189 ἡμᾶς,
655 1099 880 1189 Ἀμήν.

609 1224 678 1278 Ἡ
710 1224 1005 1297 ὕπερφνής
1039 1224 1330 1296 προςευχή.
1368 1255 1439 1266 —·
1475 1224 1572 1283 Ex
1608 1229 1779 1283 textu
1804 1223 2085 1297 liturgico
2113 1224 2276 1283 circa
2302 1232 2680 1298 praesentem

433 1307 761 1365 orationem
803 1306 915 1366 duo
950 1306 1102 1366 haec
1141 1306 1455 1366 advertas:
1497 1308 1556 1365 1⁰
1592 1323 1707 1364 non
1745 1305 1859 1364 soli
1897 1305 2153 1363 sermoni
2195 1322 2231 1363 a
2270 1304 2514 1365 Christo
2552 1324 2681 1381 pro·

430 1389 568 1459 lato,
625 1388 735 1446 sed
774 1386 1163 1447 interioribus
1215 1388 1397 1445 animi
1452 1386 1768 1446 affectibus
1820 1394 1884 1445 et
1935 1386 2336 1445 exterioribus
2385 1386 2680 1460 passionis

431 1468 731 1541 adjunctis
769 1469 928 1527 ratio
965 1486 1149 1527 verae
1206 1468 1494 1527 orationis
1544 1466 1862 1540 tribuitur;
1916 1467 1982 1525 2⁶
2030 1467 2168 1525 inde
2220 1483 2445 1540 quoque
2498 1467 2681 1525 admi-

427 1550 618 1607 randa
653 1550 1062 1623 praedicatur,
1102 1550 1253 1621 quod
1291 1548 1578 1608 Salvator
1614 1548 1817 1606 mundi
1847 1548 2031 1607 talem
2059 1548 2389 1606 orationem
2416 1549 2478 1607 in
2504 1548 2678 1606 horto

429 1628 805 1704 proferendo,
832 1630 1132 1688 inimicum
1152 1628 1391 1688 humani
1412 1629 1650 1702 generis
1672 1629 1874 1687 divino
1895 1635 2330 1702 stratagemate
2359 1629 2681 1700 insiguiter

432 1711 771 1785 deciperet3
826 1710 961 1769 dum
1017 1710 1173 1769 enim
1227 1710 1518 1783 eJusmodi
1556 1710 1990 1784 supplicatione
2042 1710 2121 1769 ad
2157 1709 2406 1769 Patrem
2446 1711 2681 1769 directa

431 1792 761 1864 „saevienti
808 1791 1049 1851 diabolo
1094 1791 1422 1865 potentiam
1463 1808 1606 1849 suae
1648 1790 1985 1864 majestatis
2024 1790 2286 1849 occuluit
2336 1796 2400 1849 et
2436 1791 2678 1849 infirmi·

427 1880 611 1932 tatem
664 1877 913 1931 nostrae
961 1870 1320 1931 humilitatis
1371 1870 1625 1944 objecit“
1647 1870 1712 1943 ⁸),
1771 1871 1834 1928 id
1890 1878 1982 1929 est
2031 1871 2253 1950 bellica
2303 1871 2491 1929 veluti
2543 1878 2677 1930 arte

425 1952 811 2024 (τεχνηέντως)
849 1958 1217 2019 consecutus,
1272 1959 1340 2010 ut
1388 1968 1518 2010 eum
1575 1951 1870 2021 „crudelis
1923 1967 1995 2009 ac
2031 1953 2321 2024 superbus
2368 1951 2672 2010 inimicus“

425 2033 616 2092 Deum
660 2050 797 2093 esse
828 2049 954 2100 ,non
992 2033 1283 2092 crederet.
1357 2032 1454 2091 En
1493 2032 1606 2092 tibi

986 2143 1197 2209 Στίχος
1233 2143 1309 2199 εἰς
1345 2139 1444 2205 τήν
1479 2140 1745 2211 ὕπερφυᾶ
1780 2138 2112 2220 neos-wldar}

836 2227 1141 2320 Προςεύχῃ·
1179 2252 1268 2300 καὶ
1305 2246 1632 2318 φόβητρα4),
1672 2246 1918 2319 θρόμβοι
1957 2246 2207 2316 αἱμάτων
2223 2248 2267 2314 ⁸)

841 2329 1064 2398 Χριστὲ,
1102 2329 1389 2401 προςώπου
1445 2329 1946 2401 παραιτούμενος-ἢ
1984 2328 2160 2395 δῆθεν

844 2409 1117 2473 Θάνατον,
1153 2410 1367 2481 ἐχθρόν
1403 2411 1461 2464 ἐν
1500 2409 1715 2470 τούτοις
1751 2412 2077 2481 φενακίζων,

788 2540 857 2547 -.

600 2624 644 2690 ¹)
685 2623 980 2686 Ἐπίθετα,
1032 2626 1316 2695 composita
1366 2643 1431 2680 ex
1478 2625 1860 2695 praepositione
1909 2623 2074 2693 ὑπέρ,
2132 2641 2262 2697 quae
2300 2640 2569 2678 excessum
2619 2629 2675 2677 et

416 2707 829 2776 superlationem
878 2707 1166 2776 significat,
1221 2706 1274 2761 in
1319 2723 1415 2761 usu
1452 2707 1708 2778 frequenti
1746 2711 1868 2761 sunt
1917 2705 2051 2776 apud
2088 2723 2307 2775 graecos
2345 2705 2562 2771 Patres,
2616 2710 2675 2758 ut

417 2804 569 2842 ecce:
601 2786 941 2857 ὑπέρφωιος,
967 2786 1310 2857 ύπερούσιος,
1336 2787 1706 2859 &modyn-909,
1728 2786 2086 2858 ὕπερπλήρης,
2113 2784 2478 2855 ὑπερφύαλος,
2504 2784 2673 2853 ὑπερ-

415 2866 570 2931 τελής
597 2874 654 2923 et
680 2866 1036 2938 ὑπερτέλειος,
1073 2867 1429 2937 ὑπεράρχιος,
1469 2870 1621 2924 immo
1647 2875 1703 2924 et
1724 2867 2009 2937 ὐπέρθεος,
2048 2868 2249 2923 scilicet
2271 2883 2440 2937 super
2464 2883 2672 2921 onmem

415 2949 757 3004 divinitatem
806 2950 877 3004 ab
924 2950 1232 3005 hominibus
1266 2949 1659 3020 participatam
1676 2990 1692 3015 ,
1748 2955 1808 3004 ut
1856 2950 1909 3004 in
1943 2950 2051 3004 his:
2113 2948 2382 3004 Constitui
2424 2952 2477 3003 te
2512 2948 2671 3002 deum

414 3029 747 3085 Pharaonis
756 3044 782 3097 ,·
818 3033 902 3084 et:
951 3029 1074 3098 qu
1110 3028 1261 3096 deiri,
1310 3029 1394 3084 dii
1436 3030 1585 3085 estis.
1660 3029 1763 3084 Sed
1799 3033 1872 3083 'tu
1919 3030 2159 3084 subtilem
2210 3029 2670 3099 scholasticamque

413 3109 599 3164 horum
655 3110 1003 3179 epitheton-um
1058 3110 1472 3179 explanationem
1532 3126 1722 3182 quaere
1787 3108 1921 3180 apud
1976 3126 2019 3164 s.
2068 3110 2156 3163 Th
2172 3126 2373 3164 olnam
2430 3111 2482 3164 in
2532 3126 2575 3165 c.
2615 3109 2669 3164 4.

410 3188 481 3257 (s.
521 3189 814 3261 Dionysio
850 3189 919 3244 de
953 3190 1154 3244 divt'nis
1188 3191 1508 3245 nominibus.

601 3269 647 3337 ⁸)
696 3270 757 3325 In
792 3286 928 3325 nova
964 3269 1187 3326 editione
1237 3270 1468 3326 Romana
1519 3270 1710 3326 Triodii
1767 3272 1879 3326 sola
1931 3272 2298 3342 mysteriorum
2346 3270 2669 3326 annuntiatio

410 3349 641 3405 habetur
676 3367 725 3421 p.
753 3351 877 3415 676,
915 3351 1105 3405 omisso
1141 3351 1342 3406 scilicet
1378 3352 1595 3421 longiori
1634 3351 1721 3406 illo
1761 3352 2040 3423 synaxario
2080 3352 2142 3406 de
2180 3352 2419 3422 passione
2445 3351 2667 3420 Domini,

340 3430 345 3433 ’
412 3431 549 3500 quod
590 3431 643 3484 in
683 3430 915 3500 Vulgata
954 3430 1201 3497 (Veneta)
1243 3437 1417 3486 exstat
1456 3448 1540 3502 pp.
1578 3433 1882 3488 379—381.

600 3513 646 3577 ⁸)
688 3511 797 3566 Cfr.
836 3528 879 3565 s.
918 3510 1041 3579 Leo,
1079 3512 1131 3566 in
1168 3512 1220 3566 ll.
1259 3513 1308 3567 2.
1349 3512 1501 3567 Noct.
1541 3513 1690 3567 Dom.
1730 3513 1952 3568 Palmar.

595 3592 643 3655 ⁴)
688 3590 995 3659 φόβητρον,
1030 3591 1346 3659 terriculum,
1384 3593 1877 3659 terriculamentum,
1914 3595 1965 3648 h.
1987 3611 2030 3647 e.
2038 3593 2389 3663 ,phantasma
2414 3601 2666 3649 terrorem

410 3671 690 3731 incutiens.
767 3670 1007 3726 Christus
1043 3672 1141 3726 Dei
1189 3673 1323 3727 filius
1361 3674 1558 3728 scilicet
1593 3675 1645 3727 in
1684 3675 1836 3728 horto
1873 3635 2052 3729 oliveti
2108 3675 2412 3765 phantasiae
2451 3681 2504 3728 et
2541 3675 2665 3729 ima-

406 3751 670 3842 ginationi
706 3766 833 3805 suae
870 3752 1098 3819 indulsit,
1138 3759 1195 3806 ut
1232 3753 1351 3807 viva
1390 3754 1609 3823 imagine
1636 3769 1836 3807 omnem
1868 3759 2238 3812 tormentorum
2265 3756 2516 3823 passionis
2542 3772 2666 3809 suae

406 3831 527 3897 vim,
570 3831 999 3900 magnitudinem,
1038 3832 1363 3902 iniquitatem
1401 3834 1497 3888 sibi
1535 3838 1973 3904 repraesentaret.
2048 3834 2190 3901 Quae
2235 3851 2330 3905 per
2365 3841 2541 3905 partes
2580 3836 2665 3889 de-

407 3910 525 3965 inde
564 3926 820 4002 passurus
857 3918 973 3966 erat
1011 3913 1063 3966 in
1099 3929 1328 3982 corpore,
1368 3930 1431 3967 ea
1468 3914 1519 3968 in
1544 3914 1695 3968 horto
1733 3914 1883 3968 simul
1922 3916 2087 3969 sensit
2123 3916 2176 3969 in
2200 3915 2378 3980 corde3
2418 3915 2514 3983 ipsi
2539 3931 2663 3968 vero

405 3991 455 4044 hi
496 3991 659 4045 animi
698 3991 962 4046 cruciatus
1000 4008 1099 4046 uno
1134 3993 1293 4047 verbo
1331 3992 1593 4063 φόβητρα,
1632 3994 1798 4048 veluti
1835 3996 2201 4064 suppliciorum
2226 3995 2663 4061 terriculamenta,

404 4074 681 4125 vocantur.

590 4149 637 4217 ⁵)
683 4149 941 4220 Θρόμβοι
978 4150 1228 4221 αἱμάτων
1265 4152 1570 4220 nongoium),
1610 4154 1660 4207 h.
1700 4170 1764 4217 e.,
1803 4158 1988 4222 guttae
2027 4156 2292 4224 sanguinis
2331 4156 2393 4209 de
2419 4155 2551 4208 facie
2579 4155 2661 4207 de·

403 4231 635 4298 fluentiS,
688 4235 748 4284 et
784 4231 934 4300 quasi
973 4236 1171 4287 terrore
1209 4234 1465 4299 concreti;
1522 4233 1769 4304 θρόμβος
1809 4236 2040 4303 αἵματος
2093 4237 2279 4305 quippe
2333 4240 2414 4288 est
2449 4250 2662 4302 grumus

400 4311 678 4381 sanguinis
718 4327 749 4365 e
788 4311 938 4365 venis
975 4312 1119 4365 effusi
1159 4330 1221 4368 ac
1258 4315 1502 4368 concreti.

589 4392 635 4457 ⁸)
680 4390 1142 4462 Παραιιούμενος
1188 4393 1467 4461 θάνατον,
1522 4397 1572 4450 h.
1612 4412 1688 4463 e.,
1745 4400 1964 4451 mortem
2015 4397 2352 4467 deprecatuS,
2403 4394 2661 4448 inimicum

400 4471 609 4528 fefellit.
1708 4490 1713 4495 ’
