3514 5391
782 532 886 586 102
1437 532 1594 585 Festa
1633 533 1838 585 mobilia
1866 533 1915 585 in
1955 533 2375 601 Quadragesima.

783 732 1142 817 imaqinum.
1241 730 1392 813 Ejus
1441 730 1756 814 objectum
1806 731 2029 797 Graeci
2090 732 2409 816 sequiores
2466 752 2591 796 una
2636 751 2785 797 voce
2833 728 3033 812 ὀρθο-

784 823 1005 909 ὁοξίαν
1064 829 1528 913 appellaverunt
1590 851 1625 894 a
1672 831 1974 895 memoria
2019 830 2355 915 triumphi,
2425 850 2611 914 quem
2659 839 2832 893 recta
2857 828 3032 914 fides

784 950 866 993 ex.
918 928 1285 994 adversariis
1344 928 1722 1013 deportavit:
1792 929 2170 1013 antiquiores
2231 927 2344 1017 τὴν
2405 925 2845 1015 ἀναστὴλωσιν
2902 930 3032 991 τῶν

779 1020 1043 1091 εἰκόνιον
1088 1028 1369 1093 dixerant
1413 1025 1796 1113 imaqinibus
1833 1022 2136 1113 publicae
2180 1028 2576 1092 venerationi
2609 1024 2840 1114 palam
2874 1015 3053 1113 pro-v

771 1127 1010 1213 positis
1033 1126 1102 1210 ¹),
1153 1146 1275 1210 qua
1323 1127 1540 1190 eadem
1590 1126 1827 1191 ratione
1874 1126 2211 1192 etiamnum
2270 1128 2334 1191 in
2378 1125 2717 1210 Horologio
2764 1124 3031 1190 Melchi-

784 1230 985 1290 tarum
1033 1226 1279 1291 arabice
1311 1232 1701 1308 nuncupatur
1727 1224 2046 1290 audechad
2076 1222 2400 1311 eZ-iqonat,
2452 1220 2875 1311 προςκύνησις
2903 1226 3034 1286 τῶν

815 1317 835 1341 5
898 1321 911 1339 1

779 1346 1060 1389 εικονων.

957 1448 1033 1514 In
1080 1449 1329 1535 vulgata
1375 1450 1643 1514 editione
1692 1450 2087 1533 synaxarium,
2126 1448 2357 1515 Triodii
2406 1448 2862 1515 solemnitatem
2911 1448 3035 1512 hac

785 1550 1188 1633 inscriptione
1237 1549 1593 1646 annuntiat:
2490 1554 2501 1563 '

899 1674 992 1761 Tg}
1061 1670 1218 1761 αὐτῇ
1283 1671 1516 1760 ᾑμέρᾳ,
1589 1677 1854 1760 κυριακῇ
2068 1674 2307 1737 Eodem
2325 1672 3035 1758 die‚Dominicaprima

784 1770 1008 1859 πρώτῃ
1045 1775 1176 1836 τῶν
1204 1776 1525 1858 νηστειῶν,
1575 1769 1881 1859 &votum--
1960 1774 2364 1862 jejuniorum,
2386 1770 3037 1857 memoriamfacimus

784 1890 889 1935 σιν
916 1868 1295 1953 ποιούμεθα
1320 1874 1432 1956 τῆς
1460 1864 1775 1956 ὅρθοδοξί
1780 1892 1857 1946 ας

783 1968 925 2055 ἤτοι
991 1971 1106 2056 τῆς
1168 1964 1664 2055 ἀναστηλώσεως
1726 1972 1857 2032 τῶν

786 2062 980 2150 ἁγίων
1055 2063 1163 2131 καὶ
1237 2069 1495 2131 σεπτῶν
1569 2062 1854 2145 εἰκόνων,

783 2163 1113 2254 γινομένης
1169 2162 1349 2250 παρὰ
1406 2169 1536 2229 τῶν
1599 2163 1856 2253 ἀειμνή-

1964 1870 2396 1953 οτιήοᾱοτὲαἰαε,
2427 1872 2484 1937 Ιι.
2510 1893 2582 1947 e„
2612 1870 3038 1933 restitutionis

1964 1979 2329 2034 sanctarum
2344 1966 2865 2033 etvenerabilium
2877 1969 3034 2032 ima·

1963 2070 2195 2155 qinum,
2237 2066 2467 2153 factae
2514 2066 2593 2130 ab
2640 2067 3037 2151 imperatori·

1966 2166 2077 2229 bus
2113 2163 2257 2245 GP„
2305 2175 2565 2229 actema
2593 2167 2895 2229 memoria
2940 2165 3037 2229 di-

786 2285 955 2328 στων
985 2260 1467 2351 αὐτοκρατόρων
1501 2266 1675 2347 ΚΠ.,
1717 2266 1856 2328 Μι-

785 2360 946 2448 χαὴλ
1015 2361 1123 2427 καὶ
1187 2366 1298 2446 τῆς
1360 2361 1598 2449 μητρὸς
1664 2361 1859 2433 αὐτοῦ

793 2459 1154 2545 Θεοδώρας,
1221 2458 1335 2525 ἐπὶ
1381 2463 1493 2548 τῆς
1537 2481 1857 2547 πατριαρ-

788 2555 885 2640 χεί
889 2583 966 2636 ας
986 2563 1104 2623 τοῦ
1129 2550 1310 2643 ἁγίου
1333 2557 1440 2623 καὶ
1467 2555 1861 2648 ὀμολογηῑοῦ

792 2652 1159 2734 Μεθοδίου.

965 2785 1082 2867 Qui
1128 2786 1351 2852 notiori
1397 2784 1542 2850 huic
1593 2784 1735 2850 festi
1785 2786 2084 2869 mysterio
2129 2784 2195 2848 in
2224 2778 2588 2870 ἀκολουθίᾳ
2612 2785 2733 2849 diei
2766 2786 3037 2851 sociatus

789 2890 884 2950 est
930 2884 1133 2950 cultus
1181 2885 1668 2950 clarissimorum
1715 2883 1841 2947 fide
1906 2888 1969 2948 et
2016 2883 2389 2948 abstinentia
2436 2881 2880 2968 prophetarum
2928 2903 3032 2948 ve-

789 2983 938 3048 teris
985 2982 1360 3060 testamenti,
1411 3002 1596 3066 saepe
1643 2982 1831 3046 etiam
1881 2981 2257 3065 conjunctim
2307 3001 2450 3046 curn
2482 2981 2585 3047 illo
2616 2981 3036 3056 annuntiatur,

790 3085 861 3145 ut
923 3081 987 3145 in
1053 3081 1305 3164 antiquo
1365 3081 1576 3146 codice
1626 3079 2089 3172 Barberiniano
2137 3099 2174 3143 a
2230 3076 2409 3145 Gard.
2437 3079 2696 3161 >Quirini
2762 3079 3034 3167 vulgato,

793 3201 852 3262 p.
909 3179 1066 3243 144:

1963 2266 2125 2351 qnia,
2184 2263 2494 2328 Michaelc
2550 2273 2609 2327 et
2651 2273 2853 2327 matre
2900 2268 3037 2353 ejus

1974 2362 2327 2442 Theodora,
2356 2361 2859 2449 subponh'ficatu
2888 2384 3035 2427 san·

1934 2463 2054 2541 ,cti
2108 2459 2490 2544 confessoris
2549 2460 2860 2524 Methodii
2904 2461 3034 2545 (die

1974 2560 2075 2628 19.
2125 2560 2315 2625 Febr.
2366 2579 2524 2625 anno
2573 2558 2752 2643 842).

975 3359 1016 3424 ¹)
1055 3354 1412 3420 Ἀναστηλόω,
1454 3356 1787 3424 compositum
1827 3372 1891 3409 ex
1916 3356 2294 3425 praepositione
2330 3353 2455 3419 ἄνεί,
2496 3372 2683 3425 saper,
2722 3361 2776 3410 et
2812 3355 3039 3423 στηλόω,

791 3438 1017 3508 cappam,
1043 3437 1342 3491 colamnam
1369 3436 1540 3506 eriqo,
1567 3437 1773 3506 proprie
1799 3437 2059 3506 significat
2084 3453 2155 3490 su
2171 3452 2203 3505 p
2220 3452 2247 3490 e
2264 3452 2291 3489 r
2316 3435 2614 3490 colamnam
2639 3439 2840 3502 statuo,
2864 3437 3042 3507 eriqo,

790 3534 1014 3573 sursum
1052 3516 1257 3581 attoll0,
1308 3517 1690 3586 praepositione
1727 3515 1835 3569 ἀνα·
1887 3517 2087 3571 scilicet
2137 3518 2189 3570 in
2234 3517 2332 3570 hac
2377 3517 2743 3586 compositione
2781 3517 3041 3587 significa·

791 3601 982 3653 tionem
1018 3598 1249 3653 adverbii
1284 3598 1433 3660 ἄνω,·
1464 3613 1717 3664 sursum,
1774 3598 2022 3652 inclusam
2073 3598 2321 3662 habente;
2381 3595 2544 3663 στήλη
2594 3599 2754 3654 enim.
2804 3600 3041 3669 quamvis

791 3680 964 3735 latiori
1001 3694 1157 3733 sensu
1193 3679 1477 3748 accipiatur
1514 3694 1606 3748 pro
1644 3678 1826 3749 quovis
1860 3678 2030 3747 lapide
2069 3695 2097 3732 e
2134 3683 2278 3732 terra
2315 3683 2571 3747 exstante,
2623 3680 2706 3733 vel
2741 3681 3041 3735 munitionis

791 3761 965 3829 gratia
1003 3760 1098 3813 ¹vel
1135 3759 1270 3828 sig-ni
1307 3764 1516 3824 erecto,
1567 3759 1795 3828 pressius
1845 3764 2106 3828 sumptum
2142 3765 2316 3813 tamen
2355 3760 2613 3829 significat
2649 3760 2889 3830 cippum,
2946 3777 3039 3816 seu

791 3840 1110 3914 columnam,
1146 3855 1278 3909 quae
1316 3844 1408 3893 aut
1442 3840 1497 3893 iu
1534 3839 1818 3909 sepulchris
1856 3840 2200 3907 statuebatur,
2238 3844 2330 3894 aut
2364 3840 2417 3894 in
2453 3857 2554 3911 qua
2590 3841 2798 3896 foedera
2835 3841 3039 3912 aliaque

793 3921 1037 3975 memoria
1074 3920 1230 3989 digna
1267 3920 1694 3986 inscribebantur,
1734 3924 1826 3973 aut
1861 3935 2029 3989 saper
2064 3936 2223 3989 quam
2260 3924 2484 3986 statuae,
2528 3921 2799 3991 imagineS,
2847 3922 3041 3977 vexilla

793 4002 995 4073 aliaque
1045 4002 1194 4070 signa
1244 4001 1591 4069 erigebantur.
1693 3999 1774 4053 De
1827 4001 1937 4070 ejus
1988 4001 2253 4054 notatione
2303 4000 2549 4055 videndus
2599 4009 2681 4056 est
2732 4002 3038 4064 Curtius.

796 4081 1129 4150 Gt·und2uye
1166 4080 1268 4134 der
1298 4080 1507 4150 qriech.
1549 4079 1907 4151 Etymoloyie,
1945 4081 2068 4136 edit.
2106 4082 2156 4136 4.
2197 4098 2246 4151 p.
2285 4082 2406 4136 212.
2450 4111 2513 4120 --
2553 4081 2844 4149 Caeterum,
2883 4099 3037 4153 quum

792 4162 1047 4217 interdum
1086 4163 1191 4228 fiat,
1231 4169 1290 4215 ut
1313 4161 1628 4232 praepositio
1665 4158 1775 4213 οἶνοί
1803 4161 1975 4216 verbis
2002 4163 2229 4231 praefixa
2250 4177 2426 4216 eorum
2446 4163 2872 4231 significationem
2897 4164 3037 4220 dum-

795 4248 944 4297 taxat
982 4247 1174 4311 augeat
1214 4243 1293 4306 (ut
1330 4243 1381 4296 in
1405 4240 1568 4306 βοάω,
1609 4243 1800 4308 cltum,
1838 4248 1893 4296 et
1910 4241 2180 4313 ἅναβοάω,
2208 4242 2496 4312 exclamo),
2532 4242 2780 4297 hodierna
2800 4241 3037 4309 ἀναστή-

792 4323 953 4381 λωσις
989 4325 1099 4375 τῶν
1136 4321 1362 4375 εἰκόνων
1399 4323 1702 4392 simpliciter
1738 4324 1896 4377 etiam
1933 4323 2181 4393 explicari
2217 4327 2391 4392 potest
2428 4324 2490 4377 de
2528 4323 2769 4388 solemni,
2817 4324 3037 4394 publica,

795 4404 1069 4474 conspicua
1104 4419 1368 4458 sacrarum
1406 4404 1684 4472 imaginum
1734 4404 2023 4471 erectione,
2078 4420 2209 4474 quae
2258 4404 2309 4457 in
2365 4403 2597 4458 ecclesiis
2644 4404 2861 4473 aliisque
2911 4404 3037 4458 locis

796 4485 948 4540 editis
986 4485 1127 4539 facta
1165 4485 1303 4538 cerni
1340 4484 1405 4539 ab
1445 4485 1678 4538 omnibus
1716 4485 1882 4554 possit
1918 4489 2073 4554 atque
2111 4489 2323 4553 aspectu
2362 4484 2521 4538 veluti
2559 4484 2831 4538 sentiatur.
