3514 5391
1092 1222 1190 1301 De
1243 1221 1648 1301 rationibus
1700 1245 1935 1305 novae
1991 1228 2343 1309 editionis,

1336 1382 1425 1448 Ex
1471 1381 1686 1451 literis
1733 1385 2087 1468 encyclicis

538 1534 755 1590 Emi.
784 1535 871 1588 D.
895 1534 977 1588 D.
1001 1533 1160 1588 J08.
1188 1534 1542 1597 Stadler,
1572 1535 2829 1605 archiepiscopiVhrbosnensis‚

1169 1640 1726 1697 commissarii
1774 1644 2269 1710 Apostoliei‚

711 1779 785 1828 ad
819 1778 1090 1829 universum
1127 1790 1220 1827 ven.
1263 1777 1442 1827 oles-vm
1477 1776 1599 1827 Intra
1638 1777 1762 1839 fines
1799 1779 1877 1829 sai
1917 1776 2337 1832 Commissan'atas
2375 1782 2682 1832 constitutam

1374 1867 1418 1915 d.
1463 1865 1506 1916 d.
1549 1867 1598 1916 2.
1629 1866 1868 1917 febmarii
1901 1869 2042 1919 1895.
2759 1864 2764 1869 ’

762 2007 1133 2061 Sanctissimus
1168 2006 1233 2059 D.
1272 2006 1337 2059 N.
1377 2005 1482 2059 Leo
1521 2006 1619 2059 ΡΡ.
1659 2007 1798 2073 XIII,
1838 2010 1922 2078 qui
1960 2026 2198 2078 suprema
2237 2026 2264 2063 e
2291 2011 2499 2078 specula
2535 2013 2586 2065 in
2613 2012 2830 2065 salutem

558 2088 805 2142 omnium
831 2087 938 2141 late
964 2088 1195 2155 gentium
1220 2087 1465 2153 intentuS,
1505 2086 1621 2139 dum
1649 2089 1759 2156 ejus
1786 2088 2089 2143 obtinendae
2116 2106 2440 2159 quascunque
2477 2091 2572 2143 init
2607 2091 2832 2143 rationes

561 2185 635 2222 ac
672 2169 811 2232 viaS,
852 2168 1159 2221 tenuitatem
1197 2183 1395 2236 quoque
1431 2170 1679 2234 nostram,
1718 2167 1870 2220 nullis
1907 2169 2030 2222 licet
2065 2170 2489 2238 praecedentibus
2526 2172 2741 2235 mei-itiS‚
2781 2172 2831 2223 in

564 2254 785 2318 partem
812 2249 945 2301 tanti
968 2247 1139 2316 operis
1163 2263 1351 2301 vocare
1380 2247 1621 2315 dignatus
1651 2253 1747 2313 est,
1776 2247 2049 2302 deferendo
2074 2251 2219 2302 nobis
2248 2266 2429 2303 munus
2458 2251 2836 2304 Commissarii

567 2328 882 2399 Apostolici
914 2328 980 2381 ad
1013 2343 1193 2397 pacem
1229 2332 1284 2381 et
1304 2328 1538 2381 unionem
1559 2344 1673 2380 cum
1692 2327 1926 2381 Ecclesia
1951 2346 2162 2383 romana
2181 2330 2230 2382 in
2252 2331 2366 2382 istis
2389 2332 2628 2398 gentibus
2657 2348 2829 2385 recon-

567 2408 870 2471 ciliandam,
909 2425 1039 2477 quas
1064 2425 1096 2461 a
1117 2414 1293 2462 centro
1318 2408 1532 2461 unitatis
1552 2409 1762 2462 avulsas
1788 2426 2021 2464 moerens
2047 2412 2291 2464 intuetur.
2351 2414 2504 2476 „Nos
2529 2413 2829 2481 eqnidcm“,

569 2490 743 2543 verba
771 2495 893 2543 sunt
916 2488 1076 2542 SSmi.
1098 2488 1216 2557 Dni.
1244 2490 1294 2542 in
1321 2489 1540 2558 epistola
1565 2489 1630 2543 ad
1654 2505 1748 2542 nos
1775 2490 1897 2543 data
1924 2489 1970 2543 d.
2005 2492 2083 2544 12.
2107 2490 2286 2545 Octob.
2311 2493 2464 2559 1894,
2505 2494 2659 2557 „Nos
2685 2494 2829 2561 equi-

569 2570 724 2636 dem,
760 2569 954 2638 quibus
979 2568 1260 2637 antiquins
1288 2568 1431 2622 nihil
1457 2572 1558 2636 est,
1595 2586 1753 2638 quam
1794 2574 1855 2624 ut
1878 2570 2108 2625 alienati
2142 2572 2209 2624 ab
2233 2587 2463 2625 romana
2477 2574 2831 2643 professione

564 2652 803 2721 fratres
839 2648 915 2704 ad
952 2648 1236 2704 Ecclesiae
1275 2649 1605 2719 complexam
1642 2654 1981 2718 revocentur,
2019 2652 2214 2720 quiquo
2250 2653 2478 2706 summis
2499 2653 2761 2723 precibus
2796 2670 2830 2705 a

574 2731 703 2785 Deo
733 2731 1057 2800 flagitamus
1094 2729 1341 2798 omniqua
1377 2745 1474 2799 opo
1510 2730 1898 2797 contendimus,
1935 2735 1996 2784 nt
2030 2731 2214 2785 unitas
2237 2732 2372 2786 haec
2383 2734 2706 2802 populorum
2733 2735 2832 2787 sab

573 2828 688 2865 nno
714 2814 946 2879 pastore
984 2813 1314 2876 maturetur,
1354 2851 1365 2863 .
1406 2849 1419 2863 .
1461 2851 1472 2862 .
1522 2813 1576 2864 te
1608 2811 1900 2865 hortamur
1937 2812 2117 2876 enixe,
2154 2815 2215 2864 nt
2250 2812 2304 2864 in
2344 2811 2580 2881 incoepto
2616 2811 2648 2882 (
2644 2813 2831 2866 labore

564 2907 682 2961 pro
722 2889 957 2960 unitate)
982 2907 1322 2961 permaneas
1360 2890 1521 2960 idque
1544 2906 1656 2960 pro
1694 2891 1846 2945 virili
1867 2894 2037 2960 parto
2074 2891 2289 2944 coneris
2299 2893 2581 2960 prosequi.
2639 2893 2832 2946 Placet

576 2973 893 3040 quinimmo,
932 3012 945 3025 .
987 3012 1000 3025 .
1040 3012 1054 3025 .
1092 2971 1190 3025 hoc
1218 2971 1320 3025 tibi
1354 2971 1408 3025 in
1447 2971 1572 3024 istis
1591 2971 1844 3040 ⁸(lentibus
1867 2972 2303 3026 reconciliandae
2327 2972 2487 3040 pacis
2509 2989 2624 3026 cum
2647 2973 2829 3026 Eccle-

573 3053 669 3106 sia
708 3052 957 3105 Romana
983 3052 1343 3121 praecipuam
1383 3051 1547 3104 aelati
1598 3069 1662 3106 ac
1686 3053 1977 3121 proprium
2027 3053 2363 3107 demandare
2398 3069 2609 3106 manns.
2687 3053 2830 3108 Tuae

576 3133 755 3200 iyitur
792 3136 952 3186 erant
976 3135 1208 3201 partes,
1260 3131 1588 3186 venerabilis
1612 3135 1827 3202 frater,
1883 3148 1988 3200 qaa
2025 3132 2249 3185 meliore
2272 3133 2490 3200 poteris
2534 3133 2831 3197 industria,

577 3213 883 3278 consulere,
920 3216 979 3266 ut
1016 3211 1112 3280 qai
1144 3228 1179 3264 α
1216 3211 1371 3264 nobis
1407 3211 1619 3281 infelici
1640 3212 1917 3274 discordia
1943 3212 2324 3281 sejanyantnr,
2361 3212 2542 3267 radiis
2565 3213 2834 3266 illustrati

576 3292 886 3362 sapientiae
936 3292 1213 3357 coelestis,
1269 3291 1565 3345 diuturnas
1614 3292 1921 3345 simultates
1968 3292 2238 3360 deponant
2275 3331 2288 3345 .
2329 3332 2341 3345 .
2383 3333 2395 3346 .
2483 3293 2617 3346 Erit
2665 3293 2826 3345 etiam

576 3377 733 3427 {anm
758 3373 981 3442 pavidis
1017 3372 1266 3426 timorem
1305 3372 1523 3441 eripere
1535 3411 1553 3438 ,
1597 3388 1665 3425 ne
1704 3389 1775 3425 ex
1811 3372 2179 3441 conjunctione
2214 3373 2486 3426 nobiscum
2537 3373 2827 3442 quidquam

574 3455 822 3524 ipsoram
845 3455 1011 3523 jara,
1043 3453 1342 3523 privilegia
1380 3453 1462 3507 ael
1496 3453 1729 3506 rituales
1766 3452 2181 3507 consuetudines
2232 3456 2458 3522 captura
2505 3453 2618 3507 sint
2664 3452 2831 3506 delri-

575 3535 754 3589 menti
789 3575 801 3587 .
841 3574 854 3588 .
893 3575 906 3588 .
969 3535 1227 3604 Optamus
1262 3532 1451 3601 iqitar,
1490 3532 1817 3586 venerabilis
1843 3535 2058 3604 frater,
2095 3536 2156 3586 ut
2190 3532 2245 3586 si
2278 3549 2383 3601 qua
2420 3533 2522 3586 tibi
2541 3533 2833 3602 praeclari

576 3616 768 3685 operis
802 3614 1039 3684 urgendi
1073 3612 1299 3667 consilia
1337 3615 1653 3681 suppetunt,
1708 3629 1773 3666 ea
1811 3612 1984 3668 Nobis
2010 3613 2252 3683 fidenter
2289 3613 2512 3682 aperias
2550 3653 2563 3667 .
2605 3654 2616 3665 .
2658 3654 2670 3665 .
2697 3629 2829 3682 per-

574 3712 805 3750 suasum
841 3695 1070 3756 habens,
1111 3696 1165 3746 te
1202 3710 1236 3745 a
1273 3692 1446 3746 Nobis
1480 3693 1659 3746 studio
1695 3695 1881 3761 quovis
1916 3693 2229 3761 auxilioque
2250 3693 2608 3760 juvandum.“‘

762 3775 861 3828 Pro
899 3791 977 3842 eo,
1033 3773 1169 3844 quod
1218 3774 1511 3843 episcopum
1562 3773 1738 3838 decet,
1790 3773 2055 3841 religionis
2106 3773 2389 3828 catholicae
2436 3774 2822 3843 amplificandae

574 3856 767 3922 studi0‚
807 3871 1002 3925 proque
1039 3857 1371 3908 sacrosancto
1408 3853 1513 3920 illc,
1553 3853 1684 3922 quod
1722 3854 1968 3922 Supremo
2007 3853 2210 3927 Pastori
2250 3853 2384 3906 omni
2423 3869 2486 3906 ex
2527 3857 2675 3921 parte
2714 3869 2826 3921 per-

574 3939 770 3992 fectum
808 3937 1073 4000 debemus»,
1125 3934 1366 4003 obsequio
1405 3934 1584 3987 statim
1620 3934 1926 4002 pronissima
1964 3933 2228 3986 voluntate
2269 3932 2725 3985 considerationem
2765 3932 2826 3984 de

570 4019 876 4088 exequendo
913 4015 1228 4086 gravissimo
1264 4030 1472 4068 munere
1508 4014 1654 4068 nobis
1692 4013 1997 4067 demandato
2025 4012 2379 4081 suscipienteS,
2418 4012 2633 4080 primam
2665 4011 2824 4064 veluti

570 4098 918 4154 conditionem
966 4096 1176 4165 gratiae
1222 4095 1357 4148 inter
1393 4093 1701 4147 dissidentes
1739 4092 2112 4162 componendae
2152 4093 2204 4146 in
2230 4109 2290 4145 eo
2328 4091 2674 4145 collocandam
2711 4107 2825 4144 esse

571 4194 869 4244 censemus,
924 4181 985 4230 ut
1024 4175 1207 4228 ambae
1245 4177 1438 4242 parteS,
1495 4175 1697 4228 sincera
1744 4173 1843 4227 fide
1894 4178 2048 4243 atque
2097 4190 2160 4226 ex
2198 4173 2364 4226 animo
2402 4171 2825 4237 reconciliandae,

567 4265 694 4314 ante
732 4258 907 4313 omnia
948 4272 1007 4310 se
1050 4257 1187 4308 inter
1236 4271 1291 4308 se
1329 4256 1535 4325 propius
1570 4258 1789 4308 noscant
1827 4270 1888 4307 ac
1924 4254 2152 4307 vicissim
2202 4256 2343 4306 recte
2395 4252 2714 4318 intelligant;
2768 4257 2826 4304 ut

566 4341 734 4394 altera
771 4336 1002 4393 alterins
1042 4336 1201 4388 ritum
1238 4340 1291 4387 et
1329 4351 1412 4389 res
1449 4350 1640 4402 omneS,
1679 4350 1809 4404 quae
1849 4350 1909 4386 eo
1947 4337 2200 4402 spectant,
2254 4332 2362 4384 dies
2401 4331 2579 4395 festos,
2612 4330 2823 4398 jejunia,

565 4419 927 4476 caeremonias
981 4431 1235 4484 omneque
1286 4416 1494 4484 pietatis
1540 4431 1729 4484 genus,
1784 4414 2060 4482 diligenter
2096 4412 2344 4478 addiscat,
2383 4410 2628 4466 benevole
2667 4410 2819 4464 inter·

560 4506 816 4576 metetur,
838 4490 933 4555 ‘ex
971 4509 1144 4568 aequo
1180 4496 1435 4564 aestimet,
1474 4497 1755 4569 meritoque
1793 4495 1984 4547 honore
2021 4495 2377 4566 prosequatur.
