3514 5391
829 482 1076 553 Κυριακὴ
1114 486 1216 536 τοῦ
1253 482 1478 553 Πάσχα.
1534 483 1804 539 Dominica
1841 482 2271 539 ResurrectioniS.
2567 484 2675 540 323

433 680 685 737 costario
752 696 980 753 quoque
1034 681 1351 739 illustriori
1406 681 1675 755 exemplo
1732 681 2124 754 plurimorum
2176 681 2587 739 damnatorum
2638 697 2675 739 a

355 807 360 811 .
431 758 687 831 Christo,
727 769 793 819 ut
828 762 936 831 ait,
977 762 1052 827 ab
1090 759 1324 820 inferno
1362 762 1807 836 redemptorum
1845 761 2198 820 confirmare
2238 761 2467 820 nititur.
2539 759 2678 819 Sta·

429 847 557 900 tuto
596 841 750 898 enim
791 842 852 899 in
890 842 1177 901 hodierno
1214 843 1537 916 synaxario
1589 842 1933 903 discrimine
1984 844 2147 902 inter
2191 844 2514 915 rationem,
2569 860 2675 913 qua

427 921 760 992 Redemptor
796 923 1015 977 animas
1050 922 1397 989 Sanctorum,
1433 924 1529 994 qai
1563 924 1631 978 ab
1669 925 1799 979 orbe
1837 924 2046 979 condito
2073 926 2330 995 suerunt,
2366 924 2435 978 ab
2472 925 2676 995 infero-

426 1017 548 1055 rum
589 1001 823 1056 Domino
860 1002 1123 1059 violenter
1158 1005 1437 1060 custodiae
1472 1005 1816 1075 mancipatas
1851 1005 2122 1072 liberavit,
2160 1011 2224 1063 et
2259 1004 2582 1063 liberation

428 1096 661 1150 eorum,
719 1082 818 1154 qui
855 1098 1030 1155 quum
1068 1101 1252 1159 usque
1302 1085 1381 1144 ad
1418 1086 1583 1144 vitae
1638 1086 1863 1145 exitum
1912 1092 2261 1161 peccatores
2313 1092 2490 1159 atque
2539 1091 2582 1143 11

423 1162 632 1234 poenis
672 1164 939 1222 aeternis
990 1166 1217 1224 addicti
1270 1164 1551 1239 fuissent,
1610 1166 1852 1225 Christo
1905 1165 1965 1225 in
2015 1165 2249 1226 inferno
2299 1166 2582 1240 praedica

427 1242 758 1301 credidisse
817 1250 881 1302 et
917 1245 1004 1304 sic
1042 1246 1237 1318 erepti
1277 1264 1408 1305 esse
1460 1248 1853 1321 perhibentur
1905 1265 1977 1307 ex
2015 1264 2255 1306 numero
2294 1263 2523 1319 eorum,
2581 1282 2582 1291 κ

424 1330 675 1396 propter
712 1340 875 1382 suam
915 1325 1402 1386 incredulitatem
1442 1327 1569 1386 sine
1596 1346 1699 1403 spe
1737 1329 1866 1386 ulla
1904 1328 2119 1386 salutis
2146 1329 2208 1385 in
2233 1326 2442 1385 iisdem
2484 1332 2582 1385 aet

425 1404 513 1462 nis
553 1406 764 1477 poenis
801 1406 1005 1464 relicti
1042 1413 1208 1479 sunt3
1247 1406 1626 1467 manifestum
1666 1414 1778 1473 est.
1831 1408 2141 1482 synaxarii
2180 1414 2482 1467 auctorem
2525 1407 2579 1478 ej

430 1483 563 1541 dem
605 1484 929 1543 haereseos
967 1495 1170 1545 notam
1208 1487 1311 1546 vix
1349 1487 1791 1562 subterfugere.

604 1590 705 1649 En
742 1591 874 1666 ipsa
913 1592 1041 1665 ejus
1079 1595 1297 1653 verba:

531 1688 631 1758 Ἑν
668 1689 837 1763 ταύτῃ
867 1689 1035 1744 πάλιν
1070 1692 1124 1757 ἐξ
1148 1691 1390 1761 οὐρανοῦ
1414 1711 1505 1745 κα·
1718 1694 1855 1753 Hoc.
1897 1694 1992 1753 die
2018 1710 2252 1753 rursum
2293 1694 2364 1752 de
2393 1694 2559 1753 coelo

426 1769 628 1834 ταβᾰς,
694 1775 761 1844 τῇ
817 1771 1002 1843 μήτρᾳ
1062 1776 1155 1869 tftc
1208 1777 1504 1843 Παρθένου
1614 1775 1905 1833 scendens
1953 1776 2014 1833 in
2052 1780 2222 1833 utero
2258 1774 2532 1846 Virginis
2577 1776 2582 1833 ἶ

424 1849 677 1917 ἐνῴκησε·
731 1854 820 1902 καὶ
872 1856 979 1905 νῦν
1029 1852 1090 1905 τό
1144 1852 1505 1924 ἀνθρώπινον
1612 1855 1849 1928 bitavit,
1885 1860 1948 1913 et
1973 1872 2126 1914 nunc
2153 1872 2339 1928 genus
2365 1855 2582 1914 human

426 1929 689 2000 σύμπαν
757 1935 869 1985 τῶν
919 1936 1019 1985 τοῦ
1068 1932 1209 2000 ᾅδου
1257 1933 1507 2005 ἀρπάσας
1616 1953 1784 1995 omne
1839 1938 1914 1994 ab
1966 1934 2219 1995 infernis
2267 1936 2542 1995 cavernis

425 2016 754 2081 πυθμένων
796 2016 873 2072 εἰς
911 2013 1181 2084 οὐρανούς
1216 2014 1503 2080 ἀνεβίβασε
1612 2022 1847 2090 reptum
1888 2018 1946 2075 in
1987 2018 2182 2076 coelos
2217 2017 2477 2088 advexit,
2518 2023 2581 2074 et

424 2095 511 2143 καὶ
551 2092 696 2164 πρὸς
732 2093 793 2145 τό
820 2092 1065 2164 ἀρχαῖον
1089 2094 1308 2166 ἀξίωμα
1333 2096 1503 2166 ἤγαγε
1611 2098 1927 2171 pristinam
1968 2097 2561 2169 incorruptibilitatis

427 2176 515 2239 τῆς
550 2173 898 2245 ἀφθαρσίας.
974 2176 1134 2242 Πλὴν
1170 2176 1406 2243 καταβάς
1433 2181 1508 2237 εἲς
1612 2178 1905 2250 gnitatem
1922 2177 2209 2237 traduxit.
2248 2178 2582 2239 Verumtan

421 2253 588 2321 ᾅδην,
653 2254 721 2307 οὐ
772 2255 985 2315 πάντας
1018 2256 1331 2324 ἀνέστησεν,
1389 2258 1503 2310 ἀλλ’
1616 2259 1693 2317 ad
1750 2257 2048 2318 infernum
2106 2259 2505 2330 descenden8‚
2569 2277 2582 2316 ι

426 2333 547 2386 ὅσοι
604 2339 904 2388 πιστεῦσαι
962 2337 1109 2404 αὐτῷ
1169 2337 1507 2410 ᾐρετίσαντο·
1616 2357 1814 2398 omnes
1835 2342 2016 2401 .vitae
2055 2340 2354 2406 restituit,
2413 2340 2519 2398 sed
2568 2358 2582 2396 ε

428 2414 520 2474 τάς
546 2414 606 2469 δὲ
630 2417 827 2485 ψυχάς
853 2421 963 2471 τῶν
982 2418 1076 2471 ἀπ’
1100 2423 1296 2479 αἰῶνος
1313 2418 1506 2493 ἁγίων,
1616 2421 1715 2495 qui
1754 2421 1847 2480 illi
1874 2422 2124 2480 credere
2151 2422 2483 2480 voluerunt.
2535 2420 2582 2479 A

428 2499 617 2558 βιαίως
652 2502 1034 2568 κρατουμένας
1058 2500 1206 2572 παρά
1235 2505 1332 2553 τοῦ
1351 2500 1507 2568 ᾅδου,
1618 2519 1745 2560 mas
1759 2519 1903 2561 vero
1919 2501 2290 2568 Sanctorum,
2316 2501 2413 2573 qui
2435 2502 2511 2558 ab
2539 2518 2582 2558 ο]

427 2575 788 2646 ἠλευθέρωσε,
829 2582 921 2631 καὶ
957 2584 1092 2632 πᾶσι
1131 2580 1328 2634 δέδωκε
1374 2581 1511 2650 πρὸς
1619 2582 1855 2641 condito
1906 2582 2176 2654 fuerunt,
2229 2583 2305 2640 ab
2357 2580 2582 2639 inseror

430 2657 705 2728 Οὖθανούς
739 2658 971 2719 ἀνιέναι.
1616 2662 1873 2723 1)οωίηο
1889 2664 2185 2726 violenter
2201 2662 2581 2722 custodiaem

1618 2744 1878 2818 cipata8‚
1936 2745 2245 2810 liberavit,
2306 2743 2582 2800 omnibus«

1615 2822 1972 2882 facultatem
2008 2822 2173 2893 fecit,
2226 2828 2293 2882 ut
2343 2840 2582 2881 remear

1618 2905 1695 2963 ad
1734 2905 1948 2964 coelos.

614 3000 812 3074 Quum
855 3008 1055 3059 autem
1095 3019 1167 3059 ex
1208 3000 1465 3060 Graecis
1505 3003 1798 3076 sequioris
1827 3002 2049 3062 aetatis
2075 3004 2213 3075 sint,
2250 3002 2350 3077 qui
2375 3002 2527 3062 adeo
2554 3019 2582 3061 c

434 3078 696 3139 fidenter
736 3081 810 3139 de
851 3080 1130 3140 efficacia
1166 3082 1340 3154 huius
1377 3084 1852 3157 praedicationis
1891 3083 2118 3142 Christi
2157 3085 2313 3158 apud
2339 3082 2564 3142 inferos

435 3167 710 3233 quantur,
737 3168 807 3220 ut
836 3180 948 3220 non
974 3163 1157 3220 solum
1181 3163 1497 3221 Platonem
1523 3164 1934 3237 philosophum
1960 3164 2119 3221 inter
2143 3166 2451 3223 beatorum
2482 3180 2582 3221 coe

438 3241 794 3302 collocatum
834 3243 1053 3315 dicant,
1098 3245 1250 3316 quod
1290 3262 1500 3320 nempe
1540 3251 1681 3304 tunc
1720 3245 1780 3302 in
1807 3244 2271 3319 Redemptorem
2310 3245 2582 3304 credidis=

439 3321 542 3378 sed
571 3328 634 3381 et
660 3323 853 3396 ipsum
871 3322 919 3382 J
920 3324 1095 3382 udam
1125 3324 1647 3383 comminiscantur
1673 3326 1808 3383 ideo
1836 3324 2065 3383 Christi
2093 3331 2340 3384 mortem
2370 3343 2582 3399 suspen

441 3402 847 3475 praevenisse,
904 3404 1056 3477 quod
1107 3403 1445 3464 Salvatoris
1496 3406 1762 3466 adventu
1811 3406 1997 3463 sciret
2047 3407 2301 3465 omnium
2355 3424 2426 3464 ex
2466 3404 2582 3464 infe

440 3482 642 3554 poenis
682 3483 939 3541 salutem
978 3483 1335 3555 futuram¹):
1392 3485 1551 3545 haud
1590 3488 1697 3544 abs
1736 3503 1804 3543 re
1843 3483 2052 3552 fuerit,
2109 3487 2334 3544 claram
2377 3487 2578 3558 exposi

441 3577 571 3618 nem
612 3562 928 3622 doctrinae
970 3565 1302 3624 catholicae
1357 3583 1429 3625 ex
1464 3566 1901 3626 Benedicto
1939 3566 2062 3627 ΡΡ.
2104 3565 2270 3627 XIV.
2320 3566 2417 3624 hic
2467 3567 2582 3624 ads«

445 3738 615 3778 errore
655 3741 870 3794 prorsus
908 3727 1266 3795 abhorruisse3
1325 3728 1379 3784 in
1430 3729 1726 3783 authentico
1779 3745 1872 3782 suo
1904 3730 2021 3799 jure
2061 3729 2195 3783 enim
2246 3727 2582 3783 solemniter

446 3803 716 3870 fitebatur‚
763 3806 960 3874 qravia
987 3810 1214 3877 peccata
1254 3806 1490 3862 emortui
1534 3824 1639 3862 non
1678 3808 1891 3863 remitti
1925 3808 2202 3879 liturgiis,
2253 3808 2582 3877 eleemosyni.

438 3884 713 3953 precibus,
751 3885 893 3954 quod
917 3886 1071 3941 Deus
1095 3888 1410 3942 obserasset
1419 3893 1642 3959 portam
1658 3889 1927 3960 paradisi
1951 3889 2219 3944 adversus
2243 3889 2415 3953 illum,
2453 3903 2582 3957 quoa

448 3964 573 4018 talis
608 3965 903 4037 defunctus
952 3968 1368 4022 consolationem
1419 3985 1523 4023 non
1574 3970 1844 4040 accivere!
1894 3986 1966 4022 ex
2017 3970 2132 4024 illis
2179 3969 2211 4040 (
2207 3968 2438 4024 Praecla
2488 3984 2579 4021 seu

452 4043 750 4115 dreptarea
788 4046 979 4116 ledam
1016 4064 1059 4102 c.
1100 4048 1246 4116 158).

632 4127 671 4193 ¹)
711 4125 842 4196 Legi
881 4128 943 4181 dc
982 4128 1078 4182 hoc
1115 4130 1362 4198 figmento
1410 4135 1626 4200 possunt
1663 4129 2261 4200 TheophylactuS,
2311 4128 2573 4197 Bulgar

451 4207 1027 4277 archiepiscopus
1064 4210 1271 4264 saeculo
1310 4212 1394 4276 11,
1448 4210 1504 4264 in
1543 4210 1739 4264 Mami.
1781 4225 1826 4264 c.
1864 4211 1932 4265 27
1986 4211 2142 4279 (apud
2180 4211 2379 4277 Migne,
2435 4209 2577 4281 Patr.

452 4292 571 4340 tom.
611 4288 736 4356 124,
775 4304 821 4357 p.
861 4289 1018 4355 295);
1057 4288 1507 4359 Theophanes
1544 4290 1947 4355 Gemmeus,
1987 4289 2187 4343 Homil.
2216 4289 2291 4342 27
2329 4288 2472 4354 (ibid.
2502 4294 2539 4341 t.
2577 4294 2582 4339 ἶ

452 4380 532 4434 pp.
570 4368 911 4435 577—578),
964 4368 1220 4438 Glycas
1270 4375 1322 4423 et
1359 4371 1745 4424 Ammonius
1799 4386 1832 4422 a
1867 4369 2091 4423 Leone
2130 4369 2400 4423 Allatio
2450 4368 2582 4422 relat

456 4445 729 4503 Bramme
767 4448 1162 4516 ParacleticeS,
1197 4466 1280 4504 nn.
1320 4452 1622 4505 324—326.

2384 4539 2487 4592 21*
