3514 5391
875 491 981 544 396

872 689 984 770 τῆς
1013 691 1142 750 τῶν
1172 685 1352 771 ιῦριῦν
1396 687 1505 753 καὶ
1528 694 1656 754 τῶν
1677 697 1943 778 τροπῶν

872 780 1217 872 ἐναλλαγῆς
1283 781 1469 872 ἑτέρα
1539 787 1654 877 τὴν
1722 786 1944 875 ἑτέραν

872 880 1259 965 διαδέχεται,
1323 883 1489 951 ούτω
1537 886 1614 976 δὴ
1667 887 1778 954 καὶ
1826 887 1940 955 ἐπὶ

870 982 981 1065 τῆς
1042 976 1329 1070 Εκκλησι
1333 1007 1410 1061 ας
1471 979 1658 1072 εορτὴ
1721 982 1942 1078 ἑορτὴν

871 1075 1320 1169 διαδεχομένη,
1384 1080 1585 1161 οὕτως
1631 1083 1793 1174 ἡμᾶς
1846 1083 1941 1166 εἰς

870 1173 1144 1266 ἄλληλας
1157 1179 1601 1297 παραπέμποι
1597 1205 1694 1250 ·.σι
1701 1183 1938 1275 Πρῴην

866 1298 984 1357 μεν
1029 1268 1141 1340 οἶν
1170 1274 1577 1365 ὲωρτάσαμεν
1605 1282 1722 1348 τὸν
1747 1304 1938 1350 σταυ-

865 1369 997 1456 ρόν,
1031 1397 1107 1438 το
1140 1373 1385 1462 πάθος,
1415 1375 1528 1467 τὴν
1558 1378 1933 1465 ἀνάστασιν,

863 1469 1027 1552 μετὰ
1080 1477 1284 1538 ταῦτα
1343 1475 1456 1565 τὴν
1513 1473 1606 1556 εἷς
1664 1478 1936 1567 οὖρανόν

865 1567 1098 1634 α’νοδον
1125 1578 1239 1636 τοῦ
1262 1567 1561 1662 Κυρίους
1530 1583 1702 1665 ημῶν
1734 1578 1937 1669 Ἰησοῦ

865 1672 1175 1755 Χριστοῦ·
1235 1671 1507 1761 σήμερον
1566 1675 1636 1742 δὲ
1697 1676 1936 1766 λοιπὸν

860 1760 953 1843 εἷς
1000 1765 1155 1834 αὐτὸ
1215 1767 1292 1835 τι)
1336 1770 1522 1850 τέλος
1565 1773 1810 1867 ὖπηντῄ
1800 1798 1933 1844 σα·-

859 1887 976 1948 μεν
1003 1870 1135 1931 τῶν
1162 1865 1449 1955 ἀγαθῶν,
1482 1867 1575 1950 εἷς
1604 1872 1798 1965 αἰτὴν
1820 1876 1934 1964 τὴν

858 1962 1259 2083 ιςιητρόπολιν
1334 1966 1722 2093 ἐφθάσαμεν
1801 1981 1931 2041 τῶν

859 2056 1114 2148 ἑορτῶν,
1162 2059 1255 2143 εἷς
1302 2066 1494 2134 αὐτὸν
1536 2069 1652 2136 τὸν
1681 2073 1933 2160 καρπὸν

859 2159 1353 2247 παρεγενόμεθα
1397 2172 1509 2256 τῆς
1537 2175 1654 2236 τοῦ
1686 2167 1934 2258 Κυρίου

779 2295 784 2300 ·
857 2254 1257 2343 ἐπαγγελίας.
1352 2263 1515 2332 Ἕαν
1537 2267 1673 2357 γαρ
1703 2269 1933 2337 ἀπέλ-

862 2357 974 2420 θω
991 2356 1298 2448 ,φησίν,
1333 2358 1507 2448 ἐγώ,
1534 2364 1933 2436 ἄλλονΠα

855 2451 1233 2545 ράκλητον
1262 2460 1546 2552 πέμψω
1574 2465 1929 2551 ὑμῖν,καὶ

858 2549 991 2618 ουκ
1026 2552 1174 2644 α’φι
1185 2579 1285 2623 σω
1310 2559 1500 2644 ὑμᾶς
1523 2562 1921 2652 ὀρφανούς.

856 2646 1084 2720 Είδετε
1118 2653 1529 2746 κηδεμονίανς
1573 2658 1781 2731 είδετε
1811 2688 1922 2755 φι-

853 2750 1281 2839 λανθρωπίαν
1301 2756 1587 2848 ἄφατον,
1614 2762 1760 2851 Πρὸ
1781 2766 1919 2831 τού-

855 2872 981 2914 των
1036 2856 1166 2917 τιῦν
1211 2852 1456 2942 ἡμερῶν
1501 2859 1781 2949 ἀνῆλθεν
1824 2860 1920 2942 εἷς

852 2944 927 3011 οἰ·
928 2947 1137 3033 ρανόν,
1162 2952 1277 3017 τὸν
1292 2957 1692 3037 βασιλικὸν’
1651 2984 1754 3025 ανε
1746 2960 1922 3046 ’λαβε

858 3044 1125 3131 θρόνον,
1218 3050 1333 3141 τὴν
1397 3050 1474 3119 ἐν
1550 3056 1732 3145 δεξιᾷ
1805 3067 1921 3126 τοῦ

851 3145 1115 3232 Πατρός
1180 3149 1509 3240 καθέδραν
1577 3153 1917 3247 ἀπείληφε,

850 3240 958 3306 καὶ
981 3265 1256 3332 σνμερον
1272 3274 1350 3336 ημ
1357 3253 1420 3315 ἶν
1436 3250 1550 3341 τὴν
1567 3252 1724 3320 ἐπιδ
1731 3280 1831 3343 νμι
1842 3282 1920 3322 αν

847 3345 964 3405 τοῦ
1007 3343 1180 3410 Πνει
1174 3370 1387 3430 ματος
1429 3355 1548 3415 τοῦ
1591 3347 1774 3437 ἁγίου
1800 3379 1916 3436 χα-

846 3432 1109 3524 ρίζεται,
1140 3443 1248 3508 καὶ
1276 3444 1366 3510 δι’
1394 3446 1589 3515 αυτοῦ
1617 3450 1700 3516 τὰ
1720 3448 1917 3540 μυρία

851 3534 995 3624 ἣμῖν
1041 3537 1176 3606 απὸ
1221 3548 1350 3608 τῶν
1381 3544 1664 3634 οὖρανιῦν
1692 3548 1916 3635 ἀγαθὰ

850 3640 1120 3725 χορηγεῖ.
1224 3636 1304 3706 Τί
1362 3644 1513 3730 γάρ,
1576 3641 1725 3714 εἶπέ
1777 3673 1911 3734 μοι,

844 3738 972 3798 τῶν
1016 3739 1406 3819 συνεχόντιυν
1449 3743 1563 3833 τὴν
1596 3742 1916 3836 σωτηρίαν

845 3830 958 3920 τὴν
1025 3833 1330 3924 νμετέραν
1397 3840 1539 3923 οὐχὶ
1618 3843 1726 3910 διὰ
1797 3852 1915 3912 τοῦ

844 3928 1221 4017 Πνεύματος
1278 3934 1427 4023 ημῖν
1470 3940 1910 4033 ῳκονόμηταις

843 4027 954 4094 διὰ
996 4029 1228 4098 τούτου
1255 4034 1548 4117 δουλείας
1574 4039 1909 4108 απαλλατ-

841 4151 917 4191 τι
900 4124 1130 4211 μεθα,
1200 4128 1295 4212 εἷς
1357 4133 1730 4226 ἐλευθερίαν
1792 4164 1909 4206 κα-

840 4223 1157 4311 λούμεθα,
1190 4226 1284 4310 εἷς
1310 4228 1652 4302 υιοθεσίαν
1675 4237 1905 4323 ἀναγό·

837 4328 1037 4408 ιιεθα,
1085 4325 1194 4394 καὶ
1240 4328 1515 4419 ἀνωθεν,
1561 4335 1649 4414 ὡς
1674 4331 1904 4417 εἰπεῖν,

840 4421 1418 4514 ἅναπλαττόμεθα,
1464 4432 1541 4499 τὸ
1585 4433 1752 4522 βαρὺ
1797 4435 1906 4501 καὶ

1587 494 1747 549 Festa
1784 496 1991 551 mobilia
2028 503 2147 566 post
2184 498 2401 553 Pascha.

2051 695 2323 762 diernuS.
2390 697 2554 763 Nam
2591 699 3107 783 quemadmodum

2049 794 2111 859 in
2159 803 2425 878 quatuor
2470 787 2611 861 anni
2674 795 3108 882 tempestatum

2050 913 2123 959 ac
2204 893 2604 961 solstitiorum
2698 895 3110 961 vicissitudine

2050 991 2224 1058 alteri
2271 992 2552 1058 succedit
2598 992 2821 1058 altera:
2887 993 2977 1060 sic
3022 995 3107 1060 ni-

2050 1092 2272 1157 mirum
2325 1097 2386 1157 et
2433 1093 2495 1157 in
2543 1091 2826 1158 Ecclesia
2865 1092 3108 1158 Domini

2048 1191 2349 1256 festivitas
2413 1192 2563 1256 dum
2609 1191 2930 1256 festivitati
2975 1212 3109 1256 suc-

2046 1290 2227 1367 cedit,
2256 1291 2329 1355 ad
2362 1310 2500 1356 sese
2525 1295 2739 1356 mutuo
2771 1311 2886 1357 nos
2915 1295 3109 1355 trans-

2045 1390 2315 1456 mittunt.
2381 1388 2603 1474 Nuper
2646 1389 2855 1473 itaque
2886 1387 3109 1454 festum

2045 1485 2262 1554 Crucis
2277 1487 2745 1567 celebravimus,
2775 1486 3108 1564 Passionis,

2044 1584 2573 1665 ResurrectioniS,·
2609 1607 2682 1652 ac
2729 1587 2956 1652 deinde
2986 1586 3109 1651 Do-

2047 1682 2194 1748 mini
2263 1683 2459 1749 nostri
2530 1685 2680 1750 Jesu
2750 1683 2983 1750 Christi
3054 1683 3108 1748 in

2043 1782 2249 1848 coelos
2311 1783 2663 1860 Ascensus3
2728 1782 2916 1848 hodie
2978 1786 3108 1848 tan·

2041 1882 2186 1947 dem
2243 1883 2319 1946 ad
2368 1881 2571 1966 ipsum
2621 1880 2869 1947 culmen
2919 1880 3109 1946 bono-

2041 2001 2177 2045 rum
2209 1981 2482 2066 provecti
2515 2000 2751 2057 sumnS,
2804 1980 2880 2045 ad
2911 1978 3106 2064 ipsam

2043 2078 2433 2163 metropolim
2458 2080 2757 2145 festorum
2781 2077 3106 2154 evasimuS,

2045 2178 2120 2242 ad
2167 2176 2438 2242 fructum
2500 2172 2700 2263 ipsum
2765 2173 3109 2242 dominicae

2047 2273 2474 2360 promissionis
2532 2274 2945 2359 pervenimus.
3040 2271 3112 2337 Si

2049 2374 2213 2438 enim
2242 2373 2478 2454 abiero,
2526 2374 2744 2458 inquit,
2776 2394 2882 2458 eqo
2913 2371 3110 2435 alium

2043 2472 2443 2536 Paracletum
2486 2471 2736 2536 mittam
2779 2469 2990 2550 vobis,
3054 2478 3109 2533 et

2034 2593 2164 2633 non
2206 2569 2563 2656 relinquam
2621 2592 2731 2634 vos
2785 2569 3103 2656 orphanos

2033 2669 2260 2754 (Joan.
2320 2670 2424 2734 16.
2476 2668 2567 2755 7).
2678 2666 2920 2734 Videtis
2979 2668 3100 2733 sol-

2029 2767 2410 2834 licitudinem
2423 2768 2465 2845 ‘?¹
2482 2767 2705 2833 videtis
2722 2765 3095 2832 ineffabilem

2030 2867 2525 2952 benignitatem?
2576 2867 2757 2937 ,Ante
2802 2865 2918 2930 hos
2964 2866 3107 2936 dies·
3206 2866 3215 2875 “

2029 2966 2095 3038 in
2156 2965 2395 3035 coelum
2464 2964 2773 3040 ascendit,
2856 2963 3093 3049 regium

2029 3062 2322 3139 thronum
2356 3056 2359 3059 ’
2388 3063 2653 3147 rec-epit,
2735 3063 2950 3127 sedem
3018 3063 3093 3126 ad

2028 3160 2232 3230 Patris
2293 3160 2608 3237 dextera-m
2670 3157 3090 3245 recuperavit3

2027 3263 2089 3324 et
2135 3258 2319 3327 hodie
2365 3258 2546 3324 nobis
2592 3257 2789 3324 sancti
2828 3257 3092 3344 Spiritus

2027 3359 2354 3431 adventum
2373 3354 2649 3443 largitur,
2674 3378 2745 3423 ac
2762 3357 3089 3442 peripsum

2023 3457 2101 3525 de
2149 3456 2338 3522 coelis
2384 3460 2678 3522 sexcenta
2720 3456 2904 3543 nobis
2932 3455 3089 3521 bona

2023 3555 2398 3640 suppeditat.
2448 3554 2606 3636 Quid
2626 3553 2813 3632 enim,
2839 3574 3083 3638 quaeSO,

2023 3673 2257 3732 eorum,
2286 3653 2511 3739 quibus
2532 3651 2699 3719 salus
2718 3657 2933 3718 nostra
2948 3674 3085 3718 con-

2021 3751 2269 3831 tinetur,
2317 3772 2442 3817 non
2489 3772 2604 3837 per
2629 3751 2927 3837 Spiritum
2963 3752 3083 3816 dis-

2020 3856 2348 3935 pensatum
2374 3856 2469 3916 est
2492 3850 2719 3916 nobis?
2752 3871 2865 3935 per
2883 3850 3079 3934 ipsum

2019 3969 2056 4013 a
2086 3950 2381 4015 servitute
2411 3948 2767 4027 liberamur,
2802 3949 2865 4014 in
2900 3949 3079 4013 liber-

2016 4050 2208 4113 tatem
2240 4067 2551 4123 vocamur,
2600 4048 2664 4113 in
2687 4048 3076 4132 adoptionem

2015 4146 2399 4221 deducimur,
2467 4166 2536 4211 ac
2586 4148 2819 4224 denuo,
2886 4150 2955 4209 ut
2997 4144 3079 4208 ita

2015 4243 2238 4326 dicam,
2287 4243 2601 4330 fingimur,
2664 4264 2855 4329 grave
2902 4242 3073 4309 foeti-

2013 4341 2729 4426 dumque'peccatorum
2776 4361 2932 4407 onus
2973 4341 3073 4404 de-

2012 4439 2336 4524 ponimus:
2408 4459 2519 4525 per
2577 4438 2878 4526 Spiritum
2939 4459 3073 4506 san·
