3514 5391
841 490 950 545 284
1580 461 1739 543 Festa
1776 489 1988 543 mobilia
2026 493 2143 558 post
2179 488 2396 543 Pascha.

1275 601 2311 608 Ἤπῴ-ῇ-ῄ---

1016 690 1059 752 Ι
1067 689 1134 755 V.
1186 689 1285 753 De
1330 690 1520 780 veris·
1542 712 1618 752 ac
1661 689 1981 774 qermanis
2027 686 2385 753 rationibus
2424 688 2616 753 trium
2636 687 2884 765 borum,
2931 707 3091 771 quae

833 809 918 868 ex
964 786 1307 851 traditione
1354 788 1706 852 christiana
1737 787 2064 852 Paschatis
2094 782 2373 873 οὖσιώδη
2416 797 2584 872 sunt,
2632 784 3087 849 elementorum.

1025 928 1316 1009 Quaeris,
1365 931 1568 1015 inquit
1614 951 1664 997 S.
1714 930 2494 1018 AugustinuS,‚epist.
2544 930 2679 1015 (55.
2730 929 2880 994 alias
2933 927 3089 1010 119)

839 1028 926 1092 ad
971 1028 1415 1116 inquisitiones
1459 1029 1795 1108 Januarii‚
1844 1029 1885 1094 l.
1936 1030 1976 1093 2
2001 1029 2071 1114 ¹),
2138 1051 2296 1115 quae
2343 1052 2537 1093 causa
2584 1029 2685 1108 sit,
2749 1051 2861 1104 cur
2906 1026 3087 1091 anni-

834 1128 1156 1192 versarius
1202 1127 1339 1192 dies
1384 1127 1803 1192 celebrandae
1852 1128 2225 1192 Dominicae
2266 1128 2592 1214 passionis
2636 1148 2767 1190 non
2813 1124 2902 1189 ad
2943 1148 3084 1190 eun·

837 1224 976 1289 dem
1020 1226 1241 1290 redeat
1303 1227 1461 1290 anni
1506 1226 1692 1305 diem,
1759 1228 1921 1291 sicut
1982 1225 2140 1305 dies,
2209 1250 2334 1313 qua
2395 1225 2679 1290 traditur
2734 1234 2965 1289 natus.-
3029 1233 3088 1286 et

834 1322 1064 1389 deinde
1110 1323 1471 1416 subjunqis:
1518 1325 1576 1389 si
1619 1325 1730 1388 hoc
1760 1324 1846 1409 fit
1881 1335 2151 1411 propter
2178 1324 2506 1389 sabbatum
2553 1333 2613 1387 et
2644 1321 2883 1402 lunam,
2932 1321 3087 1408 quid

832 1421 957 1486 sibi
1000 1421 1153 1488 velit
1197 1425 1266 1488 in
1313 1424 1427 1488 hac
1473 1445 1541 1486 re
1588 1422 1942 1488 observatio
1989 1423 2243 1488 sabbati
2288 1434 2348 1488 et
2392 1422 2627 1488 lunae?

1012 1530 1140 1595 Hic
1175 1532 1457 1618 primum
1503 1541 1749 1618 oportet
1793 1532 2064 1612 noveris,
2111 1530 2278 1595 diem
2322 1530 2604 1596 natalem
2646 1529 2913 1594 Domini
2954 1550 3083 1593 non

829 1629 899 1692 in
946 1640 1338 1693 sacramento
1387 1627 1728 1712 celebrari,
1792 1628 1903 1693 sed
1950 1640 2194 1694 tantum
2253 1630 2322 1694 in
2368 1630 2729 1694 memoriam
2772 1626 3080 1706 revocari,

829 1726 996 1811 quod
1041 1737 1230 1791 natus
1277 1728 1394 1808 sit,
1463 1751 1538 1792 ac
1577 1752 1700 1814 per
1745 1729 1855 1791 hoc
1901 1726 2064 1792 nibil
2110 1751 2268 1815 opus
2315 1739 2482 1807 erat,
2548 1729 2681 1792 nisi
2733 1726 3082 1791 revolutum

830 1827 988 1890 anni
1033 1824 1231 1908 diem,
1299 1850 1417 1913 quo
1465 1829 1615 1913 ipsa
1658 1848 1762 1891 res
1811 1838 1959 1891 acta
2007 1837 2126 1906 est,
2178 1827 2363 1912 festa
2421 1825 2748 1892 devotione
2809 1823 3077 1909 siqnari.

829 1925 1439 1991 Sacramentum
1486 1935 1578 1989 est
1623 1935 1833 1990 autem
1878 1925 1949 1989 in
1995 1923 2219 2011 aliqua
2265 1925 2700 2003 celebratione,
2751 1946 2951 2010 quum
2983 1923 3082 1985 rei

827 2034 1040 2109 qestae
1089 2024 1585 2088 commemoratio
1633 2025 1731 2087 ita
1759 2023 1865 2108 fit,
1930 2034 2001 2087 ut
2049 2021 2299 2109 aliquid
2345 2024 2537 2087 etiam
2583 2022 2937 2108 siqnificari
2980 2021 3074 2083 in-

826 2119 1170 2208 telliqatur,
1236 2121 1403 2207 quod
1462 2132 1676 2186 sancte
1738 2121 2179 2208 accipiendum
2241 2133 2351 2187 est.
2459 2122 2555 2185 Eo
2616 2123 2832 2207 itaque
2891 2117 3075 2183 modo

827 2221 1071 2304 aqimus
1121 2221 1383 2301 Pascha,
1433 2231 1501 2285 ut
1545 2242 1673 2284 non
1721 2218 1922 2284 solum
1966 2222 2037 2285 in
2081 2221 2444 2285 memoriam
2490 2220 2658 2306 quod
2700 2228 2938 2305 qestum
2983 2227 3076 2281 est

824 2340 1193 2397 revocemus,
1257 2319 1329 2382 id
1375 2330 1499 2400 est,
1561 2319 1728 2405 quod
1774 2329 2054 2384 mortuus
2101 2330 2196 2383 est
2249 2317 2536 2384 Christus
2597 2330 2657 2384 et
2701 2318 3071 2397 resum·e:cit,

826 2416 937 2480 sed
982 2417 1171 2481 etiam
1216 2428 1488 2496 caetera,
1551 2440 1710 2503 quae
1757 2418 1929 2482 circa
1975 2442 2052 2482 ea
2098 2427 2495 2500 attestantur,
2556 2416 2645 2482 ad
2691 2415 3074 2482 sacramenti

827 2514 1346 2600 siqnificationem
1391 2525 1741 2580 convertere
1788 2539 1917 2580 non
1962 2518 2339 2583 omittamus.
2746 2519 2749 2524 '

1006 2622 1345 2708 Postquam
1409 2624 1632 2688 deinde
1679 2624 1979 2689 vocabulo
2026 2624 2352 2690 Paschatis
2415 2628 2699 2689 accurate
2757 2620 3069 2686 declarato

828 2722 1130 2799 ostendit,
1194 2715 1532 2788 transitum
1579 2722 1656 2786 de
1702 2724 1819 2787 bac
1863 2724 1997 2788 vita
2044 2723 2305 2789 mortali
2360 2726 2432 2788 in
2478 2722 2678 2788 aliam
2721 2722 2917 2785 vitam
2960 2721 3066 2783 im-

825 2819 1154 2884 mortalem
1197 2822 1268 2885 in
1291 2823 1598 2907 passione
1646 2822 1804 2886 etin
1830 2823 2286 2887 resurrectione
2316 2822 2582 2887 Domini
2625 2817 3067 2898 commendari,

827 2940 900 2981 ac
946 2918 1417 2983 innovationem
1479 2921 1647 2985 vitae
1711 2931 1968 2985 nostrae
2027 2920 2355 3006 quemdam
2415 2921 2753 2984 transitum
2799 2939 2932 2982 esse
2991 2915 3067 2979 de

823 3026 1017 3081 morte
1065 3018 1154 3081 ad
1198 3019 1414 3097 vitam,
1463 3039 1512 3082 S.
1563 3019 1799 3084 Doctor
1845 3019 2272 3103 copiosissime
2319 3020 2592 3103 disputat
2637 3020 2715 3084 de
2764 3016 3067 3103 significa·

825 3115 990 3179 tione
1039 3116 1303 3199 mystica
1330 3115 1715 3201 singulorum
1749 3116 2196 3183 elementorum
2229 3138 2482 3183 canonls
2511 3116 2841 3202 paschaliS,
2892 3114 2954 3179 h.
2989 3134 3064 3190 e.,

814 3214 1017 3300 primi
1073 3215 1302 3280 mensis
1366 3236 1475 3280 seu
1540 3217 1771 3280 mensis
1834 3238 2167 3295 novorum,
2231 3216 2450 3280 Lunae
2498 3218 2609 3281 14.
2673 3235 2781 3279 seu
2845 3212 3065 3277 tertiae

820 3310 1249 3377 hebdomadae
1297 3313 1570 3403 ejusdem
1615 3316 1848 3379 mensis
1894 3335 2007 3380 nec
2056 3335 2176 3379 non
2229 3313 2499 3379 Sabbati
2544 3334 2655 3379 seu
2685 3313 2819 3376 diei
2847 3309 3063 3376 Domi-

825 3411 987 3489 nici,·
1066 3431 1134 3475 ac
1200 3413 1480 3489 tandem,
1550 3433 1708 3496 quae
1766 3414 1843 3478 de
1894 3414 1948 3477 vi
2022 3418 2206 3497 atque
2273 3413 2553 3479 efficacia
2619 3413 2935 3499 signorum
3003 3409 3060 3473 in

822 3509 1124 3590 ejusmodi
1187 3512 1454 3594 mystica
1501 3511 1638 3577 festi
1703 3512 2116 3577 celebratione
2176 3513 2636 3578 occurrentium
2694 3510 2911 3574 decem
2963 3527 3062 3572 ca-

819 3608 1052 3691 pitibus
1116 3609 1250 3674 fuse
1297 3610 1553 3686 dixerat,
1618 3632 1742 3675 una
1804 3609 2360 3694 comprehensione
2422 3610 2781 3695 complexus
2842 3608 2903 3673 in
2964 3627 3063 3671 ex-

820 3715 1021 3771 trema
1067 3706 1474 3791 explicatione
1537 3707 1699 3773 hanc
1766 3729 2076 3774 summam
2124 3729 2377 3774 suarum
2426 3709 2869 3795 cogitationum
2918 3705 3062 3771 facit

820 3825 873 3869 c,
928 3805 1042 3882 11,
1108 3824 1164 3870 n.
1217 3806 1320 3871 21.
1381 3804 1533 3884 „Ad
1590 3807 1794 3893 iqnem
1857 3808 2092 3870 amoris
2136 3808 2541 3872 nutriendum
2600 3818 2660 3871 et
2695 3804 3062 3894 flatandum
3122 3874 3129 3881 ‚

818 3900 1304 3987 quodammodO,
1374 3926 1492 3989 quo
1559 3915 1860 3990 tanquam
1914 3904 2197 3991 pondere
2258 3928 2506 3971 sursum
2571 3905 2669 3970 vel
2722 3907 3062 3970 introrsum

815 3997 1171 4084 referamur
1218 3999 1308 4065 ad
1329 4003 1604 4088 requiem
1651 4004 1754 4088 (in
1793 4003 2037 4088 coelis),
2086 4004 2213 4068 ista
2262 4006 2477 4069 omnia
2516 4005 2857 4091 pertinent,
2906 4025 3061 4090 quae

815 4096 998 4162 nobis
1025 4097 1304 4182 fiqurate
1351 4099 1765 4165 insinuantur
1780 4125 1805 4182 ‚·
1858 4100 2010 4188 plus
2072 4103 2236 4165 enim
2296 4114 2540 4168 movent
2600 4113 2660 4168 ct
2718 4102 3062 4167 accendunt

818 4218 1108 4278 amorem,
1158 4220 1344 4282 quam
1388 4199 1450 4261 si
1491 4198 1669 4262 nuda
1730 4201 1868 4264 sine
1912 4198 2064 4265 ullis
2112 4211 2645 4265 sacramentorum
2700 4198 3057 4265 similitudi-

821 4358 912 4366 μ.-
1027 4362 1036 4365 -
1081 4362 1112 4363 j
1211 4361 1246 4366 —

1005 4442 1042 4513 ¹)
1083 4445 1231 4517 Apud
1269 4446 1457 4517 Migne,
1497 4446 1638 4502 Patr.
1679 4449 1714 4503 l.
1752 4452 1793 4502 t.
1832 4451 1918 4517 33,
1956 4465 2041 4523 pp.
2081 4450 2185 4505 204
2223 4468 2365 4531 seqq.
