3514 5391
930 536 1105 595 Mense
1142 539 1402 610 Septemb.
1468 542 1609 599 Fest.
1649 546 1728 600 Ss,
1769 547 1998 602 Nominis
2038 551 2247 608 Mariae.

884 802 1119 852 EYXH.

473 905 604 960 Εἰς
657 902 774 957 ῐόν
824 905 1033 960 αὑτὸν
1083 910 1357 964 Φύλακα
1409 920 1517 981 τῆς

622 988 744 1038 τοῦ
780 984 1153 1055 ανθρώπου
1190 994 1370 1059 ζωῆς

544 1106 714 1177 ’Ἀγιε
761 1110 1019 1181 Ἅγγελε,
1078 1115 1109 1167 6
1159 1117 1397 1190 ἐφεστως
1443 1126 1534 1190 τῆς

440 1187 659 1249 ἀθλίας
687 1209 806 1260 μου
833 1198 1032 1262 ψυχῆς,
1071 1200 1161 1249 καὶ
1187 1201 1532 1274 ταλαιπώρου

435 1287 564 1338 μου
607 1262 764 1337 ζωῆς,
815 1293 894 1343 μη
932 1276 1288 1353 ἔγκαταλίπῃς
1323 1301 1396 1352 με
1435 1285 1536 1337 τόν

438 1349 811 1422 αμαρτωλόν
840 1356 980 1425 μηδὲ
1006 1357 1251 1434 ἀποστῇς
1272 1362 1366 1417 ἀπ’
1395 1365 1533 1435 ecem?

435 1431 538 1485 δια
554 1432 664 1499 τήν
674 1433 946 1504 ἀκρασίαν
957 1458 1087 1509 μου·
1097 1460 1139 1510 μ
1150 1463 1178 1509 η
1164 1442 1269 1496 ’.δώ
1277 1464 1332 1516 ῃς
1342 1447 1534 1515 χώραν

437 1518 519 1581 τῷ
561 1520 794 1586 πονηρῷ
829 1516 1062 1588 δαίμονι
1110 1531 1536 1599 κατακυριεῦσαί

433 1614 564 1664 αου
609 1599 675 1668 τῇ
712 1598 1149 1671 καταδυναστείᾳ
1191 1610 1288 1659 τοῦ
1322 1613 1533 1675 θνητοῦ

435 1674 659 1729 τούτου
672 1677 941 1747 ὀώματος·
953 1682 1284 1753 κράτησοντι
1278 1689 1533 1754 :camiac

433 1761 531 1808 καὶ
563 1764 904 1829 πειρωμένης
923 1764 1114 1835 χειρός
1130 1785 1261 1836 μου,
1288 1773 1378 1822 καὶ
1404 1770 1530 1839 6δὴ-

435 1838 631 1906 γησόν
668 1858 742 1909 με
781 1845 859 1901 εἰς
894 1842 1032 1898 ὁδόν
1059 1853 1338 1919 σωτηρίας.
1403 1857 1528 1922 Ναί,

432 1918 571 1987 ἅγιε
594 1919 832 1989 ’Ἁγγελε
858 1928 961 1978 τοῦ
990 1930 1149 1992 Θεοῦ,
1177 1926 1208 1981 6
1235 1930 1416 2000 φύλαξ
1439 1937 1528 1985 καὶ

434 2001 766 2067 σκεπαστής
816 2008 908 2070 τῆς
943 2006 1144 2068 ἀθλίας
1177 2029 1292 2079 μου
1345 2018 1529 2081 ψυχῆς

431 2082 532 2130 καὶ
555 2084 665 2134 τοῦ
685 2081 955 2153 σώματος,
982 2087 1058 2139 πό
1063 2108 1165 2142 ντα
1187 2110 1288 2161 μοι
1308 2096 1526 2162 συγχώ-

433 2175 651 2228 ρησον,
706 2161 811 2215 ὅσα
848 2178 937 2217 σοι
973 2167 1182 2237 ἔθλιψα
1217 2171 1394 2232 πάσας
1434 2174 1529 2234 neg

432 2240 662 2311 ἡμέρας
718 2247 809 2309 τῆς
858 2249 992 2313 ζωῆς
1038 2268 1182 2319 μου,
1241 2257 1331 2304 καὶ
1380 2258 1433 2310 εἴ
1475 2275 1527 2307 τι

432 2321 711 2417 ἥμαρτον
735 2324 835 2390 τήν
857 2326 1104 2399 σήμερον
1130 2331 1352 2404 ἡμέραν
1392 2339 1527 2390 Σκί-

433 2401 639 2454 πασόν
675 2422 749 2472 με
788 2407 847 2459 ἐν
871 2411 939 2480 τῇ
963 2411 1213 2510 παρούσῃ
1237 2421 1410 2479 νυκτί,
1437 2420 1526 2469 καὶ

431 2482 807 2553 διαφύλαξόν
843 2506 916 2557 με
949 2491 1060 2543 απὸ
1086 2492 1261 2561 πάσης
1284 2496 1530 2566 ἐπηρείας

433 2567 549 2617 τοῦ
595 2563 1019 2638 ᾶντικειμένου,
1079 2576 1172 2627 ἵνα
1206 2576 1285 2644 μὴ
1321 2578 1382 2631 ἔν
1419 2598 1529 2633 τινι

433 2642 815 2715 εἱμαρττξματι
861 2659 1180 2723 παροργίσω
1226 2657 1327 2712 τόν
1369 2659 1526 2715 sedv-

432 2729 534 2778 καὶ
577 2731 844 2795 πρέσβευε
896 2731 1032 2805 ὑπὲρ
1082 2736 1222 2806 ἐμοῦ
1257 2741 1393 2810 πρὸς
1429 2741 1529 2795 τὸν

435 2806 687 2877 Κύριον,
745 2814 846 2862 τοῦ
881 2811 1215 2887 ἐπιστηρίξαι
1250 2839 1321 2890 με
1361 2823 1419 2874 ἐν
1454 2826 1529 2891 τῷ

434 2886 616 2958 φόβῳ
669 2888 845 2944 αὐτοῦ
898 2897 988 2946 καὶ
1038 2897 1197 2963 αξιον
1240 2900 1531 2968 α’ναδεῖξαί

430 2987 512 3037 αε
557 2967 773 3066 (ἷοῦλον
825 2977 913 3039 τῆς
951 2975 1124 3032 αὐτοῦ
1161 2979 1522 3050 α’γαθότητος.

2608 560 2711 614 507

2203 667 2312 674 ἡ.

2021 814 2033 847 ·’
2070 812 2290 874 Gebet

1643 935 1714 972 zu
1741 921 1875 974 dem
1900 922 2260 978 numlichen
2280 923 2708 996 Schutzengel

1715 1000 1826 1055 des
1862 1001 2111 1057 Lebens
2150 1004 2259 1059 des
2286 1004 2637 1060 Menschen-

1747 1125 2033 1200 Heiliger
2050 1129 2266 1202 Engel‚
2306 1131 2383 1189 du
2405 1131 2617 1190 Aufsel

1644 1208 1874 1265 meiner
1898 1210 2354 1281 ungliicklichen
2382 1211 2558 1273 Seele
2591 1231 2617 1271 ι]

1644 1287 1869 1346 moines
1909 1290 2220 1364 unseligen
2256 1292 2527 1362 Lebens,
2579 1312 2617 1353 v

1642 1369 1765 1426 lass
1794 1370 1948 1428 mich
1976 1370 2211 1431 Siinder
2236 1373 2419 1446 nicht,
2443 1374 2563 1432 und
2585 1393 2616 1433 e

1641 1447 1813 1508 ferne
1873 1450 2010 1510 dich
2065 1453 2233 1511 nicht
2296 1471 2410 1513 von
2467 1456 2580 1514 mir

1642 1531 1871 1590 meiner
1895 1532 2510 1595 Uuenthaltsamkeit.
2552 1536 2617 1595 Gr:

1640 1612 1809 1670 nicht
1851 1611 2035 1672 Reum
2077 1615 2211 1672 dem
2249 1617 2432 1675 bosen
2452 1616 2612 1675 Diim

1641 1693 1793 1750 iiber
1848 1693 2003 1751 mich
2059 1711 2133 1752 zu
2189 1696 2468 1768 gebieten
2523 1697 2617 1755 dtu

1641 1773 1738 1832 die
1775 1773 2233 1848 UnterJ’ochung
2284 1777 2478 1836 dieses
2517 1785 2617 1836 ste:

1637 1854 1838 1913 lichen
1900 1855 2139 1914 LeibeS.
2244 1857 2453 1916 Leuke
2513 1861 2617 1918 mei

1635 1934 2089 2008 angliickselige
2110 1938 2228 1995 und
2245 1939 2617 2011 siindigeHai

1637 2014 1757 2073 und
1804 2013 1983 2074 fiihre
2035 2017 2189 2075 mich
2242 2017 2354 2076 auf
2397 2019 2508 2077 den
2551 2021 2617 2078 W

1640 2097 1744 2158 des
1782 2098 1997 2155 Heils!
2072 2099 2118 2157 J
2123 2116 2174 2170 a,
2213 2100 2472 2173 heiliger
2508 2101 2617 2174 Em

1639 2176 1880 2249 Gotte8‚
1920 2178 1995 2236 du
2034 2179 2236 2238 Hiiter
2271 2181 2390 2239 und
2426 2181 2617 2240 Besch

1640 2275 1767 2315 mer
1795 2259 2024 2318 meiner
2047 2261 2504 2333 angliicklichen
2528 2262 2617 2320 Se«

1589 2371 1596 2378 ·
1637 2339 1754 2397 und
1794 2340 2017 2398 meines
2037 2341 2280 2407 Leibes,
2318 2344 2565 2415 vergieb
2594 2363 2617 2402 n

1636 2420 1830 2492 Amas,
1870 2420 2148 2480 wodurch
2177 2424 2271 2480 ich
2299 2423 2433 2481 dich
2459 2427 2617 2483 betri

1636 2501 1794 2559 habe
1835 2502 1955 2559 alle
1989 2501 2162 2575 Tage
2203 2505 2426 2562 meines
2446 2504 2614 2564 Lebe

1636 2582 1756 2639 und
1795 2598 1918 2639 was
1956 2583 2053 2641 ich
2092 2590 2251 2642 etwa
2290 2601 2382 2642 am
2420 2586 2617 2658 heutig

1637 2663 1805 2735 Tage
1820 2663 2142 2738 gesiindigt
2154 2665 2325 2723 habe.
2351 2665 2617 2725 Beschiri

1637 2745 1791 2802 mich
1833 2745 1893 2802 in
1933 2746 2042 2804 der
2079 2746 2467 2804 kommenden
2504 2746 2617 2806 Na<

1636 2826 1756 2883 und
1793 2826 2012 2884 behiite
2051 2827 2206 2885 mich
2243 2844 2352 2885 vor
2390 2828 2548 2885 allen
2577 2827 2617 2885 A

1634 2905 1850 2977 griffen
1903 2906 2006 2965 des
2048 2907 2543 2978 Widersacher8‚
2602 2925 2617 2965 t

1634 2986 1744 3043 mit
1783 2987 1877 3044 ich
1917 2987 2085 3045 nicht
2123 2987 2307 3046 durch
2343 2989 2476 3046 eine
2503 2989 2617 3047 siin

1635 3064 1787 3123 Gott
1807 3071 2091 3139 erziirne3
2118 3069 2235 3126 und
2256 3069 2410 3127 bitte
2426 3066 2527 3127 fiir
2548 3069 2617 3127 mi

1632 3146 1730 3204 bei
1754 3147 1887 3205 dem
1904 3148 2127 3220 Herm,
2168 3147 2278 3207 auf
2292 3149 2431 3207 dass
2453 3166 2521 3207 er
2547 3150 2617 3207 mi

1633 3230 1801 3299 mog-e
1815 3226 2153 3300 befestigen
2171 3229 2232 3286 in
2248 3230 2446 3288 seiner
2457 3230 2616 3289 Fnrc

1631 3309 1751 3366 und
1778 3308 1933 3366 mich
1961 3310 2253 3369 erweisen
2282 3312 2373 3368 als
2393 3311 2617 3385 wiirdig

1629 3386 1865 3446 Diener
1879 3390 2081 3447 seiner
2095 3390 2448 3463 Giitigkeit!
2488 3391 2617 3449 Am«

633 3579 1049 3644 Dominica
1096 3582 1319 3667 infra
1374 3585 1728 3649 Octavam
1778 3587 2294 3653 Nativitatis
2339 3590 2414 3656 B.
2471 3592 2561 3653 M.

443 3677 706 3740 Festum
753 3699 832 3744 88.
887 3678 1189 3744 Nomini8
1237 3682 1517 3745 Mariae.

634 3803 883 3866 Fatum
944 3826 1027 3870 88.
1077 3804 1377 3870 Nominis
1436 3807 1678 3871 Beatae
1740 3809 1997 3874 Mariae
2071 3811 2354 3896 Virginis
2416 3813 2478 3877 in
2540 3811 2617 3878 Oc

446 3899 673 3966 chensi
721 3902 985 3967 ecclesia
1029 3904 1302 3987 primum
1351 3906 1651 3972 celebrari
1701 3909 1910 3992 coepit
1938 3930 2099 3974 anno
2137 3908 2306 3974 1513
2355 3930 2429 3975 ex
2461 3909 2617 3975 induss

445 3997 840 4082 Apostolieo,
892 4005 953 4065 et
999 4003 1283 4085 quamvis
1331 4025 1380 4070 s.
1432 4005 1582 4069 Pius
1629 4004 1761 4070 ΡΡ.
1812 4005 1888 4071 V.
1939 4008 2001 4072 in
2049 4008 2348 4073 Breviarii
2396 4009 2617 4073 reform

445 4098 622 4162 tione
669 4097 820 4163 illud
867 4099 1204 4179 sustulerit,
1256 4123 1292 4166 a
1339 4102 1510 4168 Sixto
1562 4103 1689 4168 ΡΡ.
1741 4104 1815 4170 V.
1886 4109 2094 4171 tamen
2160 4107 2432 4171 instante
2483 4105 2617 4171 Car<

447 4193 594 4259 nale
642 4194 819 4261 Deza
863 4197 1221 4264 restitutum
1267 4200 1385 4265 fuit
1433 4222 1543 4285 pro
1592 4203 1690 4268 die
1744 4204 1845 4267 17.
1898 4203 2099 4288 Sept„

447 4293 772 4377 impedito*
817 4300 959 4378 post
1024 4296 1318 4363 Octavam
1383 4299 1764 4365 Nativitatis.

2167 4224 2279 4268 ceu
2328 4204 2527 4288 primo
2575 4226 2613 4269 n

1890 4301 2129 4368 Exinde
2196 4303 2269 4365 ad
2339 4301 2617 4367 Toletanae

449 4389 784 4456 ecelesiam
831 4394 1132 4470 transivit,
1197 4416 1266 4461 ae
1316 4396 1578 4463 subinde
1635 4400 1709 4463 ad
1763 4403 1953 4465 totam
2003 4398 2372 4483 Hispaniam
2428 4419 2500 4463 ex
2550 4419 2617 4463 co

453 4489 738 4560 cessione
787 4492 1073 4577 Gregorii
1122 4493 1250 4561 ΡΡ.
1302 4494 1438 4564 XV.
