3514 5391
750 513 864 569 196
977 515 983 522 ’
1060 515 1067 522 ’
1411 512 1572 570 Festa
1606 515 1817 571 mobilia
1853 516 1905 571 in
1942 513 2364 586 Quadragesima.

2900 628 3005 637 --.

760 717 823 783 et
866 714 1025 783 seria
1067 716 1175 784 VI.
1236 715 1668 784 hebdomadae
1729 721 1986 801 quartae
2034 715 2587 803 Quadragesimae,
2652 738 2811 804 quae
2871 719 3004 804 ejus

759 815 1212 881 resuscitationi
1261 815 1588 899 specialius
1616 814 1983 882 recolendae
2013 820 2109 880 est
2139 815 2469 905 destinata.
2533 817 2817 883 Alteram
2841 815 3005 883 hanc

762 914 1189 999 conceptivam
1221 907 1878 979 commemorationem
1907 914 2138 980 idoneo
2162 916 2610 980 commentario
2636 915 3001 1026 illustratam

758 1013 896 1078 vide
943 1006 1107 1097 apud
1138 1011 1499 1079 Durand.
1550 1010 1884 1078 Rational.
1933 1011 1972 1079 l.
2025 1014 2086 1088 6,
2136 1032 2189 1080 c.
2241 1012 2346 1077 39.

936 1209 1280 1275 Sabbatum
1327 1208 1507 1295 infra
1552 1209 2008 1275 hebdomadam
2051 1210 2401 1277 Passionis.
2511 1193 2728 1276 Vacat.

936 1334 1195 1401 Celebre
1242 1335 1404 1418 apud
1452 1353 1659 1399 rerum
1689 1334 2119 1421 liturgicarum
2150 1334 2485 1421 scriptores
2513 1335 2634 1402 hoc
2659 1335 3000 1402 Sabbatum

756 1423 853 1498 est
898 1435 977 1498 ob
1026 1433 1337 1518 duplicem
1385 1433 1592 1510 ritum,
1643 1452 1828 1517 quem
1880 1433 2024 1498 olim
2056 1432 2337 1500 Romana
2385 1423 2650 1500 ecclesia
2694 1436 2999 1505 servabat

754 1531 1047 1596 nimirum
1111 1529 1511 1615 elaryitionis
1571 1531 1999 1620 eleemosynae
2059 1539 2122 1598 et
2170 1532 2640 1597 distributionis
2668 1533 2997 1620 fermenti

757 1629 852 1695 De
897 1634 1161 1713 utroque
1208 1630 1393 1695 simul
1442 1630 1569 1716 egit
1615 1628 1838 1696 Oard.
1888 1630 2370 1697 Thomasius
2416 1631 2479 1697 in
2528 1631 2657 1696 suis
2699 1634 2776 1698 ad
2810 1628 3001 1718 Capi-

757 1727 965 1794 tulare
1013 1727 1501 1812 Evangeliorum
1545 1730 1743 1808 notis,
1806 1749 1905 1814 op.
1956 1732 2000 1795 t.
2048 1729 2112 1808 5,
2175 1750 2280 1815 pp.
2328 1729 2707 1796 452—453.
2798 1730 3001 1796 Hodie

756 1826 993 1892 scilicet
1055 1826 1364 1913 generalis
1433 1826 1830 1912 eleemosyna
1894 1826 2086 1893 fiebat
2159 1829 2239 1895 ob
2307 1829 2643 1916 imm-inens
2707 1828 3001 1914 paschale

755 1925 1005 2002 festum,
1055 1929 1125 1990 ut
1173 1925 1507 2009 anticipata
1552 1926 1917 2011 elargitione
1951 1927 2328 2011 pauperibus
2361 1926 2544 1992 simul
2575 1927 3002 1994 consuleretur

756 2027 818 2087 et
862 2022 1185 2088 Pontifici:
1236 2023 1357 2088 illis
1386 2023 1657 2107 quidem,
1707 2028 1778 2088 ut
1808 2024 1927 2089 sibi
1962 2025 2284 2109 providere
2313 2029 2601 2110 possent;
2650 2024 2797 2092 huic
2832 2046 2998 2103 vero,

755 2124 822 2185 ut
868 2121 1270 2204 subsequenti
1334 2126 1549 2188 sancta
1592 2121 1991 2188 hebdomada
2035 2122 2305 2188 liberiori
2355 2124 2560 2189 animo
2616 2124 2811 2189 sacris
2857 2124 3000 2190 fun-

754 2217 1062 2283 ctionibus
1127 2218 1497 2286 intenderet.
1604 2218 1804 2285 Porro
1851 2219 2009 2286 haec
2057 2220 2316 2288 Sabbati
2370 2222 2504 2287 dies
2559 2222 2859 2307 inscripta
2903 2230 3003 2288 est

768 2314 982 2396 Vacat,
1040 2318 1204 2400 quod
1251 2318 1563 2383 Dominus
1610 2319 1798 2406 Papa
1842 2319 1953 2382 hoe
2000 2319 2104 2384 die
2155 2329 2408 2384 vacaret
2465 2318 2546 2383 ab
2594 2319 2804 2404 officio
2854 2319 2999 2385 Sta-

753 2414 994 2479 tionum
1052 2424 1112 2490 et
1157 2415 1559 2504 eleemosynis
1607 2415 1962 2502 laryiendis
2022 2420 2342 2482 insisteret
2368 2418 2451 2504 ¹),
2519 2422 2703 2504 prout
2760 2419 2996 2484 dictum

745 2513 879 2596 Jam
926 2516 1039 2577 est.
1131 2512 1285 2598 Ejus
1333 2514 1523 2580 moris
1571 2519 1813 2580 veteres
1860 2516 2193 2600 scriptores
2239 2520 2562 2601 praeterea
2605 2517 2778 2583 hanc⁴
2808 2517 2999 2582 ratio-

752 2631 899 2676 nem
960 2611 1310 2697 assignant,
1379 2613 1523 2697 quia
1580 2613 1767 2679 hodie
1826 2615 2123 2679 recitatur
2181 2613 2593 2702 Evangelium
2657 2615 2736 2679 de
2795 2613 3001 2679 Maria

753 2710 1144 2796 Magdalena,
1196 2712 1386 2795 pedes
1433 2712 1685 2777 Domini
1732 2713 1982 2797 copiose
2028 2718 2303 2800 ungente
2352 2718 2415 2779 et
2443 2712 2682 2799 capillis
2710 2714 2838 2780 suis
2870 2719 2997 2778 ter-

749 2813 957 2894 gente.
1050 2807 1208 2873 Inde
1248 2808 1664 2897 Apostolieus
1710 2812 1830 2893 vir,
1879 2811 2079 2896 iuquit
2125 2812 2411 2897 vulgatus
2443 2811 2878 2890 Alcuinus,
2926 2812 2998 2875 in

748 2907 1111 2971 memoriam
1154 2908 1593 2974 devotissimae
1639 2909 1944 2989 mulieris,
1991 2910 2283 2974 membris
2320 2908 2564 2976 Christi
2596 2909 2780 2974 hodie
2793 2909 2994 2996 facit,

750 3006 918 3093 quod
960 3007 1109 3092 ipsa
1136 3005 1309 3092 fecit
1351 3009 1587 3093 capiti:
1632 3019 1692 3073 et
1738 3007 1881 3072 ideo
1930 3033 1972 3073 a
2003 3007 2291 3074 Statione
2315 3008 2585 3096 publica
2614 3017 2819 3091 vacat,
2864 3029 2994 3073 non

752 3114 960 3168 tamen
1020 3127 1063 3167 a
1122 3102 1538 3170 celebratione
1599 3106 1875 3191 Missae,
1942 3108 2096 3193 quia
2148 3108 2291 3172 huie
2348 3108 2595 3192 neqotio
2655 3107 2898 3171 insistit
2917 3106 2992 3192 ²).

752 3200 1108 3266 Consonant
1155 3200 1571 3289 Symphos,
1602 3204 1966 3281 Amalar.,
2016 3205 2116 3269 De
2164 3204 2307 3271 ecel.
2358 3203 2521 3291 offic.
2573 3204 2609 3269 l.
2648 3206 2705 3281 1,
2756 3224 2809 3269 c.
2840 3202 2991 3287 9³);

750 3297 1094 3382 Rupert.,
1143 3299 1242 3363 De
1289 3300 1415 3368 div.
1468 3300 1630 3387 offic.
1681 3302 1720 3367 l.
1769 3302 1833 3381 5,
1884 3322 1937 3368 c.
1987 3302 2139 3388 6⁴);
2189 3301 2500 3369 Beleth.
2551 3301 2990 3367 etDurand.

748 3396 900 3461 locis
947 3396 1008 3460 in
1057 3402 1202 3462 nota
1251 3399 1484 3477 citatis;
1536 3420 1676 3465 cum
1726 3400 1952 3484 quibus
1992 3400 2390 3466 conferantur
2436 3421 2512 3466 ex
2545 3399 2994 3466 recentioribus

750 3496 851 3560 Be
874 3495 1165 3562 nedict.
1199 3496 1325 3563 PP.
1352 3498 1545 3575 XIV.,
1596 3498 1900 3585 Defestis
1926 3499 2010 3564 D.
2040 3499 2122 3565 N.
2154 3499 2222 3566 J.
2254 3497 2380 3579 Ch„
2413 3503 2573 3584 part.
2602 3500 2658 3575 1,
2691 3496 2991 3581 n.115⁵);

750 3592 818 3657 M
835 3614 1023 3659 oron
1042 3594 1062 3658 i
1083 3644 1097 3672 ,
1144 3595 1547 3675 DizionariO,
1594 3618 1649 3663 v.
1677 3594 2113 3662 elemosinaria
2144 3596 2519 3684 apostolica,
2551 3601 2594 3661 t.
2623 3597 2728 3673 21,
2758 3618 2817 3681 p.
2845 3596 2989 3661 157.

928 3701 1021 3765 De
1069 3701 1261 3767 altero
1310 3703 1515 3768 officio
1564 3704 1768 3769 eidem
1806 3703 1954 3770 huic
1987 3705 2107 3770 diei
2140 3705 2470 3789 adscripto,
2521 3702 2995 3767 distributionis

749 3799 985 3864 scilicet
1012 3799 1342 3886 fermenti,
1393 3806 1534 3886 post
1581 3800 1808 3868 Oard.
1859 3801 2375 3868 Thomasium
2427 3801 2635 3886 plures
2665 3802 2991 3885 scripsere,

748 3918 781 3963 e
830 3898 1055 3981 quibus
1101 3901 1466 3985 praecipuos
1527 3906 1836 3966 memorat
1895 3902 2096 3967 editor
2155 3921 2410 3986 operum
2479 3901 2758 3984 ejusdem
2817 3899 2992 3966 Emi-

1024 4026 1176 4034 ...-

933 4079 972 4144 ·>
1011 4076 1118 4131 cfr.
1158 4077 1423 4131 Beleth.
1463 4078 1550 4132 De
1577 4078 1740 4133 divin.
1770 4080 1912 4150 offic.
1952 4095 1997 4134 c.
2024 4079 2094 4134 92
2134 4079 2291 4149 (apud
2310 4078 2501 4148 migne,
2525 4077 2671 4133 Patr.
2691 4078 2784 4133 iat.
2805 4082 2846 4133 t.
2866 4066 2992 4146 202,

746 4172 829 4226 pp.
870 4157 1124 4225 93--94),
1164 4161 1219 4211 et
1254 4157 1537 4213 Durand.
1577 4159 1857 4214 Rational.
1895 4159 1930 4213 l.
1968 4160 2020 4225 6,
2059 4176 2102 4213 e.
2141 4159 2228 4214 66.

927 4234 969 4300 ⁹)
1011 4236 1097 4290 De
1134 4236 1333 4291 divinis
1369 4238 1588 4308 officiis,
1625 4255 1669 4293 c.
1710 4240 1778 4293 13
1818 4238 1975 4308 (apud
2002 4239 2192 4307 Migne,
2230 4238 2374 4293 Patr.
2402 4238 2502 4293 lat..
2520 4242 2561 4294 t.
2589 4241 2710 4309 101,
2737 4255 2786 4309 p.
2808 4239 2990 4308 1200).

926 4315 970 4383 ⁸)
1009 4316 1136 4371 Ibid.
1174 4324 1214 4371 t.
1256 4318 1374 4385 105,
1413 4333 1497 4387 pp.
1537 4318 1912 4374 1007—1008.

923 4396 969 4463 ⁴)
1010 4397 1137 4451 Ibid.
1175 4402 1213 4452 t.
1255 4399 1375 4465 170,
1413 4414 1497 4467 pp.
1539 4399 1841 4454 128—129.

924 4477 969 4540 ⁶)
1010 4477 1146 4531 Edit.
1185 4477 1537 4532 Bruxellensis
1572 4480 1693 4534 anni
1732 4480 1889 4539 1866.
1929 4484 1968 4533 t.
2009 4482 2058 4541 1.
2097 4495 2182 4549 pp.
2224 4481 2526 4536 128—129.
