3514 5391
794 505 864 559 78
1436 506 1596 561 Festa
1632 508 1839 562 mobilia
1877 508 1929 561 in
1966 506 2388 578 Quadragesima.

2378 622 2857 629 -..m——--—..—.„..---—
2878 624 2907 629 —-
2924 622 3031 629 —-

794 726 1133 790 eorumque
1179 724 1439 784 morem,
1490 707 1567 771 ab
1615 708 1903 771 universo
1938 706 2271 773 Occidente
2320 710 2472 790 (una
2500 709 2761 775 ecclesia
2797 710 3035 774 Medio·

793 805 1032 870 lanensi
1059 803 1345 888 excepta)
1393 804 1693 888 paulatim
1720 809 2062 890 receptum,
2112 805 2238 870 vim
2287 810 2353 871 et
2377 793 2577 872 robur
2596 807 2754 892 Iegis
2783 807 3031 872 tandem

792 904 1167 980 obtinuisse,
1231 921 1417 985 quam
1466 912 1683 987 postea
1738 903 1799 967 in
1851 901 2125 968 Concilio
2173 903 2610 969 Beneventano
2667 906 2815 969 anni
2862 904 3025 968 1091

792 1002 1060 1068 firmavit
1106 1001 1484 1066 Urbanus
1531 999 1667 1065 ΡΡ.
1715 999 1797 1066 Π.
1865 1018 2101 1067 canone
2146 1001 2280 1086 4¹).
2393 1000 2742 1081 ConfersiS,
2805 1003 2908 1087 qui
2956 1002 3034 1067 de

791 1101 1068 1185 praefato
1115 1104 1381 1184 quatuor
1425 1099 1665 1163 dierum
1715 1099 2137 1165 additamento
2168 1099 2377 1165 multis
2423 1102 2570 1187 agit,
2621 1101 3029 1167 Benedict.

791 1199 915 1263 ΡΡ.
964 1197 1132 1264 XIV.
1184 1198 1282 1262 De
1330 1197 1570 1283 synodo
1619 1198 1816 1261 dioec.
1867 1196 1906 1262 l.
1962 1200 2062 1271 ll,
2115 1218 2168 1263 c.
2228 1201 2280 1264 l.

965 1379 1063 1442 De
1110 1378 1364 1441 nominc
1414 1375 1971 1461 Quadraqesimae.

967 1500 1198 1566 Scribit
1243 1498 1630 1565 Socrates
1678 1499 1926 1564 Histor.
1976 1500 2184 1566 eccles.
2234 1500 2273 1566 l.
2321 1501 2385 1577 5,
2436 1521 2488 1569 c.
2539 1503 2728 1589 222),
2791 1508 3029 1571 veteres

788 1599 1157 1665 christianos
1204 1597 1497 1683 paschale
1546 1618 1726 1663 suum
1767 1598 2072 1682 jejunium
2137 1619 2389 1665 vocasse
2444 1597 3026 1687 Quadrupedmam,

788 1697 1069 1784 quamvis
1117 1718 1240 1762 non
1284 1716 1502 1762 omnes
1549 1697 1694 1762 totis
1742 1698 2152 1783 quadiaginta
2197 1697 2419 1764 diebus
2439 1698 2814 1785 jejunarent,
2865 1700 3027 1781 ejus-

785 1817 907 1883 que
959 1795 1241 1861 vocabuli
1288 1795 1490 1860 varias
1556 1816 1591 1860 a
1636 1796 1822 1861 variis
1887 1816 2106 1865 causas
2167 1794 2371 1862 afferri
2435 1798 2586 1864 dicit
2651 1795 2792 1884 (καὶ
2839 1794 3030 1873 ἄλλος

787 1894 979 1960 &Mor
1024 1892 1212 1977 λόγον
1255 1897 1369 1981 τῆς
1413 1889 1767 1976 ὀνομασίας
1810 1892 2352 1981 εὖρεσιλογοῢντες
2397 1892 2883 1981 ἀποδιδόασιν).

964 2004 1045 2069 Et
1089 2022 1305 2068 revera
1350 2006 1512 2080 sunt,
1564 2003 1667 2086 qui
1715 2000 1831 2077 τὰς
1868 1999 1998 2087 πρό
2026 2005 2141 2067 τοῦ
2168 1999 2407 2083 Πάσχα
2440 1997 2751 2092 νηστείας,
2798 2007 2867 2068 nt
2898 2002 3025 2069 So-

786 2107 1055 2167 crates
1103 2100 1186 2166 ait
1232 2101 1269 2164 l.
1322 2121 1396 2176 c.,
1446 2099 1981 2187 τεσσαρακοστήν,
2054 2092 2640 2187 Ωααᾱὲαρεείιηαηι,
2698 2106 3027 2187 propterea

784 2201 1011 2266 dictam
1035 2198 1227 2269 fuisse
1237 2198 1538 2282 judicent,
1576 2200 1740 2283 quod
1757 2199 1910 2283 ipsis
1932 2199 2361 2285 quadrayinta
2381 2201 2600 2267 diebus
2617 2204 2929 2267 constaret
2950 2199 3021 2284 ³).

961 2308 1086 2374 Alii
1134 2310 1349 2372 contra
1395 2312 1680 2382 censent„
1720 2306 1904 2373 etiam
1955 2327 2026 2372 eo
2074 2312 2376 2392 tempore,
2426 2328 2548 2392 quo
2595 2329 2720 2373 non
2760 2307 3022 2392 quadra-

782 2407 981 2492 ginta,
1047 2406 1156 2472 sed
1204 2405 1457 2490 triginta
1502 2425 1609 2470 sex
1657 2409 1901 2471 tantum
1946 2406 2079 2471 dies
2118 2406 2534 2490 jejunaretur,
2598 2406 2827 2472 idcirco
2874 2405 3022 2471 sim-

788 2506 1027 2590 pliciter
1079 2502 1646 2588 Quadrupedmam
1711 2503 2081 2589 appellatam
2134 2504 2357 2582 fuisse,
2420 2505 2586 2589 quod
2630 2504 2753 2569 hoc
2789 2503 3023 2591 Jejunio

785 2602 1002 2671 fideles
1050 2603 1486 2687 profiterentur
1532 2614 1598 2663 s‘e
1647 2600 1879 2668 Christi
1902 2601 1986 2686 4),
2056 2602 2291 2687 Moysis
2341 2608 2402 2668 et
2448 2603 2620 2669 Eliae
2678 2603 3022 2688 quadrage-

784 2784 981 2850 relatis,
1019 2782 1384 2837 animadvertit
1419 2781 1650 2835 Franc.
1678 2781 2099 2848 Incontrius,
2140 2782 2441 2852 archiep.
2478 2782 2793 2849 Florent„
2833 2782 3024 2853 Expli-

782 2866 922 2919 catio
958 2863 1026 2918 de
1061 2863 1255 2919 celebr.
1293 2862 1506 2917 dierum
1535 2863 1834 2933 festorum,
1884 2878 1932 2931 p.
1972 2863 2070 2929 56,
2128 2862 2178 2916 in
2216 2863 2446 2918 omnibus
2483 2863 2854 2933 antiquissimis
2890 2863 3024 2917 codi-

784 2947 925 3000 cibus
977 2944 1306 3014 evangelium
1352 2942 1476 2997 illud
1526 2942 1701 2996 feriae·
1723 2941 1812 2995 IV.
1864 2947 1986 2996 ante
2022 2942 2344 2998 Dominicam
2379 2941 2419 2996 Ι.
2459 2943 2896 3012 Quadragesimae
2933 2943 3019 2997 tri·

781 3027 957 3080 butum
994 3024 1229 3094 reperiri,
1267 3023 1481 3093 indeque
1519 3023 1737 3093 intelligi
1776 3023 1927 3092 plane
1964 3039 2132 3092 posse,
2171 3039 2232 3078 eo
2269 3023 2352 3078 die
2389 3040 2421 3077 a
2458 3024 2689 3080 fidelibus
2727 3023 3020 3094 plerumque

781 3106 1043 3160 exordium
1073 3104 1256 3175 jejunii
1293 3104 1614 3174 desumptum
1653 3105 1827 3169 fuisse,
1865 3104 2239 3174 praeliminaris
2277 3104 2491 3173 scilicet,
2529 3110 2588 3158 ut
2619 3107 2729 3160 rem
2762 3120 2876 3158 ven.
2898 3103 3021 3158 Car-

780 3187 964 3243 dinalis
1001 3185 1304 3240 Thomasius
1339 3185 1579 3255 explicat,
1617 3185 2037 3256 quemadmodum
2075 3185 2322 3256 hodieque
2361 3185 2534 3256 plures
2559 3185 2763 3239 ordines
2791 3183 3019 3255 religiosi

781 3284 844 3322 ex
880 3268 1301 3323 antecedentibus
1349 3266 1679 3321 hebdomadis
1730 3267 1904 3335 plures
1941 3266 2052 3320 dies
2088 3264 2540 3335 ἀποκρεωσίμους
2577 3281 2789 3320 servare
2841 3280 2904 3319 ac
2940 3280 3021 3318 so·

779 3349 1039 3402 lemnioris
1069 3346 1478 3418 praeparationis
1503 3365 1674 3415 causa,
1713 3347 2151 3416 Quadragesimae
2169 3346 2448 3417 jejunando
2473 3346 2808 3417 praemittere
2835 3345 3019 3399 solent.

963 3429 1004 3496 ¹)
1043 3429 1193 3498 Apud
1227 3428 1506 3483 Hardouin.
1546 3427 1737 3494 Concil,
1778 3432 1900 3481 tom.
1939 3429 1990 3494 6,
2029 3444 2077 3497 p.
2118 3428 2274 3482 1696.

959 3508 1003 3575 ²)
1043 3509 1191 3580 Apud
1229 3509 1417 3579 Migne,
1456 3508 1599 3563 Patr.
1637 3525 1717 3577 gr.
1755 3511 1880 3563 tom.
1919 3509 2005 3575 67,
2043 3523 2127 3578 pp.
2165 3507 2466 3563 673—674.

958 3586 1002 3654 ⁸)
1042 3588 1138 3654 Qui
1174 3590 1422 3660 mysticos
1469 3589 1688 3644 nominis
1737 3605 1919 3643 sensus
1968 3589 2319 3658 investigant,
2383 3604 2497 3642 cum
2548 3587 2739 3642 Ordine
2790 3587 3019 3642 Romano

778 3667 1234 3738 Quadragesimam
1273 3685 1305 3724 a
1341 3670 1412 3723 40
1447 3670 1625 3725 diebus
1663 3675 1902 3724 vocatam
1939 3669 2171 3735 credunt,
2208 3668 2293 3739 qui
2331 3685 2363 3722 a
2399 3670 2565 3738 prima
2601 3671 2713 3740 ejus
2750 3667 3017 3722 Dominica

777 3752 938 3805 fluunt
976 3767 1134 3821 usque
1170 3749 1235 3804 ad
1272 3750 1546 3821 mysticum
1584 3750 1785 3804 Pascha
1809 3749 2176 3816 Hebraeorum,
2214 3750 2347 3820 quod
2374 3749 2610 3804 Christus
2630 3748 2878 3802 Dominus
2901 3764 3015 3801 cum

777 3832 1037 3902 discipulis
1076 3833 1182 3886 suis
1220 3831 1517 3886 celebravit.

956 3912 1001 3979 ⁴)
1042 3911 1448 3981 Quadragesima
1485 3910 1677 3966 Christi
1730 3911 1828 3964 fuit
1877 3926 1910 3964 a
1958 3911 2039 3965 die
2089 3913 2139 3966 6.
2179 3910 2411 3964 Januarii
2464 3925 2627 3980 usque
2678 3909 2744 3963 ad
2798 3909 2880 3962 14.
2920 3908 3014 3963 Fe-

775 3993 984 4047 bruarii.
1058 3991 1166 4046 Nos
1202 3998 1391 4059 autem,
1431 3992 1595 4062 inquit
1631 3990 2097 4046 Bellarminus
2134 3995 2257 4045 tom.
2284 3990 2460 4060 3„1ib.
2489 3989 2558 4044 de
2585 3987 2740 4044 bonis
2763 3988 3017 4060 operibus

776 4091 818 4127 e.
860 4075 944 4140 16,
996 4077 1055 4126 ut
1090 4072 1360 4142 plurimum
1398 4088 1511 4127 eam
1550 4072 1833 4141 incipimus,
1884 4072 1969 4126 ubi
2007 4073 2116 4142 ipse
2155 4072 2326 4140 desiit,
2374 4075 2487 4125 tum
2524 4074 2582 4125 ut
2617 4086 2743 4125 vere
2778 4071 2889 4140 eJus
2926 4086 3013 4123 ve-

775 4154 933 4222 stigia
970 4168 1328 4223 sequeremur,
1384 4157 1493 4206 tum
1543 4158 1602 4206 ut
1630 4153 1880 4223 jejunium
1918 4151 2304 4207 celeberrimum
2355 4165 2469 4205 cum
2506 4150 2641 4205 festo
2679 4148 3014 4204 celeberrimo

767 4236 1119 4304 jungeremus
1195 4233 1294 4286 Sed
1333 4233 1593 4286 adeundus
1632 4234 1740 4302 ipse
1774 4232 2132 4298 Bellarminus,
2170 4231 2253 4302 qui
2291 4232 2464 4302 plures
2489 4231 2619 4285 alias
2645 4229 3013 4299 congruentiae

774 4316 1001 4370 rationes
1038 4313 1261 4380 adducit,
1300 4329 1391 4366 cur
1414 4312 1757 4366 observantia
1789 4312 2276 4382 Quadraqesimae,
2314 4312 2473 4366 verba
2498 4317 2618 4365 sunt
2638 4309 3010 4379 Augustini

775 4397 824 4449 in
861 4395 1016 4465 epist.
1054 4393 1191 4459 119,
1241 4409 1284 4446 c.
1325 4395 1409 4447 15.
1460 4394 1884 4456 consiltueretm·
1929 4392 2156 4463 confinis
2205 4396 2368 4462 atque
2417 4390 2666 4458 contifflm
2712 4389 3013 4443 dominicae

765 4475 1030 4544 passioni.
1073 4474 1241 4543 (Apud
1280 4474 1469 4540 Migne,
1509 4473 1539 4527 l.
1579 4491 1622 4527 c.
1663 4478 1702 4526 t.
1742 4475 1829 4540 33,
1868 4489 1950 4542 pp.
1989 4474 2314 4528 217—218i.
