<?xml version="1.0" encoding="UTF-8"?>
<!DOCTYPE html PUBLIC "-//W3C//DTD XHTML 1.0 Transitional//EN"
    "http://www.w3.org/TR/xhtml1/DTD/xhtml1-transitional.dtd">
<html xmlns="http://www.w3.org/1999/xhtml" xml:lang="en" lang="en">
 <head>
  <title>
</title>
<meta http-equiv="Content-Type" content="text/html;charset=utf-8" />
  <meta name='ocr-system' content='tesseract 3.04.00' />
  <meta name='ocr-capabilities' content='ocr_page ocr_carea ocr_par ocr_line ocrx_word'/>
</head>
<body>
  <div class='ocr_page' id='page_1' title='image "./kalendariummanu00nillgoog_0175.png"; bbox 0 0 3514 5391; ppageno 0'>
   <div class='ocr_carea' id='block_1_1' title="bbox 677 506 2693 578">
    <p class='ocr_par' dir='ltr' id='par_1_1' title="bbox 677 506 2693 578">
     <span class='ocr_line' id='line_1_1' title="bbox 677 506 2693 578; baseline 0.002 -19"><span class='ocrx_word' id='word_1_1' title='bbox 677 506 925 574; x_wconf 76' lang='grc' dir='ltr'>Χυριακὴ</span> <span class='ocrx_word' id='word_1_2' title='bbox 965 511 1059 573; x_wconf 75' lang='grc' dir='ltr'>τῆς</span> <span class='ocrx_word' id='word_1_3' title='bbox 1093 506 1717 575; x_wconf 75' lang='grc' dir='ltr'>σταυροπροςκυνήσεως.</span> <span class='ocrx_word' id='word_1_4' title='bbox 1777 508 2045 563; x_wconf 84' lang='lat' dir='ltr'>Dominica</span> <span class='ocrx_word' id='word_1_5' title='bbox 2081 508 2170 563; x_wconf 86' lang='lat' dir='ltr'>III.</span> <span class='ocrx_word' id='word_1_6' title='bbox 2198 508 2457 578; x_wconf 80' lang='lat' dir='ltr'>Quadrag.</span> <span class='ocrx_word' id='word_1_7' title='bbox 2584 510 2693 563; x_wconf 78' lang='lat'>:139</span> 
     </span>
    </p>
   </div>
   <div class='ocr_carea' id='block_1_2' title="bbox 699 620 1678 627">
    <p class='ocr_par' dir='ltr' id='par_1_2' title="bbox 699 620 1678 627">
     <span class='ocr_line' id='line_1_2' title="bbox 699 620 1678 627; baseline 0 -2"><span class='ocrx_word' id='word_1_8' title='bbox 699 620 756 625; x_wconf 34' lang='lat' dir='ltr'>„j</span> <span class='ocrx_word' id='word_1_9' title='bbox 815 620 836 625; x_wconf 52' lang='grc' dir='ltr'>ι</span> <span class='ocrx_word' id='word_1_10' title='bbox 873 621 974 626; x_wconf 79' lang='grc'>---.</span> <span class='ocrx_word' id='word_1_11' title='bbox 1161 620 1678 627; x_wconf 35' lang='grc' dir='ltr'>-η------«---.</span> 
     </span>
    </p>
   </div>
   <div class='ocr_carea' id='block_1_3' title="bbox 433 703 2695 2472">
    <p class='ocr_par' dir='ltr' id='par_1_3' title="bbox 433 703 2695 2472">
     <span class='ocr_line' id='line_1_3' title="bbox 461 703 2690 777; baseline 0.001 -15"><span class='ocrx_word' id='word_1_12' title='bbox 461 712 666 763; x_wconf 86' lang='lat' dir='ltr'>ctorum</span> <span class='ocrx_word' id='word_1_13' title='bbox 709 703 954 763; x_wconf 89' lang='lat' dir='ltr'>nomina</span> <span class='ocrx_word' id='word_1_14' title='bbox 993 704 1264 774; x_wconf 81' lang='lat' dir='ltr'>invocat3</span> <span class='ocrx_word' id='word_1_15' title='bbox 1321 704 1807 777; x_wconf 89' lang='lat' dir='ltr'>quemadmodum</span> <span class='ocrx_word' id='word_1_16' title='bbox 1860 705 2117 777; x_wconf 85' lang='lat' dir='ltr'>quinque</span> <span class='ocrx_word' id='word_1_17' title='bbox 2165 705 2261 763; x_wconf 87' lang='lat' dir='ltr'>vel</span> <span class='ocrx_word' id='word_1_18' title='bbox 2301 706 2424 763; x_wconf 88' lang='lat' dir='ltr'>tria</span> <span class='ocrx_word' id='word_1_19' title='bbox 2462 711 2690 765; x_wconf 85' lang='lat' dir='ltr'>tantum</span> 
     </span>
     <span class='ocr_line' id='line_1_4' title="bbox 462 785 2692 859; baseline 0 -16"><span class='ocrx_word' id='word_1_20' title='bbox 462 786 644 857; x_wconf 84' lang='lat' dir='ltr'>quinta</span> <span class='ocrx_word' id='word_1_21' title='bbox 683 786 782 844; x_wconf 82' lang='lat' dir='ltr'>vel</span> <span class='ocrx_word' id='word_1_22' title='bbox 823 792 1007 844; x_wconf 89' lang='lat' dir='ltr'>terna</span> <span class='ocrx_word' id='word_1_23' title='bbox 1045 785 1262 843; x_wconf 82' lang='lat' dir='ltr'>litania</span> <span class='ocrx_word' id='word_1_24' title='bbox 1287 791 1629 844; x_wconf 87' lang='lat' dir='ltr'>sanctorum</span> <span class='ocrx_word' id='word_1_25' title='bbox 1657 786 1899 849; x_wconf 86' lang='lat' dir='ltr'>nomina</span> <span class='ocrx_word' id='word_1_26' title='bbox 1921 785 2285 852; x_wconf 89' lang='lat' dir='ltr'>continebat,</span> <span class='ocrx_word' id='word_1_27' title='bbox 2314 792 2391 843; x_wconf 92' lang='lat' dir='ltr'>·ut</span> <span class='ocrx_word' id='word_1_28' title='bbox 2415 787 2692 859; x_wconf 88' lang='lat' dir='ltr'>antiquus</span> 
     </span>
     <span class='ocr_line' id='line_1_5' title="bbox 455 862 2693 939; baseline 0 -15"><span class='ocrx_word' id='word_1_29' title='bbox 455 867 681 926; x_wconf 82' lang='lat' dir='ltr'>ritualis</span> <span class='ocrx_word' id='word_1_30' title='bbox 715 867 876 925; x_wconf 91' lang='lat' dir='ltr'>liber</span> <span class='ocrx_word' id='word_1_31' title='bbox 890 866 1258 925; x_wconf 81' lang='lat' dir='ltr'>‚vaticanus.</span> <span class='ocrx_word' id='word_1_32' title='bbox 1330 866 1746 939; x_wconf 87' lang='lat' dir='ltr'>.praescribit.</span> <span class='ocrx_word' id='word_1_33' title='bbox 1804 865 2064 924; x_wconf 79' lang='lat' dir='ltr'>Addidit</span> <span class='ocrx_word' id='word_1_34' title='bbox 2090 862 2421 938; x_wconf 81' lang='lat' dir='ltr'>Gregorius</span> <span class='ocrx_word' id='word_1_35' title='bbox 2441 865 2693 939; x_wconf 81' lang='lat' dir='ltr'>Magnus</span> 
     </span>
     <span class='ocr_line' id='line_1_6' title="bbox 453 946 2695 1029; baseline 0.001 -26"><span class='ocrx_word' id='word_1_36' title='bbox 453 946 518 1004; x_wconf 87' lang='lat' dir='ltr'>ad</span> <span class='ocrx_word' id='word_1_37' title='bbox 551 948 664 1005; x_wconf 85' lang='lat' dir='ltr'>has</span> <span class='ocrx_word' id='word_1_38' title='bbox 705 964 907 1029; x_wconf 80' lang='lat' dir='ltr'>omues</span> <span class='ocrx_word' id='word_1_39' title='bbox 946 946 1279 1020; x_wconf 81' lang='lat' dir='ltr'><strong>septenarii</strong></span> <span class='ocrx_word' id='word_1_40' title='bbox 1329 946 1598 1005; x_wconf 84' lang='lat' dir='ltr'>rationes</span> <span class='ocrx_word' id='word_1_41' title='bbox 1649 963 1789 1004; x_wconf 86' lang='lat' dir='ltr'>suas</span> <span class='ocrx_word' id='word_1_42' title='bbox 1842 946 1982 1005; x_wconf 90' lang='lat' dir='ltr'>illas</span> <span class='ocrx_word' id='word_1_43' title='bbox 2033 947 2402 1021; x_wconf 86' lang='lat' dir='ltr'>peculiares,</span> <span class='ocrx_word' id='word_1_44' title='bbox 2459 947 2695 1019; x_wconf 86' lang='lat' dir='ltr'>scilicet</span> 
     </span>
     <span class='ocr_line' id='line_1_7' title="bbox 449 1018 2693 1105; baseline 0.001 -21"><span class='ocrx_word' id='word_1_45' title='bbox 449 1029 764 1087; x_wconf 86' lang='lat' dir='ltr'>stationum</span> <span class='ocrx_word' id='word_1_46' title='bbox 803 1018 1052 1101; x_wconf 83' lang='lat' dir='ltr'>septem,</span> <span class='ocrx_word' id='word_1_47' title='bbox 1090 1028 1455 1101; x_wconf 87' lang='lat' dir='ltr'>totidemque</span> <span class='ocrx_word' id='word_1_48' title='bbox 1496 1026 1766 1086; x_wconf 87' lang='lat' dir='ltr'>ordinum</span> <span class='ocrx_word' id='word_1_49' title='bbox 1803 1045 2208 1105; x_wconf 83' lang='lat' dir='ltr'>personarum,</span> <span class='ocrx_word' id='word_1_50' title='bbox 2247 1044 2398 1101; x_wconf 85' lang='lat' dir='ltr'>qnae</span> <span class='ocrx_word' id='word_1_51' title='bbox 2425 1028 2487 1085; x_wconf 90' lang='lat' dir='ltr'>iu</span> <span class='ocrx_word' id='word_1_52' title='bbox 2513 1029 2693 1099; x_wconf 84' lang='lat' dir='ltr'>maio·</span> 
     </span>
     <span class='ocr_line' id='line_1_8' title="bbox 449 1108 2693 1182; baseline 0 -16"><span class='ocrx_word' id='word_1_53' title='bbox 449 1109 604 1167; x_wconf 86' lang='lat' dir='ltr'>ribus</span> <span class='ocrx_word' id='word_1_54' title='bbox 624 1109 859 1169; x_wconf 84' lang='lat' dir='ltr'>litaniis</span> <span class='ocrx_word' id='word_1_55' title='bbox 886 1108 1274 1171; x_wconf 82' lang='lat' dir='ltr'>convenienti</span> <span class='ocrx_word' id='word_1_56' title='bbox 1294 1108 1714 1168; x_wconf 79' lang='lat' dir='ltr'>distributione</span> <span class='ocrx_word' id='word_1_57' title='bbox 1742 1109 2069 1182; x_wconf 78' lang='lat' dir='ltr'>procedere</span> <span class='ocrx_word' id='word_1_58' title='bbox 2089 1109 2486 1182; x_wconf 87' lang='lat' dir='ltr'>jubebantur:</span> <span class='ocrx_word' id='word_1_59' title='bbox 2528 1108 2693 1181; x_wconf 86' lang='lat' dir='ltr'>cleri,</span> 
     </span>
     <span class='ocr_line' id='line_1_9' title="bbox 448 1188 2693 1267; baseline 0 -22"><span class='ocrx_word' id='word_1_60' title='bbox 448 1189 892 1260; x_wconf 88' lang='lat' dir='ltr'>monachorum,</span> <span class='ocrx_word' id='word_1_61' title='bbox 945 1188 1308 1267; x_wconf 65' lang='lat' dir='ltr'>monialium,</span> <span class='ocrx_word' id='word_1_62' title='bbox 1358 1206 1672 1263; x_wconf 83' lang='lat' dir='ltr'>puerorum</span> <span class='ocrx_word' id='word_1_63' title='bbox 1712 1206 1785 1248; x_wconf 93' lang='lat' dir='ltr'>ac</span> <span class='ocrx_word' id='word_1_64' title='bbox 1822 1190 2187 1264; x_wconf 80' lang='lat' dir='ltr'>puellarum,</span> <span class='ocrx_word' id='word_1_65' title='bbox 2243 1190 2556 1256; x_wconf 76' lang='lat' dir='ltr'>laicorum,</span> <span class='ocrx_word' id='word_1_66' title='bbox 2609 1190 2693 1249; x_wconf 88' lang='lat' dir='ltr'>vi-</span> 
     </span>
     <span class='ocr_line' id='line_1_10' title="bbox 445 1268 2693 1345; baseline 0 -18"><span class='ocrx_word' id='word_1_67' title='bbox 445 1270 709 1342; x_wconf 85' lang='lat' dir='ltr'>duarum,</span> <span class='ocrx_word' id='word_1_68' title='bbox 750 1270 1204 1343; x_wconf 75' lang='lat' dir='ltr'>conjugatarum</span> <span class='ocrx_word' id='word_1_69' title='bbox 1242 1271 1552 1330; x_wconf 88' lang='lat' dir='ltr'>mulierum</span> <span class='ocrx_word' id='word_1_70' title='bbox 1573 1270 1633 1342; x_wconf 89' lang='lat'>¹)</span> <span class='ocrx_word' id='word_1_71' title='bbox 1710 1268 1970 1344; x_wconf 80' lang='lat' dir='ltr'>Quorum</span> <span class='ocrx_word' id='word_1_72' title='bbox 2018 1270 2287 1328; x_wconf 88' lang='lat' dir='ltr'>ordinum</span> <span class='ocrx_word' id='word_1_73' title='bbox 2339 1276 2465 1329; x_wconf 91' lang='lat' dir='ltr'>tres</span> <span class='ocrx_word' id='word_1_74' title='bbox 2514 1270 2693 1345; x_wconf 90' lang='lat' dir='ltr'>primi</span> 
     </span>
     <span class='ocr_line' id='line_1_11' title="bbox 445 1349 2693 1422; baseline 0 -15"><span class='ocrx_word' id='word_1_75' title='bbox 445 1351 863 1422; x_wconf 82' lang='lat' dir='ltr'>ecclesiastici,</span> <span class='ocrx_word' id='word_1_76' title='bbox 901 1351 1100 1413; x_wconf 89' lang='lat' dir='ltr'>ultimi</span> <span class='ocrx_word' id='word_1_77' title='bbox 1137 1358 1262 1413; x_wconf 88' lang='lat' dir='ltr'>tres</span> <span class='ocrx_word' id='word_1_78' title='bbox 1301 1368 1462 1410; x_wconf 89' lang='lat' dir='ltr'>mere</span> <span class='ocrx_word' id='word_1_79' title='bbox 1489 1350 1852 1417; x_wconf 87' lang='lat' dir='ltr'>saeculares,</span> <span class='ocrx_word' id='word_1_80' title='bbox 1892 1349 2121 1410; x_wconf 90' lang='lat' dir='ltr'>medius</span> <span class='ocrx_word' id='word_1_81' title='bbox 2148 1367 2293 1409; x_wconf 89' lang='lat' dir='ltr'>vero</span> <span class='ocrx_word' id='word_1_82' title='bbox 2319 1351 2479 1413; x_wconf 84' lang='lat' dir='ltr'>inter</span> <span class='ocrx_word' id='word_1_83' title='bbox 2503 1358 2693 1410; x_wconf 88' lang='lat' dir='ltr'>utros-</span> 
     </span>
     <span class='ocr_line' id='line_1_12' title="bbox 444 1395 2695 1506; baseline 0 -17"><span class='ocrx_word' id='word_1_84' title='bbox 444 1446 550 1503; x_wconf 85' lang='lat' dir='ltr'>que</span> <span class='ocrx_word' id='word_1_85' title='bbox 590 1395 983 1504; x_wconf 84' lang='lat' dir='ltr'>consistebat,</span> <span class='ocrx_word' id='word_1_86' title='bbox 1021 1431 1187 1505; x_wconf 75' lang='lat' dir='ltr'>isque</span> <span class='ocrx_word' id='word_1_87' title='bbox 1215 1448 1530 1506; x_wconf 89' lang='lat' dir='ltr'>puerorum</span> <span class='ocrx_word' id='word_1_88' title='bbox 1570 1448 1642 1490; x_wconf 90' lang='lat' dir='ltr'>ac</span> <span class='ocrx_word' id='word_1_89' title='bbox 1680 1431 2013 1505; x_wconf 79' lang='lat' dir='ltr'>puellarum</span> <span class='ocrx_word' id='word_1_90' title='bbox 2053 1437 2190 1489; x_wconf 90' lang='lat' dir='ltr'>erat</span> <span class='ocrx_word' id='word_1_91' title='bbox 2213 1428 2593 1490; x_wconf 89' lang='lat' dir='ltr'>monasteriis</span> <span class='ocrx_word' id='word_1_92' title='bbox 2633 1438 2695 1489; x_wconf 91' lang='lat' dir='ltr'>et</span> 
     </span>
     <span class='ocr_line' id='line_1_13' title="bbox 444 1504 2690 1586; baseline 0 -16"><span class='ocrx_word' id='word_1_93' title='bbox 444 1512 717 1570; x_wconf 88' lang='lat' dir='ltr'>ecclesiis</span> <span class='ocrx_word' id='word_1_94' title='bbox 766 1513 845 1571; x_wconf 87' lang='lat' dir='ltr'>ad</span> <span class='ocrx_word' id='word_1_95' title='bbox 897 1508 1266 1586; x_wconf 79' lang='lat' dir='ltr'>peculiarem</span> <span class='ocrx_word' id='word_1_96' title='bbox 1320 1513 1610 1585; x_wconf 89' lang='lat' dir='ltr'>quandam</span> <span class='ocrx_word' id='word_1_97' title='bbox 1662 1512 2074 1570; x_wconf 83' lang='lat' dir='ltr'>educationem</span> <span class='ocrx_word' id='word_1_98' title='bbox 2114 1504 2462 1570; x_wconf 76' lang='lat' dir='ltr'>oblatorum.</span> <span class='ocrx_word' id='word_1_99' title='bbox 2536 1511 2690 1570; x_wconf 87' lang='lat' dir='ltr'>Nam</span> 
     </span>
     <span class='ocr_line' id='line_1_14' title="bbox 443 1589 2694 1665; baseline 0 -16"><span class='ocrx_word' id='word_1_100' title='bbox 443 1592 704 1665; x_wconf 89' lang='lat' dir='ltr'>reliquos</span> <span class='ocrx_word' id='word_1_101' title='bbox 755 1599 934 1652; x_wconf 86' lang='lat' dir='ltr'>extra</span> <span class='ocrx_word' id='word_1_102' title='bbox 983 1592 1139 1650; x_wconf 90' lang='lat' dir='ltr'>huuc</span> <span class='ocrx_word' id='word_1_103' title='bbox 1188 1592 1452 1650; x_wconf 91' lang='lat' dir='ltr'>ordinem</span> <span class='ocrx_word' id='word_1_104' title='bbox 1505 1608 1718 1665; x_wconf 89' lang='lat' dir='ltr'>pueros</span> <span class='ocrx_word' id='word_1_105' title='bbox 1750 1591 2117 1665; x_wconf 90' lang='lat' dir='ltr'>puellasque</span> <span class='ocrx_word' id='word_1_106' title='bbox 2158 1589 2522 1663; x_wconf 76' lang='lat' dir='ltr'>familiarum</span> <span class='ocrx_word' id='word_1_107' title='bbox 2563 1609 2694 1665; x_wconf 89' lang='lat' dir='ltr'>pro-</span> 
     </span>
     <span class='ocr_line' id='line_1_15' title="bbox 443 1670 2692 1746; baseline 0 -16"><span class='ocrx_word' id='word_1_108' title='bbox 443 1672 712 1744; x_wconf 77' lang='lat' dir='ltr'>cessisse,</span> <span class='ocrx_word' id='word_1_109' title='bbox 752 1674 994 1733; x_wconf 88' lang='lat' dir='ltr'>dubium</span> <span class='ocrx_word' id='word_1_110' title='bbox 1019 1690 1136 1731; x_wconf 91' lang='lat' dir='ltr'>non</span> <span class='ocrx_word' id='word_1_111' title='bbox 1163 1679 1271 1732; x_wconf 88' lang='lat' dir='ltr'>est.</span> <span class='ocrx_word' id='word_1_112' title='bbox 1300 1704 1364 1712; x_wconf 96' lang='lat'><strong>—</strong></span> <span class='ocrx_word' id='word_1_113' title='bbox 1392 1673 1654 1731; x_wconf 81' lang='lat' dir='ltr'>Alteras</span> <span class='ocrx_word' id='word_1_114' title='bbox 1692 1673 1964 1745; x_wconf 87' lang='lat' dir='ltr'>litaniae,</span> <span class='ocrx_word' id='word_1_115' title='bbox 2004 1689 2149 1746; x_wconf 89' lang='lat' dir='ltr'>quas</span> <span class='ocrx_word' id='word_1_116' title='bbox 2189 1690 2301 1731; x_wconf 88' lang='lat' dir='ltr'>non</span> <span class='ocrx_word' id='word_1_117' title='bbox 2327 1670 2548 1746; x_wconf 82' lang='lat' dir='ltr'>graeco</span> <span class='ocrx_word' id='word_1_118' title='bbox 2587 1673 2692 1731; x_wconf 89' lang='lat' dir='ltr'>sed</span> 
     </span>
     <span class='ocr_line' id='line_1_16' title="bbox 442 1751 2693 1833; baseline 0.001 -23"><span class='ocrx_word' id='word_1_119' title='bbox 442 1753 633 1811; x_wconf 89' lang='lat' dir='ltr'>latino</span> <span class='ocrx_word' id='word_1_120' title='bbox 670 1754 980 1833; x_wconf 82' lang='lat' dir='ltr'>vocabulo,</span> <span class='ocrx_word' id='word_1_121' title='bbox 1020 1754 1171 1827; x_wconf 89' lang='lat' dir='ltr'>quod</span> <span class='ocrx_word' id='word_1_122' title='bbox 1209 1755 1362 1817; x_wconf 89' lang='lat' dir='ltr'>idem</span> <span class='ocrx_word' id='word_1_123' title='bbox 1402 1755 1586 1816; x_wconf 85' lang='lat' dir='ltr'>valet,</span> <span class='ocrx_word' id='word_1_124' title='bbox 1625 1756 1940 1826; x_wconf 72' lang='lat' dir='ltr'>roqationes</span> <span class='ocrx_word' id='word_1_125' title='bbox 1978 1751 2307 1830; x_wconf 80' lang='lat' dir='ltr'>antiquitas</span> <span class='ocrx_word' id='word_1_126' title='bbox 2343 1754 2693 1828; x_wconf 89' lang='lat' dir='ltr'>appellavit,</span> 
     </span>
     <span class='ocr_line' id='line_1_17' title="bbox 441 1836 2693 1912; baseline 0.002 -21"><span class='ocrx_word' id='word_1_127' title='bbox 441 1850 954 1912; x_wconf 67' lang='lat' dir='ltr'>aequeromanae</span> <span class='ocrx_word' id='word_1_128' title='bbox 1013 1842 1191 1909; x_wconf 88' lang='lat' dir='ltr'>atque</span> <span class='ocrx_word' id='word_1_129' title='bbox 1229 1836 1700 1895; x_wconf 88' lang='lat' dir='ltr'>occidentalibus</span> <span class='ocrx_word' id='word_1_130' title='bbox 1741 1837 2016 1896; x_wconf 89' lang='lat' dir='ltr'>ecclesiis</span> <span class='ocrx_word' id='word_1_131' title='bbox 2055 1837 2321 1897; x_wconf 85' lang='lat' dir='ltr'>omnibns</span> <span class='ocrx_word' id='word_1_132' title='bbox 2361 1854 2693 1897; x_wconf 84' lang='lat' dir='ltr'>communes</span> 
     </span>
     <span class='ocr_line' id='line_1_18' title="bbox 438 1912 2693 1991; baseline 0.002 -20"><span class='ocrx_word' id='word_1_133' title='bbox 438 1912 642 1972; x_wconf 71' lang='lat' dir='ltr'>tuere:</span> <span class='ocrx_word' id='word_1_134' title='bbox 684 1931 870 1986; x_wconf 87' lang='lat' dir='ltr'>quare</span> <span class='ocrx_word' id='word_1_135' title='bbox 908 1917 1233 1990; x_wconf 85' lang='lat' dir='ltr'>scriptores</span> <span class='ocrx_word' id='word_1_136' title='bbox 1273 1934 1459 1990; x_wconf 88' lang='lat' dir='ltr'>neque</span> <span class='ocrx_word' id='word_1_137' title='bbox 1499 1934 1776 1977; x_wconf 87' lang='lat' dir='ltr'>romanas</span> <span class='ocrx_word' id='word_1_138' title='bbox 1815 1934 1920 1976; x_wconf 92' lang='lat' dir='ltr'>eas</span> <span class='ocrx_word' id='word_1_139' title='bbox 1949 1918 2242 1989; x_wconf 86' lang='lat' dir='ltr'>dixerunt,</span> <span class='ocrx_word' id='word_1_140' title='bbox 2280 1935 2470 1991; x_wconf 89' lang='lat' dir='ltr'>neque</span> <span class='ocrx_word' id='word_1_141' title='bbox 2500 1935 2572 1978; x_wconf 85' lang='lat' dir='ltr'>ex</span> <span class='ocrx_word' id='word_1_142' title='bbox 2600 1936 2693 1976; x_wconf 94' lang='lat' dir='ltr'>ro-</span> 
     </span>
     <span class='ocr_line' id='line_1_19' title="bbox 439 1994 2694 2072; baseline 0.002 -21"><span class='ocrx_word' id='word_1_143' title='bbox 439 1994 633 2052; x_wconf 87' lang='lat' dir='ltr'>manis</span> <span class='ocrx_word' id='word_1_144' title='bbox 672 1995 1034 2055; x_wconf 87' lang='lat' dir='ltr'>stationibus</span> <span class='ocrx_word' id='word_1_145' title='bbox 1073 1997 1499 2056; x_wconf 88' lang='lat' dir='ltr'>discernendas</span> <span class='ocrx_word' id='word_1_146' title='bbox 1527 2002 1906 2069; x_wconf 79' lang='lat' dir='ltr'>censuerunt,</span> <span class='ocrx_word' id='word_1_147' title='bbox 1945 1999 2095 2057; x_wconf 84' lang='lat' dir='ltr'>licet</span> <span class='ocrx_word' id='word_1_148' title='bbox 2115 1999 2230 2056; x_wconf 88' lang='lat' dir='ltr'>hae</span> <span class='ocrx_word' id='word_1_149' title='bbox 2259 2015 2482 2072; x_wconf 89' lang='lat' dir='ltr'>quoque</span> <span class='ocrx_word' id='word_1_150' title='bbox 2510 1999 2694 2057; x_wconf 87' lang='lat' dir='ltr'>certis</span> 
     </span>
     <span class='ocr_line' id='line_1_20' title="bbox 435 2073 2692 2151; baseline 0.004 -20"><span class='ocrx_word' id='word_1_151' title='bbox 435 2074 497 2132; x_wconf 89' lang='lat' dir='ltr'>in</span> <span class='ocrx_word' id='word_1_152' title='bbox 535 2073 902 2135; x_wconf 88' lang='lat' dir='ltr'>stationibus</span> <span class='ocrx_word' id='word_1_153' title='bbox 939 2076 1168 2136; x_wconf 85' lang='lat' dir='ltr'>Romae</span> <span class='ocrx_word' id='word_1_154' title='bbox 1219 2084 1684 2151; x_wconf 85' lang='lat' dir='ltr'>peragerentur;</span> <span class='ocrx_word' id='word_1_155' title='bbox 1736 2079 1979 2134; x_wconf 74' lang='lat' dir='ltr'>minores</span> <span class='ocrx_word' id='word_1_156' title='bbox 2023 2079 2133 2136; x_wconf 89' lang='lat' dir='ltr'>has</span> <span class='ocrx_word' id='word_1_157' title='bbox 2173 2078 2417 2138; x_wconf 84' lang='lat' dir='ltr'>litanias</span> <span class='ocrx_word' id='word_1_158' title='bbox 2458 2079 2692 2139; x_wconf 82' lang='lat' dir='ltr'>dixere:</span> 
     </span>
     <span class='ocr_line' id='line_1_21' title="bbox 436 2157 2692 2234; baseline 0.002 -20"><span class='ocrx_word' id='word_1_159' title='bbox 436 2157 832 2227; x_wconf 87' lang='lat' dir='ltr'>quamobrem·</span> <span class='ocrx_word' id='word_1_160' title='bbox 865 2158 925 2216; x_wconf 88' lang='lat' dir='ltr'>in</span> <span class='ocrx_word' id='word_1_161' title='bbox 965 2160 1389 2218; x_wconf 86' lang='lat' dir='ltr'>sacramentali</span> <span class='ocrx_word' id='word_1_162' title='bbox 1428 2159 1624 2218; x_wconf 88' lang='lat' dir='ltr'>sancti</span> <span class='ocrx_word' id='word_1_163' title='bbox 1662 2157 1947 2232; x_wconf 82' lang='lat' dir='ltr'>Gregorii</span> <span class='ocrx_word' id='word_1_164' title='bbox 2000 2176 2170 2232; x_wconf 87' lang='lat' dir='ltr'>quum</span> <span class='ocrx_word' id='word_1_165' title='bbox 2210 2161 2456 2231; x_wconf 71' lang='lat' dir='ltr'>majores</span> <span class='ocrx_word' id='word_1_166' title='bbox 2493 2161 2692 2234; x_wconf 88' lang='lat' dir='ltr'>appel·</span> 
     </span>
     <span class='ocr_line' id='line_1_22' title="bbox 433 2234 2694 2314; baseline 0.003 -21"><span class='ocrx_word' id='word_1_167' title='bbox 433 2234 604 2294; x_wconf 85' lang='lat' dir='ltr'>latas</span> <span class='ocrx_word' id='word_1_168' title='bbox 625 2236 830 2312; x_wconf 89' lang='lat' dir='ltr'>vides,</span> <span class='ocrx_word' id='word_1_169' title='bbox 869 2239 970 2297; x_wconf 84' lang='lat' dir='ltr'>vel</span> <span class='ocrx_word' id='word_1_170' title='bbox 1008 2239 1389 2301; x_wconf 82' lang='lat' dir='ltr'>librariorum</span> <span class='ocrx_word' id='word_1_171' title='bbox 1428 2241 1657 2314; x_wconf 90' lang='lat' dir='ltr'>lapsum</span> <span class='ocrx_word' id='word_1_172' title='bbox 1686 2257 1817 2298; x_wconf 90' lang='lat' dir='ltr'>esse</span> <span class='ocrx_word' id='word_1_173' title='bbox 1847 2242 2077 2313; x_wconf 74' lang='lat' dir='ltr'>credaS,</span> <span class='ocrx_word' id='word_1_174' title='bbox 2116 2241 2211 2300; x_wconf 85' lang='lat' dir='ltr'>vel</span> <span class='ocrx_word' id='word_1_175' title='bbox 2240 2242 2527 2314; x_wconf 90' lang='lat' dir='ltr'>potiorem</span> <span class='ocrx_word' id='word_1_176' title='bbox 2554 2243 2694 2300; x_wconf 88' lang='lat' dir='ltr'>titu-</span> 
     </span>
     <span class='ocr_line' id='line_1_23' title="bbox 435 2283 2694 2399; baseline 0.003 -25"><span class='ocrx_word' id='word_1_177' title='bbox 435 2317 558 2374; x_wconf 89' lang='lat' dir='ltr'>lum</span> <span class='ocrx_word' id='word_1_178' title='bbox 603 2283 974 2391; x_wconf 77' lang='lat' dir='ltr'>adscriptum</span> <span class='ocrx_word' id='word_1_179' title='bbox 1009 2318 1195 2379; x_wconf 72' lang='lat' dir='ltr'>fuisse</span> <span class='ocrx_word' id='word_1_180' title='bbox 1231 2320 1286 2379; x_wconf 89' lang='lat' dir='ltr'>ei</span> <span class='ocrx_word' id='word_1_181' title='bbox 1314 2319 1528 2392; x_wconf 86' lang='lat' dir='ltr'>officio,</span> <span class='ocrx_word' id='word_1_182' title='bbox 1568 2321 1719 2393; x_wconf 89' lang='lat' dir='ltr'>quod</span> <span class='ocrx_word' id='word_1_183' title='bbox 1746 2321 2071 2393; x_wconf 81' lang='lat' dir='ltr'>maJ&#39;oribus</span> <span class='ocrx_word' id='word_1_184' title='bbox 2100 2321 2534 2399; x_wconf 84' lang='lat' dir='ltr'>minoribusque</span> <span class='ocrx_word' id='word_1_185' title='bbox 2557 2322 2694 2381; x_wconf 86' lang='lat' dir='ltr'>lita-</span> 
     </span>
     <span class='ocr_line' id='line_1_24' title="bbox 435 2398 1190 2472; baseline 0.004 -15"><span class='ocrx_word' id='word_1_186' title='bbox 435 2398 553 2458; x_wconf 89' lang='lat' dir='ltr'>niis</span> <span class='ocrx_word' id='word_1_187' title='bbox 596 2406 761 2457; x_wconf 87' lang='lat' dir='ltr'>esset</span> <span class='ocrx_word' id='word_1_188' title='bbox 798 2399 1190 2472; x_wconf 72' lang='grc' dir='ltr'>οοιιιιιιιιιι3’).</span> 
     </span>
    </p>
   </div>
   <div class='ocr_carea' id='block_1_4' title="bbox 444 2562 2694 2754">
    <p class='ocr_par' dir='ltr' id='par_1_4' title="bbox 444 2562 2694 2734">
     <span class='ocr_line' id='line_1_25' title="bbox 619 2562 2694 2650; baseline 0.002 -23"><span class='ocrx_word' id='word_1_189' title='bbox 619 2562 909 2628; x_wconf 69' lang='lat' dir='ltr'>heriaV.</span> <span class='ocrx_word' id='word_1_190' title='bbox 927 2574 1083 2649; x_wconf 76' lang='lat' dir='ltr'>post</span> <span class='ocrx_word' id='word_1_191' title='bbox 1103 2565 1282 2629; x_wconf 87' lang='lat' dir='ltr'>Dom.</span> <span class='ocrx_word' id='word_1_192' title='bbox 1301 2564 1421 2629; x_wconf 91' lang='lat' dir='ltr'>III</span> <span class='ocrx_word' id='word_1_193' title='bbox 1470 2563 2029 2650; x_wconf 72' lang='lat' dir='ltr'>Quadrayesimae.</span> <span class='ocrx_word' id='word_1_194' title='bbox 2093 2564 2425 2631; x_wconf 75' lang='lat' dir='ltr'>Mediana.</span> <span class='ocrx_word' id='word_1_195' title='bbox 2486 2564 2694 2631; x_wconf 79' lang='lat' dir='ltr'>Statio</span> 
     </span>
     <span class='ocr_line' id='line_1_26' title="bbox 444 2659 2692 2754; baseline 0.001 -28"><span class='ocrx_word' id='word_1_196' title='bbox 444 2662 514 2726; x_wconf 80' lang='lat' dir='ltr'>od</span> <span class='ocrx_word' id='word_1_197' title='bbox 574 2684 659 2728; x_wconf 83' lang='grc'>33.</span> <span class='ocrx_word' id='word_1_198' title='bbox 718 2660 1008 2744; x_wconf 79' lang='lat' dir='ltr'>Cosmam</span> <span class='ocrx_word' id='word_1_199' title='bbox 1074 2673 1132 2727; x_wconf 82' lang='lat' dir='ltr'>et</span> <span class='ocrx_word' id='word_1_200' title='bbox 1178 2662 1587 2727; x_wconf 78' lang='lat' dir='ltr'>Damianum.</span> <span class='ocrx_word' id='word_1_201' title='bbox 1695 2659 1972 2728; x_wconf 78' lang='lat' dir='ltr'>Collecta</span> <span class='ocrx_word' id='word_1_202' title='bbox 2026 2662 2103 2727; x_wconf 81' lang='lat' dir='ltr'>dc</span> <span class='ocrx_word' id='word_1_203' title='bbox 2149 2662 2375 2754; x_wconf 74' lang='lat' dir='ltr'>iisdem</span> <span class='ocrx_word' id='word_1_204' title='bbox 2422 2663 2692 2732; x_wconf 78' lang='lat' dir='ltr'>Sanctis.</span> 
     </span>
    </p>
   </div>
   <div class='ocr_carea' id='block_1_5' title="bbox 433 2779 2696 3366">
    <p class='ocr_par' dir='ltr' id='par_1_5' title="bbox 433 2779 2696 3366">
     <span class='ocr_line' id='line_1_27' title="bbox 603 2779 2696 2874; baseline 0.002 -22"><span class='ocrx_word' id='word_1_205' title='bbox 603 2785 916 2854; x_wconf 71' lang='lat' dir='ltr'>&#39;Instituta</span> <span class='ocrx_word' id='word_1_206' title='bbox 960 2779 1080 2854; x_wconf 84' lang='lat' dir='ltr'>hac</span> <span class='ocrx_word' id='word_1_207' title='bbox 1129 2790 1394 2856; x_wconf 85' lang='lat' dir='ltr'>statione</span> <span class='ocrx_word' id='word_1_208' title='bbox 1441 2791 1950 2874; x_wconf 85' lang='lat' dir='ltr'>praescriptaque</span> <span class='ocrx_word' id='word_1_209' title='bbox 2013 2790 2267 2874; x_wconf 88' lang='lat' dir='ltr'>speciali</span> <span class='ocrx_word' id='word_1_210' title='bbox 2316 2790 2572 2856; x_wconf 84' lang='lat' dir='ltr'>collecta</span> <span class='ocrx_word' id='word_1_211' title='bbox 2619 2792 2696 2856; x_wconf 82' lang='lat' dir='ltr'>do</span> 
     </span>
     <span class='ocr_line' id='line_1_28' title="bbox 433 2886 2695 2972; baseline 0.001 -20"><span class='ocrx_word' id='word_1_212' title='bbox 433 2911 508 2953; x_wconf 84' lang='grc'>33.</span> <span class='ocrx_word' id='word_1_213' title='bbox 571 2886 808 2953; x_wconf 84' lang='lat' dir='ltr'>Gosma</span> <span class='ocrx_word' id='word_1_214' title='bbox 855 2891 920 2953; x_wconf 89' lang='lat' dir='ltr'>et</span> <span class='ocrx_word' id='word_1_215' title='bbox 965 2887 1270 2953; x_wconf 88' lang='lat' dir='ltr'>Damiano</span> <span class='ocrx_word' id='word_1_216' title='bbox 1318 2887 1604 2954; x_wconf 82' lang='lat' dir='ltr'>Ecclesia</span> <span class='ocrx_word' id='word_1_217' title='bbox 1649 2907 1718 2953; x_wconf 88' lang='lat' dir='ltr'>se</span> <span class='ocrx_word' id='word_1_218' title='bbox 1768 2892 2029 2954; x_wconf 87' lang='lat' dir='ltr'>matrem</span> <span class='ocrx_word' id='word_1_219' title='bbox 2065 2889 2228 2972; x_wconf 90' lang='lat' dir='ltr'>piam</span> <span class='ocrx_word' id='word_1_220' title='bbox 2280 2890 2567 2966; x_wconf 86' lang='lat' dir='ltr'>ostendit,</span> <span class='ocrx_word' id='word_1_221' title='bbox 2617 2891 2695 2954; x_wconf 88' lang='lat' dir='ltr'>dc</span> 
     </span>
     <span class='ocr_line' id='line_1_29' title="bbox 437 2985 2693 3070; baseline 0 -19"><span class='ocrx_word' id='word_1_222' title='bbox 437 2987 713 3052; x_wconf 88' lang='lat' dir='ltr'>filiorum</span> <span class='ocrx_word' id='word_1_223' title='bbox 770 3003 1026 3050; x_wconf 88' lang='lat' dir='ltr'>suorum</span> <span class='ocrx_word' id='word_1_224' title='bbox 1088 2986 1320 3062; x_wconf 86' lang='lat' dir='ltr'>salute,</span> <span class='ocrx_word' id='word_1_225' title='bbox 1389 2988 1575 3051; x_wconf 88' lang='lat' dir='ltr'>etiam</span> <span class='ocrx_word' id='word_1_226' title='bbox 1625 2986 1963 3070; x_wconf 83' lang='lat' dir='ltr'>corporali.</span> <span class='ocrx_word' id='word_1_227' title='bbox 2033 2985 2209 3051; x_wconf 78' lang='lat' dir='ltr'>valdo</span> <span class='ocrx_word' id='word_1_228' title='bbox 2270 2986 2593 3052; x_wconf 86' lang='lat' dir='ltr'>sollicitam</span> <span class='ocrx_word' id='word_1_229' title='bbox 2620 2988 2693 3070; x_wconf 75' lang='lat'>³).</span> 
     </span>
     <span class='ocr_line' id='line_1_30' title="bbox 434 3083 2695 3172; baseline -0.001 -22"><span class='ocrx_word' id='word_1_230' title='bbox 434 3087 646 3166; x_wconf 81' lang='lat' dir='ltr'>Quum</span> <span class='ocrx_word' id='word_1_231' title='bbox 715 3084 884 3148; x_wconf 88' lang='lat' dir='ltr'>enim</span> <span class='ocrx_word' id='word_1_232' title='bbox 948 3083 1136 3166; x_wconf 84' lang='lat' dir='ltr'>hodic</span> <span class='ocrx_word' id='word_1_233' title='bbox 1194 3085 1587 3150; x_wconf 85' lang='lat' dir='ltr'>inveniantur</span> <span class='ocrx_word' id='word_1_234' title='bbox 1643 3085 2074 3150; x_wconf 85' lang='lat' dir='ltr'>observantiae</span> <span class='ocrx_word' id='word_1_235' title='bbox 2138 3086 2695 3172; x_wconf 78' lang='lat' dir='ltr'>quadragesimalis</span> 
     </span>
     <span class='ocr_line' id='line_1_31' title="bbox 433 3183 2695 3269; baseline 0 -21"><span class='ocrx_word' id='word_1_236' title='bbox 433 3183 774 3248; x_wconf 87' lang='lat' dir='ltr'>dimidium</span> <span class='ocrx_word' id='word_1_237' title='bbox 823 3202 1320 3260; x_wconf 76' lang='lat' dir='ltr'>consummasse,</span> <span class='ocrx_word' id='word_1_238' title='bbox 1371 3183 1591 3248; x_wconf 89' lang='lat' dir='ltr'>timere</span> <span class='ocrx_word' id='word_1_239' title='bbox 1639 3183 1901 3260; x_wconf 82' lang='lat' dir='ltr'>videtur,</span> <span class='ocrx_word' id='word_1_240' title='bbox 1950 3203 2027 3248; x_wconf 87' lang='lat' dir='ltr'>nc</span> <span class='ocrx_word' id='word_1_241' title='bbox 2056 3204 2264 3269; x_wconf 87' lang='lat' dir='ltr'>genua</span> <span class='ocrx_word' id='word_1_242' title='bbox 2310 3183 2555 3249; x_wconf 88' lang='lat' dir='ltr'>illorum</span> <span class='ocrx_word' id='word_1_243' title='bbox 2604 3185 2695 3249; x_wconf 91' lang='lat' dir='ltr'>in-</span> 
     </span>
     <span class='ocr_line' id='line_1_32' title="bbox 441 3281 2692 3366; baseline 0 -19"><span class='ocrx_word' id='word_1_244' title='bbox 441 3283 700 3347; x_wconf 86' lang='lat' dir='ltr'>firmata</span> <span class='ocrx_word' id='word_1_245' title='bbox 745 3281 1057 3347; x_wconf 86' lang='lat' dir='ltr'>evaserint</span> <span class='ocrx_word' id='word_1_246' title='bbox 1090 3303 1126 3347; x_wconf 89' lang='lat' dir='ltr'>a</span> <span class='ocrx_word' id='word_1_247' title='bbox 1142 3281 1404 3366; x_wconf 88' lang='lat' dir='ltr'>jejuni0,</span> <span class='ocrx_word' id='word_1_248' title='bbox 1451 3288 1513 3346; x_wconf 84' lang='lat' dir='ltr'>et</span> <span class='ocrx_word' id='word_1_249' title='bbox 1542 3301 1684 3347; x_wconf 88' lang='lat' dir='ltr'>caro</span> <span class='ocrx_word' id='word_1_250' title='bbox 1716 3281 2045 3347; x_wconf 83' lang='lat' dir='ltr'>immutata</span> <span class='ocrx_word' id='word_1_251' title='bbox 2075 3282 2155 3347; x_wconf 89' lang='lat' dir='ltr'>sit</span> <span class='ocrx_word' id='word_1_252' title='bbox 2187 3286 2438 3366; x_wconf 88' lang='lat' dir='ltr'>propter</span> <span class='ocrx_word' id='word_1_253' title='bbox 2469 3281 2692 3347; x_wconf 84' lang='lat' dir='ltr'>oleum.</span> 
     </span>
    </p>
   </div>
   <div class='ocr_carea' id='block_1_6' title="bbox 439 3428 876 3438">
    <p class='ocr_par' dir='ltr' id='par_1_6' title="bbox 439 3428 876 3438">
     <span class='ocr_line' id='line_1_33' title="bbox 439 3428 876 3438; baseline -0.002 -4"><span class='ocrx_word' id='word_1_254' title='bbox 439 3429 648 3438; x_wconf 42' lang='grc' dir='ltr'>--μ-...ψ</span> <span class='ocrx_word' id='word_1_255' title='bbox 667 3429 756 3436; x_wconf 49' lang='grc' dir='ltr'>φ...-</span> <span class='ocrx_word' id='word_1_256' title='bbox 779 3428 876 3434; x_wconf 49' lang='grc'>-..-</span> 
     </span>
    </p>
   </div>
   <div class='ocr_carea' id='block_1_7' title="bbox 431 3512 2750 4550">
    <p class='ocr_par' dir='ltr' id='par_1_7' title="bbox 431 3512 2750 4307">
     <span class='ocr_line' id='line_1_34' title="bbox 624 3512 2694 3582; baseline -0.002 -13"><span class='ocrx_word' id='word_1_257' title='bbox 624 3518 676 3582; x_wconf 74' lang='lat'>¹)</span> <span class='ocrx_word' id='word_1_258' title='bbox 709 3513 1060 3582; x_wconf 82' lang='lat' dir='ltr'>Praeceperat</span> <span class='ocrx_word' id='word_1_259' title='bbox 1096 3529 1139 3567; x_wconf 88' lang='grc'>3.</span> <span class='ocrx_word' id='word_1_260' title='bbox 1178 3512 1490 3581; x_wconf 84' lang='lat' dir='ltr'>Gregorius,</span> <span class='ocrx_word' id='word_1_261' title='bbox 1541 3517 1600 3566; x_wconf 90' lang='lat' dir='ltr'>ut</span> <span class='ocrx_word' id='word_1_262' title='bbox 1637 3513 2002 3568; x_wconf 86' lang='lat' dir='ltr'>convenientes</span> <span class='ocrx_word' id='word_1_263' title='bbox 2053 3513 2115 3567; x_wconf 88' lang='lat' dir='ltr'>ad</span> <span class='ocrx_word' id='word_1_264' title='bbox 2155 3519 2354 3582; x_wconf 84' lang='lat' dir='ltr'>septem</span> <span class='ocrx_word' id='word_1_265' title='bbox 2393 3512 2694 3582; x_wconf 74' lang='lat' dir='ltr'>designatas</span> 
     </span>
     <span class='ocr_line' id='line_1_35' title="bbox 433 3592 2694 3662; baseline -0.001 -12"><span class='ocrx_word' id='word_1_266' title='bbox 433 3597 482 3650; x_wconf 89' lang='lat' dir='ltr'>in</span> <span class='ocrx_word' id='word_1_267' title='bbox 519 3595 748 3651; x_wconf 88' lang='lat' dir='ltr'>totidem</span> <span class='ocrx_word' id='word_1_268' title='bbox 787 3593 946 3648; x_wconf 81' lang='lat' dir='ltr'>Urbis</span> <span class='ocrx_word' id='word_1_269' title='bbox 981 3592 1276 3662; x_wconf 80' lang='lat' dir='ltr'>regionibns</span> <span class='ocrx_word' id='word_1_270' title='bbox 1313 3592 1568 3658; x_wconf 77' lang='lat' dir='ltr'>basilicas,</span> <span class='ocrx_word' id='word_1_271' title='bbox 1622 3608 1799 3647; x_wconf 91' lang='lat' dir='ltr'>omnes</span> <span class='ocrx_word' id='word_1_272' title='bbox 1837 3593 2026 3660; x_wconf 84' lang='lat' dir='ltr'>clerici,</span> <span class='ocrx_word' id='word_1_273' title='bbox 2073 3593 2324 3661; x_wconf 88' lang='lat' dir='ltr'>monachi,</span> <span class='ocrx_word' id='word_1_274' title='bbox 2377 3609 2557 3648; x_wconf 87' lang='lat' dir='ltr'>sacrae</span> <span class='ocrx_word' id='word_1_275' title='bbox 2596 3594 2694 3647; x_wconf 79' lang='lat' dir='ltr'>vir-</span> 
     </span>
     <span class='ocr_line' id='line_1_36' title="bbox 431 3673 2750 3744; baseline -0.001 -14"><span class='ocrx_word' id='word_1_276' title='bbox 431 3678 598 3744; x_wconf 84' lang='lat' dir='ltr'>gines,</span> <span class='ocrx_word' id='word_1_277' title='bbox 641 3675 892 3740; x_wconf 80' lang='lat' dir='ltr'>infantes,</span> <span class='ocrx_word' id='word_1_278' title='bbox 929 3673 1063 3740; x_wconf 86' lang='lat' dir='ltr'>laici,</span> <span class='ocrx_word' id='word_1_279' title='bbox 1102 3673 1316 3738; x_wconf 66' lang='lat' dir='ltr'>viduae,</span> <span class='ocrx_word' id='word_1_280' title='bbox 1354 3676 1688 3744; x_wconf 82' lang='lat' dir='ltr'>conjugatae,</span> <span class='ocrx_word' id='word_1_281' title='bbox 1742 3674 1857 3734; x_wconf 85' lang='lat' dir='ltr'>inde</span> <span class='ocrx_word' id='word_1_282' title='bbox 1914 3691 2027 3728; x_wconf 89' lang='lat' dir='ltr'>cum</span> <span class='ocrx_word' id='word_1_283' title='bbox 2065 3675 2385 3744; x_wconf 88' lang='lat' dir='ltr'>singularum</span> <span class='ocrx_word' id='word_1_284' title='bbox 2428 3675 2697 3743; x_wconf 81' lang='lat' dir='ltr'>regionum</span> <span class='ocrx_word' id='word_1_285' title='bbox 2743 3694 2750 3700; x_wconf 92' lang='lat'><strong>·</strong></span> 
     </span>
     <span class='ocr_line' id='line_1_37' title="bbox 432 3753 2698 3828; baseline -0.002 -17"><span class='ocrx_word' id='word_1_286' title='bbox 432 3756 763 3828; x_wconf 85' lang='lat' dir='ltr'>presbyteris</span> <span class='ocrx_word' id='word_1_287' title='bbox 802 3756 868 3809; x_wconf 88' lang='lat' dir='ltr'>ad</span> <span class='ocrx_word' id='word_1_288' title='bbox 907 3759 1118 3809; x_wconf 86' lang='lat' dir='ltr'>sanctae</span> <span class='ocrx_word' id='word_1_289' title='bbox 1155 3754 1253 3808; x_wconf 93' lang='lat' dir='ltr'>Dei</span> <span class='ocrx_word' id='word_1_290' title='bbox 1300 3753 1580 3808; x_wconf 84' lang='lat' dir='ltr'>Genitricis</span> <span class='ocrx_word' id='word_1_291' title='bbox 1617 3754 1883 3808; x_wconf 83' lang='lat' dir='ltr'>basilicam</span> <span class='ocrx_word' id='word_1_292' title='bbox 1921 3770 1985 3807; x_wconf 86' lang='lat' dir='ltr'>ex</span> <span class='ocrx_word' id='word_1_293' title='bbox 2024 3756 2273 3810; x_wconf 85' lang='lat' dir='ltr'>conducto</span> <span class='ocrx_word' id='word_1_294' title='bbox 2306 3771 2423 3809; x_wconf 84' lang='lat' dir='ltr'>cum</span> <span class='ocrx_word' id='word_1_295' title='bbox 2462 3755 2698 3824; x_wconf 78' lang='lat' dir='ltr'>precibus</span> 
     </span>
     <span class='ocr_line' id='line_1_38' title="bbox 433 3834 2697 3906; baseline -0.002 -14"><span class='ocrx_word' id='word_1_296' title='bbox 433 3843 488 3891; x_wconf 86' lang='lat' dir='ltr'>et</span> <span class='ocrx_word' id='word_1_297' title='bbox 523 3836 766 3892; x_wconf 87' lang='lat' dir='ltr'>lacrimis</span> <span class='ocrx_word' id='word_1_298' title='bbox 799 3835 1154 3906; x_wconf 86' lang='lat' dir='ltr'>procederent.</span> <span class='ocrx_word' id='word_1_299' title='bbox 1215 3834 1430 3904; x_wconf 87' lang='lat' dir='ltr'>Insuper</span> <span class='ocrx_word' id='word_1_300' title='bbox 1466 3835 1801 3905; x_wconf 82' lang='lat' dir='ltr'>congregatis</span> <span class='ocrx_word' id='word_1_301' title='bbox 1839 3836 2141 3892; x_wconf 85' lang='lat' dir='ltr'>clericorum</span> <span class='ocrx_word' id='word_1_302' title='bbox 2179 3829 2405 3892; x_wconf 82' lang='lat' dir='ltr'>catervis</span> <span class='ocrx_word' id='word_1_303' title='bbox 2432 3835 2697 3904; x_wconf 84' lang='lat' dir='ltr'>praecepit</span> 
     </span>
     <span class='ocr_line' id='line_1_39' title="bbox 434 3914 2699 3988; baseline -0.002 -16"><span class='ocrx_word' id='word_1_304' title='bbox 434 3918 663 3988; x_wconf 82' lang='lat' dir='ltr'>psallere</span> <span class='ocrx_word' id='word_1_305' title='bbox 701 3931 799 3985; x_wconf 90' lang='lat' dir='ltr'>per</span> <span class='ocrx_word' id='word_1_306' title='bbox 836 3914 1078 3970; x_wconf 87' lang='lat' dir='ltr'>triduum.</span> <span class='ocrx_word' id='word_1_307' title='bbox 1152 3914 1312 3968; x_wconf 82' lang='lat' dir='ltr'>Hora</span> <span class='ocrx_word' id='word_1_308' title='bbox 1349 3914 1520 3984; x_wconf 73' lang='lat' dir='ltr'>iqitur</span> <span class='ocrx_word' id='word_1_309' title='bbox 1557 3915 1723 3970; x_wconf 81' lang='lat' dir='ltr'>tertia</span> <span class='ocrx_word' id='word_1_310' title='bbox 1766 3917 1967 3980; x_wconf 84' lang='lat' dir='ltr'>(nostr&#39;a</span> <span class='ocrx_word' id='word_1_311' title='bbox 2002 3919 2158 3978; x_wconf 89' lang='lat' dir='ltr'>nona)</span> <span class='ocrx_word' id='word_1_312' title='bbox 2199 3916 2481 3970; x_wconf 68' lang='lat' dir='ltr'>cenfebant</span> <span class='ocrx_word' id='word_1_313' title='bbox 2516 3931 2699 3980; x_wconf 66' lang='lat' dir='ltr'>omnes</span> 
     </span>
     <span class='ocr_line' id='line_1_40' title="bbox 434 3983 2697 4066; baseline -0.002 -14"><span class='ocrx_word' id='word_1_314' title='bbox 434 3997 593 4052; x_wconf 73' lang='lat' dir='ltr'>chori</span> <span class='ocrx_word' id='word_1_315' title='bbox 613 3993 983 4066; x_wconf 75' lang='lat' dir='ltr'>psallentium</span> <span class='ocrx_word' id='word_1_316' title='bbox 1021 3994 1097 4049; x_wconf 79' lang='lat' dir='ltr'>ad</span> <span class='ocrx_word' id='word_1_317' title='bbox 1132 3995 1433 4061; x_wconf 79' lang='lat' dir='ltr'>ecclesiam,</span> <span class='ocrx_word' id='word_1_318' title='bbox 1490 3996 1791 4050; x_wconf 77' lang='lat' dir='ltr'>clamantes·</span> <span class='ocrx_word' id='word_1_319' title='bbox 1825 4012 1938 4066; x_wconf 81' lang='lat' dir='ltr'>per</span> <span class='ocrx_word' id='word_1_320' title='bbox 1961 3995 2217 4066; x_wconf 79' lang='lat' dir='ltr'>plateas:</span> <span class='ocrx_word' id='word_1_321' title='bbox 2266 3983 2443 4066; x_wconf 71' lang='lat' dir='ltr'>Kyrie</span> <span class='ocrx_word' id='word_1_322' title='bbox 2479 3995 2697 4049; x_wconf 76' lang='lat' dir='ltr'>eletson.</span> 
     </span>
     <span class='ocr_line' id='line_1_41' title="bbox 435 4069 2697 4146; baseline -0.003 -13"><span class='ocrx_word' id='word_1_323' title='bbox 435 4079 668 4133; x_wconf 84' lang='lat' dir='ltr'>Caetera</span> <span class='ocrx_word' id='word_1_324' title='bbox 704 4076 826 4130; x_wconf 79' lang='lat' dir='ltr'>vide</span> <span class='ocrx_word' id='word_1_325' title='bbox 863 4074 1000 4145; x_wconf 89' lang='lat' dir='ltr'>apud</span> <span class='ocrx_word' id='word_1_326' title='bbox 1038 4075 1226 4145; x_wconf 83' lang='lat' dir='ltr'>Migne,</span> <span class='ocrx_word' id='word_1_327' title='bbox 1264 4077 1298 4130; x_wconf 92' lang='lat' dir='ltr'>l.</span> <span class='ocrx_word' id='word_1_328' title='bbox 1339 4093 1401 4142; x_wconf 89' lang='grc'>3.,</span> <span class='ocrx_word' id='word_1_329' title='bbox 1441 4091 1523 4146; x_wconf 89' lang='lat' dir='ltr'>pp.</span> <span class='ocrx_word' id='word_1_330' title='bbox 1561 4077 1649 4143; x_wconf 85' lang='grc'>47,</span> <span class='ocrx_word' id='word_1_331' title='bbox 1687 4078 1919 4142; x_wconf 79' lang='grc'>80-81,</span> <span class='ocrx_word' id='word_1_332' title='bbox 1960 4075 2259 4132; x_wconf 78' lang='grc'>279--280,</span> <span class='ocrx_word' id='word_1_333' title='bbox 2299 4083 2354 4132; x_wconf 90' lang='lat' dir='ltr'>et</span> <span class='ocrx_word' id='word_1_334' title='bbox 2390 4076 2525 4146; x_wconf 88' lang='lat' dir='ltr'>apud</span> <span class='ocrx_word' id='word_1_335' title='bbox 2541 4069 2697 4128; x_wconf 88' lang='lat' dir='ltr'>Bin-</span> 
     </span>
     <span class='ocr_line' id='line_1_42' title="bbox 436 4154 2697 4227; baseline -0.001 -16"><span class='ocrx_word' id='word_1_336' title='bbox 436 4157 675 4223; x_wconf 81' lang='lat' dir='ltr'>terim,</span> <span class='ocrx_word' id='word_1_337' title='bbox 714 4154 1296 4226; x_wconf 63' lang='lat' dir='ltr'>Denkwmffiqkezten,</span> <span class='ocrx_word' id='word_1_338' title='bbox 1336 4161 1457 4210; x_wconf 88' lang='lat' dir='ltr'>tom.</span> <span class='ocrx_word' id='word_1_339' title='bbox 1493 4157 1545 4224; x_wconf 89' lang='lat'>4,</span> <span class='ocrx_word' id='word_1_340' title='bbox 1584 4163 1719 4227; x_wconf 86' lang='lat' dir='ltr'>part.</span> <span class='ocrx_word' id='word_1_341' title='bbox 1749 4159 1798 4220; x_wconf 90' lang='grc'>1,</span> <span class='ocrx_word' id='word_1_342' title='bbox 1837 4173 1920 4227; x_wconf 89' lang='lat' dir='ltr'>pp.</span> <span class='ocrx_word' id='word_1_343' title='bbox 1947 4157 2248 4224; x_wconf 78' lang='lat'>573—577,</span> <span class='ocrx_word' id='word_1_344' title='bbox 2287 4158 2370 4212; x_wconf 85' lang='lat' dir='ltr'>ubi</span> <span class='ocrx_word' id='word_1_345' title='bbox 2409 4155 2697 4211; x_wconf 86' lang='lat' dir='ltr'>summatim</span> 
     </span>
     <span class='ocr_line' id='line_1_43' title="bbox 434 4236 2307 4307; baseline -0.001 -15"><span class='ocrx_word' id='word_1_346' title='bbox 434 4238 885 4307; x_wconf 82' lang='lat' dir='ltr'>perstringuntur,</span> <span class='ocrx_word' id='word_1_347' title='bbox 925 4251 1056 4306; x_wconf 83' lang='lat' dir='ltr'>quae</span> <span class='ocrx_word' id='word_1_348' title='bbox 1094 4241 1332 4291; x_wconf 87' lang='lat' dir='ltr'>auctores</span> <span class='ocrx_word' id='word_1_349' title='bbox 1370 4238 1704 4290; x_wconf 86' lang='lat' dir='ltr'>communiter</span> <span class='ocrx_word' id='word_1_350' title='bbox 1741 4237 1804 4292; x_wconf 86' lang='lat' dir='ltr'>de</span> <span class='ocrx_word' id='word_1_351' title='bbox 1844 4236 2040 4291; x_wconf 85' lang='lat' dir='ltr'>litaniis</span> <span class='ocrx_word' id='word_1_352' title='bbox 2080 4238 2307 4292; x_wconf 87' lang='lat' dir='ltr'>tradunt.</span> 
     </span>
    </p>

    <p class='ocr_par' dir='ltr' id='par_1_8' title="bbox 437 4315 2696 4469">
     <span class='ocr_line' id='line_1_44' title="bbox 620 4315 2696 4388; baseline -0.001 -15"><span class='ocrx_word' id='word_1_353' title='bbox 620 4316 670 4384; x_wconf 84' lang='lat'>²)</span> <span class='ocrx_word' id='word_1_354' title='bbox 709 4318 791 4373; x_wconf 90' lang='lat' dir='ltr'>De</span> <span class='ocrx_word' id='word_1_355' title='bbox 829 4315 1136 4372; x_wconf 77' lang='lat' dir='ltr'>minoribus</span> <span class='ocrx_word' id='word_1_356' title='bbox 1171 4318 1251 4378; x_wconf 88' lang='lat' dir='ltr'>his</span> <span class='ocrx_word' id='word_1_357' title='bbox 1289 4317 1481 4371; x_wconf 86' lang='lat' dir='ltr'>litaniis</span> <span class='ocrx_word' id='word_1_358' title='bbox 1520 4318 1775 4388; x_wconf 85' lang='lat' dir='ltr'>agendum</span> <span class='ocrx_word' id='word_1_359' title='bbox 1801 4319 1902 4372; x_wconf 89' lang='lat' dir='ltr'>erit</span> <span class='ocrx_word' id='word_1_360' title='bbox 1939 4318 2089 4384; x_wconf 84' lang='lat' dir='ltr'>infra,</span> <span class='ocrx_word' id='word_1_361' title='bbox 2128 4319 2305 4372; x_wconf 87' lang='lat' dir='ltr'>diebus</span> <span class='ocrx_word' id='word_1_362' title='bbox 2336 4317 2696 4372; x_wconf 85' lang='lat' dir='ltr'>Ascensionem</span> 
     </span>
     <span class='ocr_line' id='line_1_45' title="bbox 437 4396 1138 4469; baseline -0.006 -15"><span class='ocrx_word' id='word_1_363' title='bbox 437 4399 646 4454; x_wconf 90' lang='lat' dir='ltr'>Domini</span> <span class='ocrx_word' id='word_1_364' title='bbox 689 4396 1138 4469; x_wconf 82' lang='lat' dir='ltr'>praecedentibus.</span> 
     </span>
    </p>

    <p class='ocr_par' dir='ltr' id='par_1_9' title="bbox 622 4463 2485 4550">
     <span class='ocr_line' id='line_1_46' title="bbox 622 4463 2485 4550; baseline -0.002 -16"><span class='ocrx_word' id='word_1_365' title='bbox 622 4477 670 4548; x_wconf 85' lang='lat'>⁸)</span> <span class='ocrx_word' id='word_1_366' title='bbox 712 4480 823 4538; x_wconf 81' lang='lat' dir='ltr'>cfr.</span> <span class='ocrx_word' id='word_1_367' title='bbox 863 4477 1120 4536; x_wconf 78' lang='lat' dir='ltr'>Totam.</span> <span class='ocrx_word' id='word_1_368' title='bbox 1158 4479 1322 4534; x_wconf 73' lang='grc' dir='ltr'>Βίαν.</span> <span class='ocrx_word' id='word_1_369' title='bbox 1361 4484 1515 4535; x_wconf 84' lang='lat' dir='ltr'>tract.</span> <span class='ocrx_word' id='word_1_370' title='bbox 1554 4481 1605 4550; x_wconf 79' lang='lat'>2,</span> <span class='ocrx_word' id='word_1_371' title='bbox 1643 4480 1728 4538; x_wconf 87' lang='lat' dir='ltr'>lib·</span> <span class='ocrx_word' id='word_1_372' title='bbox 1767 4479 1818 4544; x_wconf 92' lang='lat'>4,</span> <span class='ocrx_word' id='word_1_373' title='bbox 1858 4483 1993 4549; x_wconf 84' lang='lat' dir='ltr'>part.</span> <span class='ocrx_word' id='word_1_374' title='bbox 2031 4479 2081 4544; x_wconf 81' lang='lat'>2,</span> <span class='ocrx_word' id='word_1_375' title='bbox 2120 4482 2220 4532; x_wconf 88' lang='lat' dir='ltr'>art.</span> <span class='ocrx_word' id='word_1_376' title='bbox 2257 4478 2309 4545; x_wconf 91' lang='lat'>4,</span> <span class='ocrx_word' id='word_1_377' title='bbox 2346 4463 2397 4532; x_wconf 80' lang='lat' dir='ltr'>n.</span> <span class='ocrx_word' id='word_1_378' title='bbox 2435 4479 2485 4536; x_wconf 93' lang='grc'><strong>6</strong></span> 
     </span>
    </p>
   </div>
  </div>
 </body>
</html>
