3514 5391
1084 484 1397 556 Ὀκτώηχος.
1454 484 1716 542 Semestre
1753 487 1989 542 aestatiS.

602 684 684 751 Et
728 684 885 750 haec
934 685 1189 769 quidem
1236 685 1314 751 de
1362 705 1619 769 corpore
1666 685 1827 751 libri.

599 807 769 889 Quae
816 809 1040 874 deinde
1089 813 1437 893 sequuntur
1482 820 1810 873 consuetae
1860 810 2244 897 appendices
2291 812 2376 895 pri

422 905 646 970 sistunt
694 904 1267 992 Ἐξαποστειλάρια
1314 913 1378 973 et
1424 902 1673 971 ἑωθινὰ
1719 901 2019 989 inconexa
2066 905 2376 972 ἅναστάσι

420 1008 778 1088 peratorum
826 1004 1086 1082 Leonis,
1147 1009 1264 1070 τοῦ
1316 1003 1732 1093 Σοφωτάτου,
1802 1027 1873 1072 ac
1921 1005 2028 1071 filii
2078 1008 2211 1089 ejus
2263 1006 2376 1072 Gor

417 1121 575 1185 quae
624 1093 815 1167 etiam
864 1103 1167 1169 latinitate
1224 1105 1450 1169 donata
1498 1109 1782 1188 prostant
1830 1105 1991 1188 apud
2041 1104 2293 1191 Migne,
2356 1104 2376 1168 l

419 1208 460 1265 t.
514 1199 667 1278 107,
718 1221 820 1285 pp.
871 1201 1251 1267 299—308.
2090 1203 2092 1206 ’

592 1307 973 1385 Succedunt,
1022 1328 1181 1392 quae
1230 1329 1304 1373 ex
1350 1309 1687 1396 Hprologio
1735 1314 1879 1373 nota
1930 1313 2092 1384 sunt,
2148 1308 2376 1371 &eorm

414 1400 676 1470 λυτῖκια
720 1400 812 1482 εἷς
858 1404 1132 1470 ἕκαστον
1175 1398 1349 1492 ἦχον.

594 1514 906 1581 Volumen
971 1514 1267 1580 claudunt
1338 1520 1463 1579 tres
1526 1515 1805 1580 celebres
1876 1534 2142 1579 canones
2203 1512 2376 1601 liturg

412 1634 487 1678 ex
535 1613 766 1678 eodem
816 1613 1153 1700 Horologio
1200 1614 1428 1679 slavice
1478 1620 1539 1680 et
1584 1615 1942 1701 germanice
1991 1613 2153 1678 versi
2199 1613 2352 1679 locis

412 1710 722 1777 bibentur
753 1733 787 1776 a
814 1712 884 1777 M
903 1711 1186 1778 altzew
1207 1764 1221 1790 ,
1271 1713 1336 1777 in
1370 1713 1622 1799 egregio
1653 1732 1842 1796 opere
1874 1711 2376 1790 Andaehtsbueh,

406 1809 537 1894 jam
589 1811 871 1876 laudato:
922 1812 1215 1877 nimirum
1269 1808 1504 1874 Κανών
1548 1804 1863 1897 ἱκετὴριος
1909 1805 2006 1886 εἷς
2048 1808 2166 1874 τὸν
2215 1808 2374 1895 Κύρι

414 1907 667 1996 Ἰησοῦν
714 1907 1020 1995 Χριστόν,
1070 1907 1186 1973 δύο
1234 1906 1496 1986 κανόνες
1542 1907 2013 1997 παρακλητικοί
2041 1910 2090 1994 ¹)
2137 1903 2232 1985 εἷς
2276 1908 2376 1996 τὴι

409 2001 557 2090 γίαν
606 2006 931 2072 θεοτόκον
977 2005 1046 2094 (ὃ
1091 2005 1317 2089 μικρὸς
1361 2005 1469 2071 καὶ
1516 2005 1552 2071 ὁ
1597 2006 1848 2093 μέγας),
1897 2007 2105 2072 κανών
2150 2011 2266 2071 τοῦ
2313 2006 2376 2072 ὠ

410 2102 621 2188 ὕμνου
650 2105 728 2190 ²).

598 2210 1059 2300 Παρακλητική
1103 2234 1226 2278 non
1276 2213 1474 2278 solum
1526 2234 1637 2299 per
1665 2234 1799 2279 eam
1853 2215 1998 2279 anni
2030 2220 2270 2299 partem
2306 2215 2366 2279 in

410 2333 578 2397 quae
643 2312 856 2377 media
899 2311 1224 2395 interjacet
1281 2312 1444 2377 inter
1488 2312 1999 2377 Pentecostarion
2062 2317 2124 2377 et
2172 2313 2376 2378 Triodi

414 2412 554 2500 aliis
605 2399 999 2504 temporibus
1048 2410 1234 2475 etiam
1284 2410 1647 2494 saepissime
1696 2410 2063 2487 adhibetur3
2115 2431 2305 2494 quum
2356 2412 2376 2475 f

412 2510 569 2574 tidie
638 2507 874 2593 aliquid
934 2508 999 2572 in
1061 2528 1134 2573 eo
1193 2508 1570 2591 reperiatur,
1642 2509 1806 2591 quod
1871 2508 1998 2572 sive
2046 2507 2108 2571 in
2158 2508 2371 2585 Missa,

412 2607 747 2691 Vesperi&
797 2607 927 2691 sive
975 2605 1037 2670 in
1085 2605 1396 2671 Matutino
1455 2607 1842 2671 recitandum
1893 2610 2022 2681 est3
2087 2607 2333 2690 quando

415 2706 557 2772 aliis
628 2704 871 2771 Officiis
938 2706 1189 2790 propria
1252 2705 1716 2782 desiderantur,
1791 2725 1950 2788 quae
2013 2706 2087 2769 ad
2152 2704 2376 2789 compl(

416 2804 635 2869 Officii
700 2804 1082 2888 pertineant,
1152 2805 1229 2869 ad
1278 2801 1771 2891 Παρακλητικήν
1833 2803 2029 2869 lector
2089 2804 2376 2869 remittitt

413 2903 617 2987 igitur
652 2902 1016 2980 miraberis,
1068 2903 1119 2967 si
1165 2902 1288 2967 hoc
1334 2902 1626 2983 volumen
1673 2923 1824 2986 prae
1872 2902 2134 2967 caeteris
2172 2902 2376 2967 omnib

415 2999 785 3066 choralibus
834 2998 1147 3083 frequenti
1210 3005 1533 3065 cantorum
1599 3001 2086 3066 contrectatione
2147 3000 2376 3065 foedati

417 3101 683 3184 duoque
730 3119 847 3163 usu
897 3099 1254 3176 contritum,
1306 3118 1376 3163 ac
1406 3103 1646 3163 tantum
1697 3118 1819 3163 non
1847 3098 1980 3181 jam
2011 3095 2311 3181 ῥακῶδες,
2359 3121 2376 3186 i

414 3198 620 3281 ajunt,
675 3197 736 3261 in
787 3195 1070 3263 eeclesiis
1116 3197 1448 3262 inveneris

614 3444 970 3535 Ὀκτώηχος
1019 3485 1099 3494 -
1150 3444 1185 3509 ὁ
1234 3442 1544 3534 ἑξάμηνος
1590 3443 2036 3530 α’νεόρταστος.

612 3590 889 3681 Tempus
936 3593 1049 3677 τῆς
1096 3587 1450 3677 Ὀκτωήχου
1498 3589 1643 3656 olim
1694 3591 1850 3654 adeo
1898 3589 2053 3654 raris
2102 3589 2278 3653 festis
2317 3582 2376 3653 'di

418 3694 580 3765 erat,
649 3693 717 3753 ut
764 3684 1093 3768 αὐτολέξει
1154 3689 1314 3752 anni
1377 3698 1618 3774 tempus
1647 3685 1850 3772 festis
1898 3708 2122 3750 carena
2169 3683 2236 3770 (ὁ
2286 3687 2376 3751 siv

416 3809 631 3874 μηνος
677 3783 1142 3872 ἀνεόρταστσς)
1200 3787 1531 3852 diceretur.
1627 3785 1702 3850 In
1747 3784 2051 3849 hodierno
2098 3804 2324 3869 graeco
2373 3819 2376 3838 ‹

419 3892 647 3951 tamen
696 3891 936 3970 septem
989 3885 1294 3950 solemnia
1340 3885 1701 3968 conceptiva
1747 3882 1962 3960 habet,
2013 3882 2240 3966 quibus
2284 3883 2347 3947 in

423 3984 918 4069 particularibus
966 3982 1245 4049 ecclesiis
1294 3984 1479 4048 modo
1526 4002 1739 4059 unum,
1794 3983 1979 4046 modo
2028 3986 2088 4045 et
2136 3981 2376 4046 alterun

625 4272 666 4337 ¹)
706 4269 859 4323 Prior
894 4270 1112 4324 habetur
1150 4269 1286 4340 apud
1323 4270 1514 4338 Migne‚
1554 4268 1697 4322 Patr.
1736 4283 1816 4336 gr.
1858 4272 1896 4321 t.
1937 4268 2057 4334 140,
2096 4283 2180 4336 pp.
2220 4267 2376 4321 771—

621 4350 669 4416 ²)
709 4349 902 4404 Exstat
950 4351 1109 4405 etiam
1155 4367 1342 4418 graece
1394 4353 1449 4402 et
1500 4348 1658 4402 iatine
1710 4347 1844 4415 apud
1895 4347 2096 4415 Migne,
2158 4346 2302 4399 Patr.
2355 4363 2376 4412 g

428 4447 517 4501 pp.
569 4430 948 4484 1019—1028.
2322 4443 2329 4448 ·
