3514 5391
829 523 937 579 420
1549 520 1709 578 Festa
1744 491 1953 579 mobilia
1988 519 2108 594 po'st
2142 521 2360 579 Pascha.

1009 724 1261 790 Primus
1306 721 1782 805 Sequentiarum
1847 727 2063 789 auctor
2108 722 2170 789 N
2188 720 2548 800 otkerus,
2616 741 2663 787 s.
2716 720 2880 788 Galli
2942 740 3071 785 mo·

832 821 1069 888 nachus
1118 822 1186 905 (†
1231 819 1411 903 911),
1478 840 1514 885 a
1539 883 1544 886 ,
1573 819 1887 904 plerisque
1950 820 2224 886 creditur
2246 821 2330 904 ¹);
2399 826 2461 886 at
2519 825 2661 904 post
2707 839 2853 885 eum
2909 819 3071 884 dictu

829 919 1193 985 incredibile
1241 925 1353 996 est,
1403 923 1554 1002 quot
1599 919 1661 983 in
1711 919 2017 1003 ejusmodi
2063 919 2411 1003 pangendis
2456 917 2866 984 cantiunculis
2912 917 3074 982 labo-

831 1020 1045 1085 rarint.
1160 1017 1466 1098 Quoniam
1529 1036 1674 1082 vero
1739 1017 2072 1101 pleraeque
2142 1016 2330 1101 hujus
2394 1017 2643 1103 generis
2707 1015 3075 1100 Sequentiae

842 1118 1048 1182 verbis
1098 1117 1326 1201 ignotis
1375 1119 1436 1179 et
1481 1116 1794 1192 barbaris,
1860 1116 2088 1199 ineptis
2134 1134 2381 1199 quoque
2447 1120 2509 1181 et
2556 1114 2898 1200 puerilibus
2944 1134 3077 1178 sen·
3187 1192 3191 1196 ‚

833 1214 1043 1280 tentiis
1090 1214 1432 1292 scatebant,
1484 1212 2007 1279 Coloniensis
2054 1212 2415 1298 Synodus
2463 1234 2562 1282 an.
2614 1212 2788 1279 1536
2836 1214 2915 1278 de
2960 1212 3075 1277 illis

833 1314 1112 1379 delendis
1161 1313 1456 1397 cogitavit
1500 1312 1667 1379 Part.
1716 1312 1800 1379 II.
1851 1333 1986 1378 can.
2018 1314 2120 1389 11,
2170 1313 2262 1377 uti
2308 1312 2517 1379 videre
2564 1318 2659 1378 est
2689 1312 2854 1395 apud
2883 1310 3075 1376 Har-

833 1412 1089 1477 douin.
1139 1417 1290 1476 tom.
1345 1412 1446 1487 11,
1498 1431 1556 1494 p.
1611 1412 1804 1479 1982.

1011 1507 1248 1573 Eadem
1295 1509 1412 1573 fuit
1459 1509 2118 1575 Tri'dentinorum
2165 1512 2426 1579 Patrum
2457 1511 2783 1576 sententia.
2850 1509 3076 1592 Quam-

834 1608 1049 1673 obrem
1109 1609 1171 1672 in
1233 1608 1665 1674 emendatione
1712 1608 1990 1675 Missalis
2050 1608 2313 1674 Romani
2353 1609 2534 1692 jussu
2581 1630 2630 1675 s.
2681 1608 2776 1674 Pii
2825 1608 2953 1675 ΡΡ.
3002 1608 3073 1674 V.

835 1707 981 1772 editi
1030 1705 1404 1789 Sequentiae
1451 1705 1582 1772 fere
1630 1727 1848 1772 onmes
1895 1716 2241 1792 expunctae
2287 1713 2451 1784 sunt,
2501 1709 2668 1792 quod
2700 1706 2832 1774 scil.
2867 1727 3077 1773 earum

832 1805 1182 1889 pleraeque,
1232 1810 1301 1870 ut
1347 1803 1688 1870 Concilium
1740 1804 2109 1872 Coloniense
2156 1808 2259 1884 ait,
2309 1828 2490 1870 cacco
2520 1805 2813 1892 ,quodam
2826 1806 3077 1897 judicio

835 1905 1338 1990 superstitiosius
1382 1905 1664 1968 invectae
1709 1905 1957 1990 ineptae
2004 1910 2190 1990 atque
2229 1905 2498 1989 pueriles
2531 1909 2741 1970 essent
2787 1909 2852 1970 et
2882 1903 3078 1969 eccle·

838 2003 1120 2068 siasticae
1181 2002 1466 2088 dignitati
1529 2003 1735 2068 minus
1783 2006 2271 2082 consentaneae,
2336 2009 2399 2069 et
2444 2004 2611 2087 quod
2671 2023 2884 2069 earum
2931 2021 3079 2068 usus

731 2114 736 2120 '
837 2121 874 2165 a
917 2100 1141 2185 priscis
1187 2100 1508 2168 Ecclesiae
1554 2102 1854 2167 institutis
1902 2102 2285 2168 abhorreret.

1013 2208 1356 2273 Memoriae
1400 2210 1602 2293 gratia
1646 2214 1856 2274 tamen
1903 2209 2235 2274 nonnullae
2283 2209 2344 2274 in
2381 2208 2623 2274 Missali
2656 2208 2937 2275 Romano
2984 2229 3078 2274 re-

837 2311 1044 2371 tentae
1092 2311 1253 2376 sunt,
1305 2327 1530 2391 nempe
1581 2306 1811 2370 Lauda
1860 2305 2019 2371 Sion
2067 2306 2482 2384 Salvator-cm,
2541 2325 2729 2390 quam
2777 2328 2827 2373 s.
2876 2307 3078 2372 Tho-

838 2424 997 2469 mas
1044 2406 1178 2488 Aq.
1231 2406 1611 2491 composuit3
1689 2405 1846 2469 Veni
1893 2403 2125 2469 Sancte
2172 2403 2477 2491 Spiritus,
2540 2405 2717 2488 cujus
2764 2411 3077 2471 auctorem

837 2502 1379 2567 Hermannum
1446 2501 2009 2594 Contra-ctum,
2098 2504 2476 2568 monachum
2546 2503 2791 2589 Augiae
2856 2503 3082 2570 Divitis

838 2601 902 2684 (†
939 2600 1157 2685 1054),
1208 2601 1483 2667 Joannes
1511 2602 1692 2687 Egon
1725 2603 1949 2668 asserit
1971 2601 2040 2686 ²),
2092 2601 2196 2668 alii
2224 2601 2690 2680 Robertum,
2741 2601 3079 2668 Galliarum

839 2700 1075 2786 Regem
1125 2701 1190 2785 (†
1240 2700 1459 2784 1031),
1510 2703 1600 2767 uti
1648 2722 1722 2767 ex
1753 2701 2161 2788 Ziegelbauer
2197 2702 2386 2766 tradit
2415 2700 2632 2787 Migne
2655 2700 2726 2787 ⁸),
2778 2701 2878 2768 alii
2912 2702 3084 2767 deni-

838 2818 959 2881 que
1006 2798 1570 2863 Innocentium
1617 2799 1743 2865 ΡΡ.
1774 2798 1893 2867 III.
1944 2799 2312 2884 perhibent;
2363 2804 2426 2866 et
2462 2798 2763 2865 Victimac
2784 2797 3085 2886 paschali

838 2897 1080 2978 laudes,
1145 2897 1322 2981 cujus
1368 2898 1689 2983 ignoratur
1736 2903 1969 2977 auctor,
2032 2899 2179 2965 licet
2226 2897 2403 2962 multi
2451 2916 2591 2962 eam
2636 2896 2917 2963 Notkero
2973 2897 3080 2962 tri-

839 2996 1049 3062 buant.
1143 2995 1218 3060 In
1262 2995 1478 3061 Missis
1541 2996 1976 3063 defunctorum
2028 2988 2333 3083 permissa
2393 3014 2638 3079 quoque
2687 2996 2804 3062 fuit
2848 2996 3084 3060 Proca:

839 3094 996 3157 Dies
1042 3094 1203 3172 irae,
1253 3093 1389 3157 dics
1436 3094 1577 3176 illa,
1628 3096 1805 3178 cujus
1852 3096 2103 3160 omnino
2151 3095 2425 3160 incertus
2472 3099 2568 3160 est
2604 3099 2840 3173 auctor,
2890 3112 3078 3178 quum

838 3211 959 3256 non
1009 3191 1215 3255 minus
1263 3197 1400 3256 octo
1449 3193 1827 3276 scriptorum
1875 3192 2078 3258 foetus
2125 3193 2386 3258 dicatur.
2482 3192 2772 3261 Accessit
2829 3193 3076 3258 demum

838 3289 1176 3373 Sequentia
1222 3288 1451 3355 Stabat
1498 3291 1713 3354 Mater
1775 3290 2107 3368 dolorosa,
2174 3310 2333 3375 quae
2376 3290 2744 3357 Innocentio
2792 3289 2918 3357 ΡΡ.
2968 3288 3076 3355 III.

845 3410 880 3453 a
925 3389 1120 3474 Pagio
1160 3390 1406 3471 juniore
1455 3390 1845 3456 adscribitur.

1016 3510 1090 3569 In
1109 3511 1397 3571 Romanis
1425 3511 1750 3571 Ordinibus
1779 3513 2120 3587 primaevis,
2160 3513 2351 3586 inquit
2374 3512 2785 3584 Zaccaria,
2823 3511 3080 3569 Biblioth.

837 3593 1025 3647 ritant.
1065 3597 1107 3649 t.
1147 3594 1194 3659 1,
1234 3610 1289 3666 p.
1314 3594 1402 3656 33.
1441 3594 1666 3651 nullum
1691 3594 2012 3666 vestigium
2053 3594 2126 3652 de
2157 3592 2498 3667 Sequentiis
2528 3594 2592 3652 in
2617 3592 2803 3652 Missa
2827 3591 3077 3653 Romani

839 3672 1149 3731 Pontificis
1201 3673 1468 3732 dicendis
1519 3674 1832 3747 comperio.
1908 3673 2162 3733 Saeculo
2201 3675 2285 3734 12.
2335 3673 2791 3747 sequentiarum
2847 3680 2911 3733 et
2945 3675 3078 3728 Pro-

837 3770 1028 3807 sarum
1068 3753 1179 3825 (sic
1216 3754 1671 3828 appellatarum,
1711 3755 1863 3827 quod
1889 3755 1951 3813 in
1990 3755 2062 3813 iis
2099 3772 2214 3813 non
2242 3756 2640 3815 observantur
2676 3754 2964 3812 metricae
2991 3768 3079 3811 re·

838 3832 1041 3905 gulae)
1079 3849 1264 3905 usum,
1303 3851 1419 3892 non
1443 3840 1640 3893 tamen
1682 3835 1743 3893 in
1772 3853 1838 3893 re
1878 3835 2099 3909 divina,
2141 3835 2529 3908 agnoscimus,
2581 3835 2687 3894 sed
2725 3834 2786 3893 in
2826 3835 2926 3893 die
2963 3832 3078 3893 Na-

838 3914 981 3971 talis
1031 3912 1273 3972 Domini
1330 3920 1392 3972 et
1436 3915 1498 3973 in
1549 3914 1647 3972 die
1684 3913 2007 3974 Paschatis
2065 3915 2225 3974 inter
2272 3915 2702 3989 prandendum.
2787 3914 2877 3975 Iis
2928 3915 3075 3974 enim

840 3993 1048 4051 diebus
1087 3993 1320 4051 solebat
1356 3994 1659 4054 Romanus
1695 3994 1981 4054 Pontifex
2018 4012 2145 4056 cum
2189 3996 2480 4070 episcopis
2528 4003 2592 4055 et
2630 3997 2893 4055 caeteris
2931 3995 3078 4055 ordi·

841 4073 1011 4131 nibus
1050 4074 1241 4131 cibum
1281 4090 1541 4146 sumere,
1599 4081 1661 4134 et
1709 4083 1845 4149 post
1890 4077 2207 4135 lectionem
2262 4076 2639 4136 homiliarum
2693 4076 2773 4135 ad
2824 4092 3075 4136 mensam

840 4153 1165 4226 Sequentia
1204 4170 1241 4211 a
1277 4157 1637 4226 cantoribus,
1675 4158 1998 4216 mandante
2037 4157 2354 4230 Pontifice,
2405 4157 2868 4218 decantabatur.
2942 4158 3079 4217 Sae-

1023 4315 1064 4384 ι)
1106 4316 1213 4371 Cfr.
1254 4316 1444 4385 Migne,
1483 4317 1627 4371 Patr.
1666 4320 1700 4373 l.
1740 4326 1779 4373 t.
1820 4321 1941 4387 131,
1978 4335 2030 4389 p.
2069 4320 2190 4374 989.

1019 4395 1064 4463 ')
1105 4397 1252 4466 Apud
1291 4398 1482 4466 Migne,
1519 4398 1662 4453 Patr.
1701 4400 1735 4453 l.
1776 4404 1814 4453 t.
1857 4400 1976 4466 143,
2016 4416 2065 4469 p.
2106 4402 2191 4454 10.

1021 4475 1064 4543 ⁸)
1105 4476 1229 4530 Ibid.
1267 4481 1306 4529 t.
1348 4479 1466 4543 141,
1506 4495 1554 4548 p.
1592 4480 1714 4534 899.
