3514 5391
891 500 958 552 57
962 500 992 551 -1
1521 502 1696 554 Annus
1743 501 2123 554 ecclesiasticus
2162 504 2515 556 Armenormu.

1468 697 1640 752 Sectio
1679 697 1717 750 I.
1794 697 2162 767 Hajdnuthidn.
2222 699 2569 769 Theophanis..
2713 715 2727 728 ·

892 879 1032 957 dae,
1084 889 1144 941 et
1191 876 1446 951 Saaem',
1499 890 1556 942 et
1587 878 1952 968 Benjamini
1984 880 2259 959 diaconi,
2309 883 2515 965 quiin
2550 880 2805 944 Perside
2854 903 3120 944 conmm-

895 980 1051 1040 mati
1096 989 1260 1041 sunt.
2700 988 2704 999 '

1073 1085 1328 1149 Pionius
1362 1086 1658 1169 martyrio
1709 1092 2039 1151 coronatus
2089 1092 2183 1151 est
2217 1086 2520 1170 Smyrnae
2567 1088 2913 1171 imperante
2944 1085 3125 1149 Decio

896 1205 1034 1248 eum
1087 1183 1440 1267 quindecim
1491 1184 1692 1261 soeiiS‚
1764 1186 1840 1249 de
1889 1204 2010 1268 quo
2060 1182 2288 1249 Mart.
2340 1183 2545 1249 Rom.
2601 1187 2679 1250 ad
2732 1187 2788 1250 1.
2838 1183 3024 1248 Febr.
3071 1196 3123 1245 et

893 1283 1089 1348 Men.
1143 1281 1194 1347 G*
1216 1303 1264 1347 r.
1316 1283 1394 1346 ad
1445 1283 1545 1346 11.
1597 1280 1830 1347 Martii.
1926 1283 2111 1348 Unde
2159 1282 2414 1347 Missale
2465 1284 2779 1367 quoddam
2830 1284 3125 1347 Armeno-

893 1403 1032 1447 rum
1079 1381 1445 1445 Sanctorum
1514 1384 2166 1446 commemorationem
2239 1383 2313 1447 ad
2375 1382 2654 1467 singulos
2714 1381 2945 1446 mensis
3001 1380 3125 1444 dies

893 1482 1259 1565 disponenS‚
1330 1478 1417 1543 sic
1467 1476 1687 1544 habet:
1755 1482 1860 1543 11.
1930 1480 2176 1544 Martii.
2247 1478 2473 1543 Sancti
2515 1480 2737 1545 Pionia·
2784 1476 3128 1565 presbyteri

894 1578 1312 1666 SmfflmensiS,
1362 1588 1421 1641 et
1482 1567 1809 1643 sociorum.
1862 1617 1942 1623 -—
1992 1577 2245 1665 Marcus
2295 1599 2390 1662 ep.
2438 1578 2914 1644 Arethusiorum
2963 1577 3125 1641 urbis

894 1678 1125 1762 Syriae,
1177 1677 1520 1760 imperante
1569 1676 1818 1759 Juliano
1868 1698 2059 1761 quum
2111 1678 2268 1742 mira
2314 1697 2426 1743 sua
2472 1678 2768 1760 patientia
2815 1675 3126 1741 earnifiees

895 1778 972 1841 ad
1021 1774 1456 1860 poenitentiam
1511 1776 1966 1851 commovisset,
2036 1776 2192 1841 liber
2238 1775 2314 1840 ab
2366 1775 2485 1840 illis
2533 1777 2847 1851 dimissuS‚
2898 1773 3123 1858 placida

893 1882 1092 1940 morte
1140 1872 1293 1938 obiit
1336 1868 1398 1937 in
1448 1874 1666 1938 eadem
1715 1874 1887 1955 urbe,
1940 1875 2017 1939 de
2067 1896 2190 1959 quo
2240 1873 2438 1940 Men.
2488 1876 2609 1941 Gr.
2661 1876 2722 1940 d.
2773 1872 2878 1939 30.
2905 1870 3122 1936 Martii.

894 1972 1159 2058 Gyrillns
1221 1993 1364 2037 vero
1413 1972 1714 2037 diaeonus
1783 1973 1896 2036 sub
1949 1975 2167 2037 eodem
2216 1971 2465 2038 ‚Iuliano
2532 1974 2607 2037 ab
2656 1971 2994 2038 idololatris
3037 1969 3123 2032 di-

892 2072 1151 2138 rissimis
1202 2070 1523 2135 tormentis
1571 2076 1845 2148 vexatus,
1897 2072 1954 2135 in
2006 2071 2235 2136 finibus
2264 2070 2640 2137 Phoeniciae
2671 2076 3123 2137 consummatus

885 2176 1007 2255 est,
1058 2172 1134 2235 de
1183 2190 1306 2252 quo
1351 2168 1581 2232 Mart.
1634 2167 1841 2233 Rom.
1895 2171 1953 2234 d.
2006 2170 2111 2236 29.
2165 2170 2375 2234 Martii
2424 2175 2485 2233 et
2533 2169 2887 2236 Gr.Men.
2937 2169 2993 2233 d.
3024 2166 3122 2231 30.

899 2270 1195 2353 ejusdem.
1252 2305 1328 2313 -—
1382 2265 1584 2345 Quum
1635 2268 1843 2332 Arm.
1894 2266 2093 2333 Men.
2164 2268 2278 2333 hos
2344 2274 2472 2333 tres
2534 2267 2719 2333 simul
2768 2272 2959 2352 ponat
3016 2265 3122 2330 sub

894 2369 992 2432 die
1032 2364 1145 2435 23.
1198 2364 1438 2441 Martii,
1510 2385 1721 2430 eorum
1776 2367 2283 2432 commemoratio
2347 2364 2452 2432 hie
2500 2367 2732 2451 pariter
2780 2365 3120 2432 collocatur.

901 2467 1095 2531 Porro
1162 2464 1280 2529 alia
1327 2463 1589 2529 Kalend.
1655 2470 1903 2547 praeter
1953 2471 2077 2531 tres
2126 2465 2515 2549 supradictos
2582 2466 2819 2531 addunt
2862 2482 3121 2530 comme-

894 2564 1302 2630 morationem
1362 2562 1619 2628 aliorum
1687 2567 1952 2647 quatuor
2017 2570 2359 2648 martyrum
2434 2570 2998 2630 consummatorum
3062 2562 3119 2623 in

899 2663 1153 2730 Perside
1202 2660 1553 2730 Theodosio
1603 2661 1862 2728 Juniore
1926 2664 2289 2748 imperanto.
2384 2665 2480 2729 Ae
2543 2662 2808 2747 primum
2860 2680 3122 2726 comme-

893 2764 1297 2828 morationem
1344 2760 1566 2826 Abdae
1613 2781 1709 2845 ep.
1781 2763 1886 2844 qui
1954 2762 2250 2846 martyrio
2319 2775 2646 2829 coronatus
2695 2767 2791 2826 est
2837 2760 2912 2825 ab
2956 2758 3121 2823 Isde-

888 2862 1080 2948 gerde
1128 2881 1294 2946 rege,
1345 2860 1508 2943 quod
1539 2860 1842 2945 templum
1876 2860 2209 2926 Persarum
2261 2860 2566 2926 cultorum
2597 2861 2759 2946 ignis
2793 2858 3119 2930 evertisset,

890 2961 967 3024 de
1015 2980 1135 3044 quo
1184 2959 1380 3024 Men.
1432 2958 1557 3025 Gr.
1607 2960 1666 3022 d.
1718 2959 1823 3023 31.
1864 2959 2093 3025 Martii.
2166 2959 2407 3046 Deinde
2432 2958 2804 3024 Hormisdae
2832 2955 3119 3022 etSaaeni

892 3059 1222 3143 Satrapum
1282 3057 1649 3135 Persarum.
1720 3058 1825 3142 qui
1887 3058 2119 3123 ibidem
2168 3078 2206 3121 a
2252 3056 2587 3123 Persarum
2642 3075 2791 3142 rege
2839 3053 3120 3136 martyrio

891 3155 1091 3221 affecti
1161 3161 1300 3221 sunt
1373 3176 1483 3240 pro
1545 3154 1775 3221 Christi
1846 3157 2001 3234 fide,
2076 3158 2150 3220 de
2216 3157 2441 3239 quibus
2505 3155 2737 3221 Mart.
2805 3153 3004 3219 Rom.
3063 3152 3116 3215 d.

893 3257 950 3320 8.
1001 3255 1291 3340 Augusti.
1359 3259 1419 3319 et
1467 3254 1660 3320 Men.
1713 3255 1837 3322 Gr.
1890 3258 1947 3321 d.
2001 3256 2105 3320 31.
2156 3255 2386 3330 Martii,
2455 3255 2558 3320 ubi
2609 3255 2711 3332 ait,
2777 3253 2939 3338 quod
2994 3257 3117 3336 post

893 3354 1252 3443 martyrium
1303 3354 1520 3420 Abdae
1567 3376 1689 3441 per
1737 3376 1937 3419 annos
1988 3355 2261 3439 inteqros
2313 3355 2579 3437 viginta
2622 3350 2808 3417 multi
2853 3351 3117 3415 claruere

891 3463 1230 3538 martyres,
1304 3474 1381 3516 eae
1427 3450 1649 3538 quibus
1711 3463 1895 3517 erant
1954 3454 2083 3516 viri
2129 3451 2489 3539 locupletes,
2555 3457 2673 3517 ete.
2767 3451 2918 3515 Tum
2968 3448 3116 3512 Ben-

882 3550 1104 3634 jamini
1152 3551 1412 3628 diaconi,
1466 3552 1567 3635 qui
1619 3552 1784 3635 quod
1812 3549 2147 3616 Persarum
2199 3550 2425 3615 multos
2475 3571 2584 3633 per
2617 3549 3113 3633 praedicationem

893 3652 968 3715 ad
1016 3650 1204 3714 fidem
1243 3650 1669 3728 convertisset,
1705 3651 2073 3734 martyrium
2122 3650 2351 3734 pariter
2398 3648 2589 3714 subiit
2633 3649 2696 3711 in
2728 3646 2982 3712 Perside
3010 3643 3112 3708 sub

891 3748 1247 3831 Isdegerde‚
1301 3749 1377 3813 de
1404 3747 1883 3833 qquartyr.
1936 3748 2140 3812 Rom.
2193 3745 2480 3812 etMen.
2515 3746 2634 3812 Gr.
2686 3746 2743 3810 d.
2777 3740 3108 3808 31.Martii.

893 3847 1014 3914 Sed
1064 3847 1351 3931 quoniam
1409 3848 1610 3911 Arm.
1667 3846 1778 3911 Me
1800 3867 1857 3912 n.
1932 3846 2047 3911 hos
2109 3850 2370 3929 quatuor
2432 3844 2809 3928 conjunctim
2874 3839 3107 3907 eolloeat

892 3945 1005 4010 sub
1068 3945 1166 4010 die
1218 3947 1318 4008 14.
1369 3945 1634 4030 ApriliS‚
1709 3946 1939 4009 ideireo
2003 3965 2213 4009 eornm
2281 3944 2559 4010 omnium
2626 3938 3107 4009 commemoratio

891 4044 991 4107 hio
1041 4064 1160 4106 una
1211 4044 1545 4128 peragitur.

1069 4222 1122 4284 F
1141 4243 1174 4285 e
1189 4223 1250 4286 ri
1268 4244 1302 4287 a
1333 4220 1444 4285 III.
1497 4223 1561 4284 F
1555 4232 1749 4285 estam
1766 4232 2125 4286 sanctomm
2140 4222 2589 4286 Leontino-rum
2602 4220 3102 4308 presbyteromm.

1067 4357 1258 4422 Erant
1311 4358 1405 4420 isti
1458 4356 1689 4421 ordinis
1735 4356 2246 4440 presbyterorum
2286 4361 2355 4428 et
2400 4355 2802 4419 diaconorum
2832 4347 3101 4432 martyrio

893 4456 1156 4522 eonseeti
1207 4456 1281 4519 ab
1331 4454 1666 4539 isdegerde
1730 4474 1866 4517 eum
1920 4475 1967 4519 s.
2020 4453 2297 4536 Josepho
2362 4451 2666 4516 ‹·atholi‹=o
2718 4455 3097 4516 Armenorum
