3514 5391
804 509 1059 581 Κυριακὴ
1100 515 1190 576 τῆς
1227 514 1460 580 τυρινῆς.
1517 510 1785 565 Dominica
1822 510 2303 581 Quinquagesimae.
2551 550 2558 555 »
2610 511 2681 566 53

588 704 1057 791 Ἐπίλογος.
1130 747 1211 755 -
1272 709 1364 774 Ex
1411 709 1601 774 rebus
1648 709 1919 774 breviter
1981 707 2305 793 hucusque
2349 709 2681 793 disputatis

422 808 676 895 intelligi
727 813 963 892 potest,
1014 828 1200 892 quam
1251 826 1394 873 vere
1423 807 1609 872 trium
1640 806 2176 872 hebdomadarum
2210 807 2478 891 spatium
2515 826 2680 892 προ-

422 904 727 994 νὴστιμον
773 907 843 972 in
891 907 1219 990 synaxario
1267 906 1914 991 primaeDominicae
1963 906 2364 970 annuntietur
2417 912 2531 971 ‘ceu
2577 925 2680 970 so-

419 1006 642 1071 lemnis
673 1006 987 1090 quaedam
1026 1006 1404 1089 comparatio
1445 1005 1883 1070 exercitiorum
1919 1004 2128 1090 magni
2153 1003 2372 1088 jejunii
2397 1003 2674 1086 Quadra—

420 1103 775 1191 gesimali8‚
854 1100 1076 1187 ὥσπερ
1153 1126 1252 1180 τις
1309 1096 1793 1189 προγυμνασία,
1866 1103 2067 1187 inquit
2121 1102 2185 1168 N
2205 1102 2679 1187 icephorus

424 1201 861 1279 Callistus,
913 1200 1020 1266 καὶ
1054 1194 1503 1288 παρακίνησις,
1540 1198 1697 1277 (ῧςτε
1724 1203 2348 1290 παρασκευασθῆναι
2381 1199 2487 1264 καὶ
2518 1193 2682 1265 ἑτοί-

423 1322 579 1384 μους
649 1297 817 1387 ἡμᾶς
879 1298 1188 1384 γενέσθαι
1254 1300 1420 1387 πρὸς
1487 1297 1639 1376 τοὺς
1700 1296 2172 1381 πνευματικούς
2236 1295 2482 1381 ἀγῶνας
2548 1303 2680 1362 τῶν

427 1403 747 1485 νηστειῶν,
796 1398 914 1488 τὴν
959 1398 1028 1480 ἐξ
1076 1393 1276 1475 ἔθους
1319 1396 1611 1484 μυσαράν
1656 1395 1792 1478 ἕξιν
1839 1394 2316 1477 ἀπολιπόντεςς
2382 1403 2445 1463 et
2491 1398 2675 1481 quam

426 1502 591 1564 recte
641 1500 878 1583 pariter
924 1499 1085 1564 festa
1131 1498 1520 1564 occurrentia
1562 1498 1676 1562 hoc
1723 1507 1997 1584 tempore
2044 1497 2140 1561 ita
2186 1519 2249 1560 se
2291 1496 2569 1559 habeant
2621 1507 2681 1559 et

427 1620 468 1661 a
509 1597 751 1662 sanctis
798 1606 859 1660 et
907 1596 1176 1683 dauferio
1219 1596 1515 1682 patribus
1544 1596 1806 1659 sintita
1837 1595 2175 1682 disposita,
2222 1588 2376 1657 dam
2339 1618 2415 1678 ην
2442 1588 2675 1670 αἰτίαν,

429 1697 509 1761 ait
555 1696 976 1780 synaxarium,
1045 1692 1213 1760 οὕτω
1276 1698 1385 1758 νῦν
1446 1688 1699 1779 ἔχουσι,
1767 1690 1874 1757 καὶ
1921 1690 2102 1780 παρὰ
2146 1697 2275 1757 τῶν
2322 1687 2516 1776 ἁγίων
2562 1691 2677 1757 ‘uod

432 1792 784 1883 θεωφόρων
828 1792 1130 1881 πατέρων
1173 1790 1564 1880 ἐτάχθησαν.
2317 1819 2324 1823 <

600 1974 857 2039 Potiora
895 1974 1126 2039 Triodii
1175 1975 1377 2058 capita
1423 1974 1502 2038 de
1535 1972 1884 2038 admirabili
1909 1972 2260 2036 officiorum
2280 1970 2675 2056 colligatione

434 2095 501 2138 ex
546 2072 811 2158 singulis
861 2071 1203 2156 synaxariis
1267 2075 1558 2155 excerpta
1603 2070 1922 2136 dedimus:
1988 2089 2144 2153 quae
2208 2069 2490 2153 quamvis
2542 2070 2674 2154 jam

431 2171 715 2237 sufficere
764 2171 1048 2235 instituto
1098 2174 1305 2236 nostro
1354 2173 1641 2255 possent,
1708 2170 1964 2252 insuper
2009 2172 2220 2233 tamen
2267 2168 2482 2252 paucis
2530 2189 2674 2234 con-

432 2272 676 2335 firmare
728 2269 933 2355 placet
978 2290 1101 2335 uno
1147 2273 1391 2334 tantum
1439 2269 1705 2334 adducto
1754 2267 2081 2332 recentiori
2128 2266 2483 2331 testimonio
2531 2266 2574 2331 S
2588 2287 2675 2350 y-

433 2368 770 2445 meoniS,
818 2367 1468 2433 Thessalonicae
1500 2365 1747 2432 saeculo
1783 2364 1882 2431 15.
1920 2363 2519 2448 archiepiscopi,
2569 2366 2672 2448 qui

432 2466 727 2531 festorum
796 2470 1153 2531 nostrorum
1218 2464 1688 2548 dispositionem
1753 2462 2115 2529 summatim
2178 2460 2549 2526 declarando
2611 2462 2673 2526 in

434 2565 778 2651 Responais
826 2564 918 2628 ad
969 2562 1328 2630 Gabrielem
1375 2560 1937 2648 Pentapolitanum
1983 2561 2071 2625 ita
2117 2559 2332 2625 scribit
2379 2580 2429 2625 c.
2475 2559 2563 2625 56
2589 2561 2670 2642 ¹):

562 2758 576 2770 .
607 2705 807 2772 .Ἐπεὶ
828 2705 938 2771 καὶ
964 2704 1378 2794 ἠτυροφάγος
1396 2700 1493 2786 ἑβ·

434 2804 628 2888 ὄομάς
677 2803 789 2870 διὰ
835 2809 1031 2871 τοῦτο
1070 2802 1495 2891 νενομοθέτη-

432 2927 533 2966 ται
558 2898 652 2980 εἷς
676 2901 1141 2991 προκάθαρσιν
1165 2902 1356 2992 ἡμῶν,
1390 2899 1496 2966 καὶ

433 3001 590 3086 πρὸς
604 3001 718 3089 τὴν
733 2997 922 3084 ἁγίαν
937 2996 1233 3090 νηστείαν
1247 2995 1496 3083 ἑτοιμα-

433 3093 592 3178 σίαν,
639 3099 750 3164 ἵνα
797 3098 1379 3185 προκαθαρθὲντες
1422 3101 1501 3185 τῇ

435 3192 687 3286 νηστείᾳ
706 3196 1200 3284 προσέλθωμεν,
1230 3195 1337 3260 καὶ
1363 3194 1498 3262 ἀπὸ

429 3294 783 3382 βρωμάτιον
875 3294 1309 3360 λιπαινόντων
1391 3292 1521 3359 καὶ·

432 3392 774 3480 σαρκωδῶν
821 3393 989 3480 πρὸς
1034 3389 1248 3479 ὀλίγον
1274 3388 1495 3480 ἐγκρα-

429 3490 797 3577 τευσάμενοι
811 3545 824 3572 ,
852 3497 964 3581 τῆς
989 3484 1279 3580 νηστείας
1310 3489 1495 3578 ἁψώ-

430 3594 624 3672 μεθα,
656 3589 945 3677 καθαροὶ
977 3595 1088 3679 τῆς
1113 3588 1499 3676 καθαρωτά-

430 3713 537 3777 της
580 3688 691 3754 καὶ
738 3686 913 3772 ἅγιοι
958 3693 1069 3774 τῆς
1098 3686 1302 3776 ἁγνῆς.
1377 3686 1499 3754 Διὸ

434 3786 535 3852 καὶ
585 3786 909 3876 πρότερον
952 3786 1070 3871 μὲν
1118 3782 1178 3851 οἱ
1227 3786 1502 3873 πατέρες

432 3885 540 3976 τὴν
600 3886 809 3977 ψυχὴν
873 3881 1374 3972 ἐκκαθαίρουσιν
1431 3884 1499 3951 ἐν

433 3983 638 4068 τρισὶν
662 3981 1025 4069 ἑβδομάσιν
1058 3979 1151 4062 εἷς
1173 3983 1362 4072 τιμὴν
1387 3989 1498 4074 τῆς

444 4083 732 4168 Τριάὸος,
775 4082 859 4148 τὰ
888 4078 1038 4170 περί
1070 4088 1180 4171 τῆς
1206 4078 1499 4173 νηστείας

437 4180 841 4268 κηρύττοντες
894 4183 1036 4257 τοῖς
1078 4180 1498 4264 εὖαγγελικοῒς

438 4284 543 4342 τοῦ
592 4283 773 4346 ..ιατῗ
759 4302 891 4367 ρος
928 4275 1161 4364 ῥηιιασι
1194 4278 1359 4364 πρὸς
1386 4279 1499 4367 τὴν

1745 2758 1757 2770 .
1789 2758 1803 2773 .
1832 2704 2343 2787 Quandoquidem
2368 2708 2430 2768 et
2444 2703 2672 2769 hebdo-

1610 2825 1742 2869 mas
1788 2801 2147 2890 τυροφάγος
2194 2802 2540 2887 excogitata
2581 2809 2676 2867 est

1609 2904 1685 2968 ad
1711 2903 2148 3014 purgationem
2173 2906 2469 2978 nostram,
2511 2903 2572 2965 et
2597 2902 2670 2965 ad

1608 3021 1928 3067 sacrorum
1981 3000 2361 3111 jejuniorum
2417 3019 2672 3084 appara-

1610 3105 1773 3178 tum,
1838 3103 1908 3164 ut
1944 3098 2180 3184 jejunio
2228 3097 2399 3182 prius
2445 3097 2671 3182 'expur-

1607 3198 1737 3284 gati
1773 3198 2160 3275 accedamuS‚
2211 3200 2273 3261 et
2298 3216 2334 3261 a
2359 3193 2512 3261 cibis
2538 3217 2670 3261 car-

1605 3296 1776 3374 neiS,
1841 3295 1946 3379 qui
2007 3296 2304 3380 pinguem
2353 3293 2668 3359 hominem

1606 3393 1892 3473 reddunt,
1942 3395 2019 3459 ad
2060 3393 2248 3458 breve
2273 3397 2520 3476 tempus
2567 3394 2673 3458 ab·

1608 3493 1926 3569 stinentes,
1937 3491 2244 3576 jejunium
2257 3491 2667 3568 exordiamur,

1612 3592 1745 3677 puri
1785 3591 2189 3675 purissimum
2226 3590 2548 3672 'sanctique
2574 3591 2668 3654 in-

1608 3694 1997 3764 temeratum.
2043 3687 2208 3753 Hinc
2230 3688 2414 3753 etiam
2434 3688 2666 3753 factum

1609 3792 1734 3866 est,
1816 3793 1884 3852 ut
1958 3789 2165 3872 patres
2243 3787 2411 3870 prius
2471 3786 2670 3851 tribus

1600 3885 2105 3951 hebdomadibus
2149 3885 2424 3949 animum
2452 3904 2671 3968 expur-

1605 3988 1757 4070 gent
1802 3984 1866 4048 in
1897 3983 2197 4048 honorem
2219 3982 2479 4059 Triadis‚
2512 4001 2668 4064 quae

1598 4082 1816 4167 Jejunii
1866 4086 2009 4147 sunt
2054 4079 2427 4165 evangelicis
2458 4078 2672 4144 Salva-‘

1605 4181 1757 4246 toris
1775 4181 1967 4245 nostri
1995 4177 2199 4245 verbis
2219 4178 2664 4263 praedicanteS,

1606 4280 2068 4362 excitantesque
2107 4297 2219 4342 nos
2246 4278 2322 4341 ad
2349 4276 2667 4359 poeniten-

611 4458 647 4528 ¹)
686 4457 845 4531 Apud
882 4455 1254 4528 Migne,Pat1·.
1288 4473 1373 4529 gr.
1411 4461 1450 4511 t.
1491 4457 1613 4524 155,
1650 4472 1735 4529 pp.
1775 4456 2074 4512 903—906.
