3514 5391
945 518 1052 574 644
1604 520 1782 574 Annus
1820 518 2200 575 ecclesiasticus
2238 516 2500 589 Syrorum.

1535 632 1624 637 .—.-
1673 633 1720 637 ν,-
1772 632 2091 638 -.—.--v.s..-ss
2158 633 2421 639 f-——7⁴.-
2490 634 2627 638 -ῂ,
2694 633 2743 637 ἡὴ
2856 633 2915 637 -
2990 630 3127 637 -—-———

946 723 1429 789 Dominicae
1473 722 1545 801 1.‚
1595 722 1704 800 ΙΙ.Τ
1746 721 1886 811 ΙΠ.,
1933 722 2287 791 IV—XIII.
2315 725 2366 808 1)
2410 735 2558 809 post
2583 725 2830 790 Pentec.
2877 722 3146 808 usquead

1124 822 1355 887 festum
1399 822 1773 886 inventionis
1819 841 1866 887 s,
1920 819 2134 886 Crucis
2184 822 2317 906 (14.
2368 820 2569 905 Sept.)

947 947 1198 1011 Festa
1258 945 1649 1029 Corporis
1714 944 2039 1009 Christi
2101 950 2162 1010 et
2224 945 2351 1028 SS..
2397 944 2693 1010 Oordis
2756 945 2979 1021 Jesu‚
3040 944 3148 1007 suis

1123 1045 1362 1121 diebus,
1413 1064 1584 1107 more
1633 1043 2015 1107 Latinorum.

953 1168 1195 1233 Ultima
1233 1191 1393 1255 pars
1427 1169 1587 1232 anni
1615 1168 2058 1233 ecclesiastici:
2105 1169 2148 1234 S
2168 1175 2352 1252 epte
2373 1190 2430 1233 m
2467 1169 2582 1232 Do
2602 1170 2948 1233 minicae
2992 1170 3149 1250 post

1123 1267 1154 1330 f
1167 1287 1200 1331 e
1219 1272 1347 1332 stu
1369 1288 1430 1331 m
1481 1266 1528 1332 O
1546 1288 1631 1332 ru
1653 1286 1686 1331 c
1705 1267 1722 1331 i
1743 1288 1801 1343 S.
1852 1286 2050 1350 usque
2083 1266 2162 1331 ad
2185 1267 2367 1332 Dom.
2395 1267 2444 1333 I.
2473 1267 2839 1332 Eucaenior.
2865 1266 3149 1332 ecclesiae.

1167 1499 1269 1565 De
1309 1497 1616 1583 jejuniis
1667 1492 2012 1566 ecclesiae
2063 1498 2550 1567 Antiochenac
2598 1498 2961 1581 Syrorum.

1123 1662 1307 1744 Apud
1359 1660 1548 1743 Syros
1613 1662 1829 1725 eadem
1880 1660 2074 1726 ferme
2124 1666 2268 1725 sunt
2316 1663 2651 1726 constituta
2689 1661 2954 1744 jejunia,
3016 1677 3151 1742 quae

945 1764 1224 1824 caeteros
1274 1758 1616 1823 Orientales
1663 1759 2089 1844 obstringunt:
2140 1760 2434 1824 nimirum
2481 1770 2745 1843 quatuor
2772 1756 3148 1842 Quadragesi·

947 1878 1102 1934 mae,
1171 1859 1247 1921 de
1311 1858 1536 1941 quibus
1600 1857 1938 1921 identidem
2005 1879 2040 1922 a
2101 1857 2280 1922 nobis
2344 1862 2438 1923 est
2495 1864 2703 1922 actum
2728 1858 2815 1942 ²),
2883 1856 3149 1942 jejunium

945 1955 1134 2020 feriae
1181 1954 1289 2019 IV.
1341 1962 1403 2020 et
1449 1955 1639 2019 feriae
1687 1955 1796 2021 VI.
1865 1956 1927 2019 in
1975 1956 2251 2039 qualibet
2296 1955 2711 2035 hebdomada,
2777 1963 2839 2021 et
2876 1954 3148 2039 jejunium

944 2053 1377 2131 Ninivitarum,
1428 2073 1552 2137 quo
1599 2060 1806 2118 tamen
1855 2054 2080 2120 Graeci
2127 2059 2357 2120 carent.

1123 2159 1430 2225 Solemnis
1493 2161 1885 2244 maximeque
1950 2162 2110 2227 sacri
2163 2162 2381 2247 Jejunii
2431 2160 2979 2247 quadragesimalis
3030 2163 3151 2223 ante

944 2257 1193 2323 Pascha
1238 2258 1482 2323 initium
1544 2260 1706 2342 apud
1757 2258 2101 2325 Orientales
2162 2261 2407 2326 ducitur
2455 2281 2491 2325 a
2538 2260 2692 2325 feria
2736 2260 2817 2326 Π.
2885 2264 3015 2326 ante
3059 2275 3152 2341 no-

946 2360 1141 2421 strum
1192 2357 1358 2422 diem
1407 2357 1719 2433 cinerum;
1786 2378 2032 2442 unoque
2079 2358 2182 2423 illo
2232 2379 2403 2423 more
2452 2358 2681 2443 ubique
2729 2363 3017 2431 servatur,
3062 2352 3148 2437 qui

945 2457 1229 2544 superius
1277 2460 1373 2519 est
1419 2456 1769 2539 descriptus
1819 2477 1918 2540 pp.
1970 2457 2254 2524 86—89.

1122 2560 1416 2627 Caeterae
1441 2560 2010 2645 Quadrayesimae:
2041 2563 2504 2649 Apostolorum,
2538 2563 2999 2649 Assumptionis
3024 2557 3151 2623 Dei-

933 2684 1164 2747 parae,
1216 2661 1599 2726 Natiuitatis
1645 2662 1911 2726 Domini
1971 2662 2117 2728 olim
2164 2663 2440 2750 generali
2483 2663 2621 2750 lege
2680 2664 2896 2747 majori
2941 2662 3147 2727 dierum

945 2781 1199 2826 numero
1249 2762 1631 2839 constabant,
1683 2763 2207 2846 quemadmodum
2242 2784 2347 2828 eas
2374 2762 2685 2847 hodieque
2718 2764 2782 2828 in
2811 2764 2930 2828 ritu
2956 2775 3148 2846 graeco

943 2860 1256 2925 observari
1319 2861 1446 2925 suis
1505 2860 1656 2926 locis
1711 2861 2095 2938 notavimus3
2165 2883 2381 2927 verum
2440 2883 2551 2946 pro
2599 2861 2774 2946 Syris
2825 2861 3007 2926 unitis
3048 2874 3145 2921 non

945 2959 1030 3021 ita
1089 2959 1328 3041 pridem
1393 2965 1535 3023 sunt
1599 2960 1674 3023 ad
1738 2960 2049 3023 minorum
2113 2960 2349 3024 dierum
2416 2980 2743 3025 numerum
2810 2961 3144 3025 contractae.

945 3061 1011 3119 ut
1058 3058 1209 3120 adeo
1258 3077 1421 3120 nunc
1461 3056 1694 3141 jejunio
1743 3063 2107 3122 consecrent
2154 3063 2295 3123 ante
2329 3058 2729 3124 Nativitatem
2766 3057 3009 3124 Domini
3038 3053 3145 3117 dies

947 3174 1184 3232 novem,
1235 3160 1375 3219 ante
1423 3155 1652 3220 festum
1699 3155 2144 3239 Apostolorum
2177 3156 2348 3221 Petri
2395 3161 2455 3221 et
2493 3156 2670 3222 Pauli
2716 3158 2852 3222 dies
2897 3161 3143 3241 quatuor.

943 3257 1084 3316 ante
1131 3252 1586 3318 solemnitatem
1633 3255 2101 3338 Assumptionis
2148 3254 2457 3339 Deiparae
2505 3256 2639 3320 dies
2686 3259 2845 3321 octo,

1120 3359 1338 3424 Eidem
1389 3361 1688 3445 Syrorum
1754 3362 2054 3428 ecclesiae
2119 3363 2299 3427 venia
2361 3383 2606 3447 quoque
2669 3368 2763 3428 est
2828 3384 2863 3427 a
2908 3355 3145 3426 Summis

943 3455 1349 3523 Pontificibus
1416 3479 1740 3538 concessa,
1799 3465 1901 3538 ut,
1959 3461 2213 3544 antiqua
2272 3461 2599 3545 disciplina
2658 3462 2960 3546 tantisper
3006 3454 3143 3522 miti-

941 3559 1113 3638 gata,
1181 3557 1468 3623 omnibus
1515 3558 1733 3623 diebus
1773 3559 2008 3643 jejunio
2071 3580 2182 3644 per
2229 3580 2455 3624 annum
2505 3559 2767 3625 addictis
2827 3557 3042 3643 aliquid
3081 3552 3142 3616 de

944 3653 1239 3718 canonica
1312 3657 1667 3722 austeritate
1741 3659 2180 3722 remitteretur.
2296 3657 2528 3723 Verum
2598 3657 2774 3742 plura
2837 3658 3028 3722 disces
3082 3667 3139 3714 01

942 3750 1106 3817 Jos
1172 3750 1466 3832 David,
1535 3755 1901 3840 archiep.
1966 3756 2328 3821 Damasc.
2381 3756 2808 3840 Syrorum,
2877 3755 2974 3840 qui
3029 3747 3137 3814 dili-

941 3854 1161 3942 genter
1191 3850 1310 3915 hoc
1350 3854 1695 3936 argumenti
1727 3875 1927 3940 genus
1957 3856 2351 3939 persequitur
2382 3856 2443 3918 in
2475 3854 2895 3939 Ephemeride
2931 3853 3135 3930 „Reme

939 3949 1016 4010 de
1045 3946 1301 4032 l'hlglisc
1334 3970 1603 4034 grecque
1652 3953 1832 4016 unie“
1887 3952 2002 4018 sub
2036 3951 2211 4017 titulo
2245 3956 2471 4042 joanes
2518 3963 2578 4016 et
2604 3952 2782 4039 fetes
2813 3953 2889 4016 de
2918 3935 3134 4036 l’quise

939 4047 1429 4131 syricum-unic,
1479 4050 1612 4114 loco
1661 4051 1945 4134 superius
1991 4051 2260 4116 indicato
2310 4071 2367 4134 p.
2418 4049 2569 4116 457.

1127 4227 1165 4295 ¹)
1205 4226 1554 4281 Numerantur
1578 4227 1878 4282 Dominicae
1900 4230 1984 4296 13,
2024 4228 2069 4282 si
2089 4228 2288 4282 Pascha
2326 4229 2377 4282 in
2405 4230 2583 4283 ultimo
2608 4230 2829 4284 termino
2857 4229 2959 4296 (25.
2984 4217 3129 4294 April)-

943 4309 1009 4360 18
1046 4323 1188 4376 vero,
1229 4308 1272 4360 si
1311 4308 1362 4361 in
1399 4308 1562 4377 primo
1600 4309 1821 4362 termino
1861 4309 1968 4375 (22.
2008 4307 2185 4378 Mart.)
2222 4314 2394 4364 actum
2433 4309 2605 4364 fuerit.

1061 4386 1163 4518 42
1204 4386 1345 4521 ΤΣΞΠΊ.
1388 4391 1435 4455 1,
1487 4403 1569 4456 pp.
1609 4388 1921 4454 230—231,
1978 4391 2109 4454 330,
2168 4393 2221 4442 et
2270 4389 2383 4444 heic
2433 4395 2555 4444 tom.
2595 4391 2657 4456 2,
2716 4406 2797 4460 pp.
2836 4388 3043 4445 82-33.
3089 4383 3127 4431 et

941 4481 1022 4533 pp.
1098 4485 1234 4520 4)·)—-
1277 4485 1309 4518 ι)
1349 4508 1361 4520 .
