3514 5391
590 538 821 606 Κυριακή
866 542 972 590 τοῦ
1016 538 1247 591 τελώνου
1284 541 1371 589 καὶ
1415 541 1514 591 τοῦ
1550 543 1870 608 φαρισαίου.
1947 541 2094 594 Dom.
2134 544 2255 593 ante
2283 541 2531 610 Septuag.
2657 542 2691 594 τ’)

456 764 594 826 prae
640 739 788 805 aliis
840 740 1229 827 sinyularem
1263 764 1431 828 prae
1479 762 1544 804 se
1572 740 1720 826 fert
1765 737 1894 825 (καὶ
1929 743 2055 803 τῶν
2081 739 2331 804 λοιπῶν
2369 738 2694 824 ὑπερέχων

464 842 521 925 τῇ
560 836 845 922 rubam:
910 859 987 905 ea
1034 840 1230 907 ferme
1276 841 1514 906 ratione
1563 860 1687 925 qua
1729 842 2032 906 haeretici
2084 839 2348 905 Cathari
2400 846 2691 927 „propter

458 939 801 1004 munditiam
868 941 958 1007 ita
1019 960 1087 1005 se
1152 940 1550 1006 nominarunt
1611 939 1952 1024 gloriantes
2020 942 2097 1005 de
2143 941 2273 1006 suis
2321 940 2558 1006 meritis
2618 961 2689 1006 ac

454 1037 795 1103 mundiores
844 1057 915 1102 se
965 1039 1225 1104 caeteris
1273 1039 1744 1123 praedicantes“
1779 1037 1844 1123 ¹).

613 1161 827 1228 Primo
879 1162 1003 1228 hoc
1050 1164 1150 1228 die
1200 1163 1525 1229 Dominico

450 1275 547 1341 διὰ
592 1281 783 1341 τοῦτο
832 1277 911 1342 τὸ
942 1272 1219 1359 ἔσχατον
1268 1277 1336 1343 ἐν
1368 1277 1512 1343 ἄδι-

448 1370 624 1455 κίαις,
654 1374 762 1440 καὶ
783 1374 1033 1441 τέλειον
1060 1375 1261 1442 owen
1292 1375 1514 1463 ἀρετῆς

449 1471 480 1535 ὁ
508 1473 712 1562 σωτὴρ
762 1473 830 1540 ἕν
858 1480 937 1563 τῇ
966 1476 1311 1564 παραβολῇ
1340 1497 1511 1561 παρ-

446 1568 789 1660 εντίθησιν.
848 1565 1009 1639 Oios
1046 1572 1162 1661 γὰρ
1197 1571 1514 1660 ἐρεθίζειν

444 1671 601 1755 πρὸς
631 1668 905 1760 μίμησιν
936 1672 1015 1736 τὸ
1045 1671 1113 1737 ἐκ
1146 1679 1272 1738 τῶν
1302 1697 1510 1759 κρειτ-

442 1768 640 1836 τόνων
682 1769 1117 1857 παράδειγμα.

542 2065 721 2132 Ἐπεὶ
769 2062 991 2131 τοίνυν
1020 2073 1279 2153 πρῶτον
1303 2066 1513 2133 ὅπλον

448 2165 602 2251 πρὸς
662 2164 895 2254 α’ρετὴν
954 2163 1340 2249 μεταμέλεια
1404 2166 1512 2231 καὶ

444 2260 852 2347 ταπείνωσις,
902 2262 1012 2328 καὶ
1062 2256 1258 2343 αὖθις
1304 2264 1510 2349 ἐμπό-

445 2364 581 2429 διον
635 2361 945 2449 μέγιστον
1009 2359 1348 2444 ἀλαζονεία
1406 2363 1514 2428 καὶ

442 2460 750 2549 ἔπαρσις,
813 2461 931 2551 τὴν
993 2466 1332 2544 παροῦσαν
1378 2460 1513 2527 ἀπὸ

439 2568 552 2627 τοῦ
598 2556 792 2628 θείου
839 2555 1204 2643 εὐαγγελίου
1251 2558 1512 2642 ἀξιόπι-

440 2683 592 2728 στον
636 2659 1026 2749 παραβολὴν
1073 2658 1335 2748 πρώτην
1379 2685 1509 2727 πα-

439 2767 565 2827 σῶν
611 2756 996 2826 ἓκτιθέασιν
1041 2755 1127 2846 (οἳ
1172 2763 1349 2824 θεῖοι
1377 2782 1511 2824 πα-

438 2859 653 2946 τέρες)·
705 2857 820 2923 διὰ
847 2857 965 2942 μὲν
995 2864 1110 2922 τοῦ
1138 2854 1509 2947 φαρισαίου,

1624 1280 1832 1365 igitur,
1883 1281 2048 1363 quod
2083 1284 2178 1344 est
2208 1284 2594 1363 postremum
2629 1281 2689 1345 iu

1624 1378 1787 1443 vitiis
1838 1380 2126 1462 quodque
2173 1378 2238 1443 in
2267 1379 2493 1443 virtute
2524 1398 2693 1442 sum-

1627 1497 1795 1541 mum
1831 1478 1890 1543 in
1917 1477 2036 1543 hac
2061 1477 2355 1562 parabola
2388 1474 2693 1544 Dominus

1624 1578 1959 1660 componit.
2025 1576 2195 1642 Solet
2227 1577 2456 1662 quippe
2484 1596 2693 1642 exem-

1624 1675 1792 1758 plum
1844 1676 1920 1740 ab
1970 1696 2042 1740 eo
2091 1677 2367 1753 ductum,
2417 1676 2580 1759 quod
2628 1676 2690 1740 in

1623 1794 1867 1858 quaque
1942 1795 2008 1839 re
2083 1775 2350 1838 maxime
2429 1773 2690 1847 excellit,

1622 1866 1697 1928 ad
1769 1864 2172 1930 imitationem
2249 1864 2488 1930 animos
2553 1864 2691 1928 irri-

1620 1968 1752 2027 tare
1776 1962 1850 2046 ²').

1733 2069 1923 2133 Hanc
1966 2067 2352 2153 parabolam
2381 2079 2589 2133 autem
2618 2093 2692 2134 ea

1621 2168 1697 2231 de
1723 2191 1917 2232 causa
1943 2167 2516 2254 quadraqeaimalia
2546 2178 2689 2232 tem·

1612 2268 1802 2353 por-ia
1849 2265 2078 2352 officiis
2128 2291 2168 2329 a
2214 2268 2454 2331 sanctis
2485 2266 2691 2330 Patri-

1623 2364 1735 2428 bus
1785 2365 2146 2450 praefiaeam
2192 2363 2410 2451 fuisse
2425 2415 2444 2448 ,
2507 2366 2697 2430 tradit

1622 2464 2141 2549 Nicephorus
2190 2463 2583 2529 Callistus
2631 2463 2692 2526 in

1624 2564 1971 2647 synaxario‚
2006 2562 2174 2647 quod
2185 2561 2527 2649 publicani
2543 2583 2693 2647 poe·

1620 2662 1892 2726 nitentia
1942 2671 2000 2725 ct
2033 2661 2233 2726 animi
2258 2660 2550 2725 demissio
2586 2682 2695 2723 ceu

1614 2763 1832 2847 prima
1859 2784 2040 2825 arma
2080 2761 2170 2823 ad
2197 2759 2696 2846 comparandam

1620 2857 1912 2926 virtutem
1938 2858 2310 2937 habeantur,
2351 2859 2696 2922 maximum

440 2958 512 3023 τὸ
547 2964 659 3045 τῆς
683 2952 1068 3037 ἀλαζονείας
1114 2955 1221 3021 καὶ
1247 2951 1517 3043 οἰήσεως
1618 2957 2134 3044 impedimentum
2181 2967 2402 3021 contra
2436 2956 2523 3020 ad
2551 2978 2696 3019 ean·

440 3055 833 3122 α’ποθέσθαι
884 3053 1114 3132 πάθος
1159 3054 1317 3142 ἡμᾶς
1347 3076 1511 3141 προ-

438 3156 847 3240 τρεπόμενοι·
899 3152 1008 3219 deo}
1057 3153 1126 3219 δὲ
1172 3158 1288 3218 τοῦ
1314 3152 1511 3219 τελώ-

439 3279 547 3319 νου
606 3252 848 3332 πάλιν,
910 3250 986 3315 τὸ
1049 3247 1338 3316 ἐναντίον
1399 3258 1513 3317 τοῦ

436 3352 703 3429 πάθους
770 3350 1007 3416 τούτου
1024 3403 1039 3432 ,
1109 3356 1220 3438 τῆς
1281 3372 1513 3417 ταπει-

440 3451 689 3529 νεύσεως
762 3447 873 3515 καὶ
932 3445 1277 3532 μετανοίας
1336 3447 1511 3514 ἄντι-

436 3553 814 3617 ποιεῖσθαι.

1621 3057 1762 3120 dem
1808 3055 2086 3143 afferant
2108 3056 2448 3142 pharisaei
2476 3075 2672 3140 super

1622 3155 1729 3219 bia
1778 3166 1963 3241 atquc
2008 3155 2334 3240 ylariati0‚
2395 3157 2536 3218 utut
2585 3172 2689 3217 ex-

1624 3254 1939 3318 actissima
2020 3253 2176 3337 legis
2261 3252 2692 3317 observatione

1623 3352 1795 3416 fulta.

613 3677 880 3744 Graecis
944 3676 1134 3741 etiam
1194 3674 1485 3763 Κυριακὴ
1545 3679 1659 3739 τοῦ
1729 3667 2047 3757 Τριῳόίου
2115 3676 2368 3737 vocat-ur
2434 3695 2469 3737 a
2529 3672 2686 3738 libro

433 3776 885 3851 ecclesiastic0‚
941 3775 1007 3839 in
1055 3794 1176 3858 quo
1224 3775 1499 3840 officium
1547 3774 1611 3840 in
1658 3773 1937 3838 ecclesiis
1986 3792 2202 3837 eorum
2248 3771 2494 3836 recitari
2545 3770 2691 3834 soli·
2735 3802 2741 3808 ·

432 3883 569 3941 tum
618 3874 699 3939 ab
734 3895 808 3939 eo
838 3874 939 3938 die
990 3874 1066 3937 ad
1099 3873 1423 3938 sabbatum
1461 3878 1745 3940 sanctum
1777 3872 2144 3937 continetur.
2212 3869 2427 3954 Ipsum
2461 3869 2686 3933 librum

433 3994 582 4038 vero
668 3971 812 4036 ideo
884 3967 1203 4055 Τριιρὁιον
1278 3971 1573 4055 appellari
1634 3970 1990 4036 monuimus
2064 3974 2233 4032 tomo
2301 3973 2329 4031 1
2356 4018 2372 4044 ‚
2447 3988 2505 4050 p.
2556 3965 2691 4042 LII,

433 4072 582 4156 quia
614 4089 892 4134 canones
941 4073 1006 4134 et
1041 4068 1281 4152 hymni,
1332 4089 1486 4153 quos
1517 4067 1966 4152 complectitur,
2018 4059 2086 4130 ut
2114 4064 2448 4150 plurimum
2484 4069 2692 4127 ternas

626 4338 667 4404 ¹)
712 4337 797 4391 Ita
836 4353 877 4390 s.
918 4335 1163 4389 Isidor.
1194 4333 1358 4406 Hisp
1381 4336 1460 4392 al.
1501 4336 1695 4390 relatus
1735 4335 1787 4387 in
1826 4349 1961 4402 corp.
1984 4333 2083 4402 4Ῑιιικ
2113 4346 2225 4384 cau.
2266 4331 2321 4385 G.
2362 4328 2577 4396 Quidam
2604 4327 2694 4382 39.

435 4420 493 4474 C.
530 4417 729 4473 XXIV.
768 4433 818 4486 q.
857 4418 907 4469 3.

620 4498 667 4570 ²¹)
708 4494 1008 4564 Theophan.
1046 4493 1079 4547 l.
1119 4510 1163 4552 c.
