3514 5391
829 475 936 534 688
1515 475 1692 530 Annua
1730 471 1915 530 eccles.
1953 469 2395 530 Nestorianorum.

922 587 995 596 ιι-ο-
1008 587 1187 595 ——-—--·---
1200 586 1327 594 -φ--ν-
1348 585 1365 592 -.

829 676 935 739 44.
986 672 1261 754 Quatuor
1305 670 1495 735 feriae
1544 673 1776 746 sextae,
1827 686 1985 752 quae
2018 668 2303 733 similiter
2351 673 2413 732 et
2444 666 2618 733 Eliae
2651 667 3078 752 appellantur:

987 777 1206 855 quarta
1251 769 1407 833 feria
1452 766 1560 831 VI.
1588 766 1959 831 inventionis
1993 770 2054 830 et
2084 764 2612 849 complementum
2643 764 3079 831 hebdomadae

986 870 1179 940 Eliae,
1231 865 1737 932 commemoratio
1787 885 1834 930 S.
1886 863 2059 928 Eliae
2109 863 2450 948 prophetae
2498 862 2856 929 Thesbitae.

829 996 936 1061 45.
989 994 1314 1060 Dominica
1325 991 1543 1056 Tesrin
1566 991 1790 1074 prioris
1804 989 2148 1074 (Octobris)
2172 989 2241 1053 fit
2257 990 2764 1054 commemoratio
2784 1009 2831 1055 S.
2847 989 3080 1053 Sabar-

979 1095 1120 1178 jesu
1170 1088 1555 1157 Bethkokae.

831 1219 936 1283 46.
995 1216 1283 1292 Quatuor
1327 1214 1705 1278 Dominicac
1753 1223 1813 1276 et
1842 1211 2066 1298 feriae
2111 1223 2330 1275 sextae
2379 1212 2626 1299 Moysis
2655 1210 2719 1295 ¹),
2768 1231 2929 1295 quac
2971 1211 3083 1276 ali-

987 1317 1234 1400 quando
1285 1313 1490 1397 plures
1539 1317 1601 1377 et
1638 1312 1967 1395 aliquando
1998 1311 2324 1396 pauciores
2354 1316 2526 1388 sunt3
2576 1316 2882 1394 occupant
2911 1311 3080 1376 enim

988 1414 1135 1479 illud
1204 1413 1347 1476 anni
1409 1410 1809 1476 ecclesiastici
1879 1411 2180 1494 spatium,
2262 1410 2426 1493 quod
2491 1414 2632 1493 post
2696 1415 2983 1492 quartam
3049 1429 3086 1473 a

987 1513 1146 1576 festo
1196 1509 1412 1576 Crucis
1464 1510 1856 1574 Dominicam
1905 1528 2103 1592 usque
2152 1509 2228 1572 ad
2282 1510 2339 1571 1.
2387 1507 2547 1573 Nov.
2600 1509 2888 1573 excurrit.

832 1639 936 1702 47.
990 1635 1197 1700 Medio
1249 1654 1461 1699 meuse
1511 1632 1762 1698 Octobri
1814 1633 1883 1696 fit
1930 1633 2438 1697 commemoratio
2487 1629 2749 1699 Joannis
2777 1635 3081 1720 Aegyptii

990 1735 1049 1799 in
1101 1733 1367 1799 Gazarta
1415 1736 1476 1797 et
1522 1753 1571 1798 s,
1624 1730 1975 1808 Michaelis
2028 1732 2388 1817 angelorum
2439 1732 2586 1797 socii
2639 1733 2701 1797 in
2749 1732 2981 1799 Mosul.

833 1862 937 1927 48.
991 1859 1203 1924 Prima
1248 1858 1405 1922 feria
1452 1857 1557 1922 VI.
1609 1878 1659 1922 s.
1711 1835 1968 1940 Moysis,
2035 1858 2540 1922 commemoratio
2603 1879 2652 1925 s,
2702 1857 2874 1923 Eliae
2935 1858 3084 1923 Hir-

989 1958 1182 2023 tensis
1228 1956 1390 2021 infra
1437 1955 1663 2021 Mosul.

833 2086 937 2150 49.
989 2083 1286 2149 Kalendis
1333 2081 1730 2159 Novembris
1782 2081 2291 2146 commemoratio
2341 2080 2534 2145 sancti
2559 2079 2811 2165 gloriosi
2839 2081 3083 2146 Achae.

992 2183 1198 2248 fratris
1247 2202 1294 2249 s,
1346 2181 1606 2246 Joannis
1653 2181 1973 2265 Aegyptii.

833 2309 938 2375 50.
989 2310 1264 2390 Quatuor
1312 2297 1656 2372 dominicae
1720 2306 2102 2389 totidemque
2168 2305 2359 2370 feriae
2407 2310 2616 2369 sextae
2673 2303 3086 2370 dedicationis

989 2407 1307 2483 ecclesiae,
1356 2425 1513 2488 quae
1544 2405 1860 2491 inyresaus
1890 2403 2297 2488 appellantur,
2331 2423 2592 2488 quarum
2625 2403 2822 2487 prima
2855 2404 3088 2468 dicitur

987 2506 1328 2569 Dominica
1375 2504 1876 2583 Εποαεηίοηιηη
1922 2504 2123 2587 prima
2179 2502 2336 2567 feria
2383 2502 2521 2580 VI„
2571 2501 3086 2565 commemoratio

992 2626 1041 2672 s,
1092 2603 1354 2688 Eugenii
1417 2607 1478 2666 et
1524 2602 1834 2666 sociorum
1883 2600 2049 2684 ejuS,
2116 2601 2192 2665 de
2226 2601 2466 2684 -quibus
2514 2605 2719 2665 actum
2788 2603 2884 2664 est
2929 2603 2975 2664 t.
3035 2599 3090 2672 1,

1019 2882 1157 2955 Alia
1203 2882 1362 2945 festa
1409 2880 1486 2943 ab
1536 2880 1753 2944 eodem
1804 2879 2232 2944 Assemaui
2292 2882 2538 2944 enotata
2587 2898 2661 2943 cx
2711 2877 2926 2962 Ptnqit
2977 2897 3090 2941 seu

840 2993 1001 3045 tomo
1044 2980 1417 3044 Sanctorum
1465 2977 1620 3042 haec
1668 2982 1842 3041 sunt:

893 3108 952 3171 6.
1005 3104 1389 3189 Augusti:
1441 3101 2028 3187 Transfigurationis
2079 3102 2347 3166 Domini.

848 3205 944 3270 15.
1180 3254 1205 3278 „
1440 3201 1903 3283 Assumptionis
1951 3200 2021 3263 B.
2075 3199 2161 3265 M.
2216 3199 2288 3262 V.

882 3303 942 3367 3.
994 3294 1346 3365 Juliiz‘s.
1397 3298 1674 3363 Thomae
1724 3298 2026 3382 Apostoli.

842 3400 942 3465 15.
1091 3448 1120 3481 „
1279 3398 1340 3462 S.
1394 3397 1634 3481 Cyriaci
1682 3398 1992 3481 martyris.

838 3498 945 3563 25.
996 3498 1308 3563 ()ctob.:
1370 3494 1431 3561 S.
1483 3495 1809 3561 Photionis
1859 3495 2180 3579 martyris,
2246 3494 2422 3579 cujus
2470 3496 2633 3558 Acta
2679 3494 2948 3557 indicata
2999 3494 3082 3557 vi-

996 3597 1161 3662 desis
1209 3601 1251 3660 t.
1308 3597 1361 3661 l.
1416 3616 1471 3677 p.
1526 3595 1674 3658 462.
2539 3614 2572 3639 ο

1026 3774 1063 3842 ¹)
1104 3775 1392 3831 Historicas
1429 3789 1491 3827 ac
1526 3772 1775 3843 mysticas
1813 3771 2041 3826 rationes
2079 3770 2343 3825 duodecim
2381 3769 2793 3835 Dominicarum,
2844 3786 2971 3839 quas
3016 3769 3079 3822 ab

838 3857 1047 3909 incunte
1086 3872 1235 3926 anno,
1274 3855 1323 3908 h.
1363 3870 1427 3921 e.,
1466 3870 1497 3905 a
1536 3869 1708 3907 mense
1747 3851 1977 3918 Octobri,
2017 3868 2175 3922 usque
2214 3851 2278 3905 ad
2317 3850 2660 3904 Nativitatem
2697 3849 2920 3917 Domini,
2967 3865 3076 3918 pro·

840 3938 964 4007 priis
1002 3936 1288 3991 nominibus
1324 3940 1537 3989 vocatas
1589 3933 1839 4001 (Moysis,
1892 3931 2330 3986 Consecralionis
2378 3930 2486 3984 sive
2524 3929 2924 3991 Dedicatiom’s,
2973 3930 3076 3982 An·

837 4015 1223 4083 nuntiationis)
1250 4014 1513 4069 celebrant
1536 4013 1850 4081 Nestoriani,
1890 4013 2021 4080 vide,
2050 4012 2091 4066 si
2123 4012 2309 4081 placet,
2348 4010 2482 4081 apud
2509 4011 2897 4071 Assemani,
2935 4009 3002 4063 B.
3029 4024 3073 4060 o.

839 4106 877 4151 t.
916 4100 966 4151 3.
1006 4102 1140 4166 part.
1184 4099 1229 4161 1,
1270 4112 1317 4164 p.
1357 4096 1478 4148 5⁸20.
1554 4093 1744 4148 Locum
1782 4110 1883 4147 non
1922 4094 2144 4161 profem,
2182 4092 2302 4162 quia
2340 4091 2593 4146 indicasse
2633 4091 2840 4147 sufficit..

2015 4348 2046 4359 κ(
