3514 5391
912 531 1083 586 Mense
1121 533 1377 602 Augusto.
1434 533 1575 588 Fest.
1616 550 1726 604 pur.
1768 536 1948 591 Cordis
1987 536 2048 591 B.
2085 536 2147 591 V.
2187 538 2253 592 Μ.
2601 541 2702 595 501

1380 727 1698 802 Hymnus
1723 732 1786 801 ¹).

960 836 1062 895 Ad
1101 836 1223 896 Cor
1259 845 1383 897 tam
1424 844 1692 898 tenerum
1735 841 1960 898 currite
2003 840 2271 913 Virginis

899 917 1134 989 Almae‚
1174 935 1280 977 vos
1317 920 1553 978 miseri:
1593 920 1783 993 fidite,
1823 921 2113 994 siquidem

892 994 1057 1056 Nulli
1096 1015 1160 1056 se
1197 1000 1428 1072 renuit,
1467 1000 1571 1058 sed
1612 1002 1807 1075 potius
1843 1002 2004 1076 pium

888 1077 1140 1137 Factum
1183 1086 1276 1138 est
1312 1080 1579 1139 omnibus
1619 1083 1833 1141 omnia.

959 1185 1059 1244 Ad
1100 1186 1317 1245 Matris
1356 1186 1474 1247 Cor
1512 1189 1644 1259 adi;
1680 1190 1817 1262 fide,
1856 1191 2179 1265 levabaris,

889 1265 1115 1325 Infelix
1153 1269 1339 1330 homo,
1378 1286 1531 1327 nunc
1571 1287 1762 1336 curre,
1801 1271 1942 1344 quid
1981 1272 2279 1345 ambigis?

889 1345 980 1405 Tu
1020 1346 1142 1406 Cor
1178 1350 1505 1423 comperies
1546 1350 1735 1423 dulce,
1775 1352 2182 1425 tenerrimum,

893 1426 1152 1487 Cunctos
1190 1429 1345 1501 quod
1382 1430 1568 1503 levat,
1609 1431 1848 1506 excipit.

959 1533 1162 1609 Ipsum
1200 1534 1319 1594 Cor
1355 1537 1592 1595 timidos
1629 1540 1891 1606 roborat,
1935 1540 2204 1613 instruit3

888 1615 1140 1675 Peccati
1178 1618 1465 1676 tenebras
1505 1619 1728 1677 lumine
1770 1619 2100 1694 dissipans;

888 1696 1182 1755 Accurrit
1218 1698 1412 1770 malis,
1452 1705 1514 1757 et
1551 1700 1729 1757 noxia
1769 1700 2076 1759 criminum

887 1775 1076 1836 Delet
1112 1780 1400 1849 sanguine
1438 1779 1605 1838 Filii.

958 1884 1277 1944 Accedant
1317 1887 1503 1959 igitur
1540 1888 1754 1960 quique
1792 1888 2097 1947 laboribus

887 1966 1095 2025 Pressi
1135 1966 1213 2024 ad
1238 1966 1359 2026 Cor
1395 1972 1692 2039 tenerum;
1731 1985 1981 2042 namque
2021 1969 2385 2029 miserrimos

887 2046 1017 2105 Hos
1055 2046 1244 2120 Virgo
1281 2046 1496 2119 reficit,
1536 2049 1830 2120 sublevat,
1871 2049 2122 2122 adjuvat

886 2126 1132 2186 Tollens
1169 2127 1436 2200 pondera
1474 2127 1801 2186 criminum.

957 2232 1022 2293 Si
1063 2250 1166 2292 cor
1201 2234 1282 2292 sit
1318 2235 1600 2308 gelidum,
1639 2235 1913 2308 Virginis
1953 2254 2026 2295 en
2066 2254 2234 2295 amor

889 2315 1138 2373 Almae:
1181 2315 1317 2373 dum
1353 2314 1607 2387 refovet,
1644 2323 1896 2391 pectora
1933 2315 2160 2389 frigida

886 2394 1212 2468 Ignesount
1251 2395 1417 2459 adeo,
1456 2413 1567 2468 quo
1606 2396 1798 2469 magis
1838 2403 2129 2471 expetant

884 2474 1134 2535 Incendi
1174 2476 1363 2543 simul,
1404 2483 1466 2535 et
1503 2477 1668 2535 mori.

951 2583 1049 2643 Sit
1086 2585 1217 2642 laus
1255 2583 1450 2655 Patri,
1488 2584 1570 2644 sit
1606 2590 1669 2643 et
1704 2584 1901 2657 gloria
1938 2584 2134 2653 Filio:

880 2664 1172 2739 Aequalis
1211 2665 1289 2724 sit
1327 2665 1513 2725 honor
1550 2662 1802 2740 Spiritui
1841 2682 2093 2739 quoque;

883 2745 1102 2805 Almae
1140 2746 1222 2805 sit
1258 2747 1494 2820 pariter
1530 2747 1727 2819 gloria
1767 2746 2024 2819 Virgini,

887 2827 1055 2900 Quae
1096 2842 1199 2884 nos
1237 2826 1494 2901 undique
1533 2828 1813 2901 protegit.
1888 2826 2103 2885 Amen.

459 2956 523 3025 ἵ.
567 2952 719 3012 Cum
750 2951 1132 3024 jucunditate
1171 2952 1382 3011 laudes
1422 2951 1635 3012 Cordis
1673 2952 1907 3011 Mariae
1935 2952 2206 3025 Virginis
2246 2952 2630 3010 celebremus.

451 3046 524 3111 132.
566 3042 656 3101 Ut
695 3042 827 3116 ipsa
863 3057 971 3115 pro
1009 3042 1176 3100 nobis
1214 3043 1556 3101 intercedat
1593 3042 1748 3116 apud
1787 3042 2105 3101 Dominum
2145 3041 2191 3101 J
2195 3058 2354 3100 esum
2378 3040 2700 3099 Christum.

1400 3203 1671 3262 Oratio
1706 3203 1755 3260 Ι.

634 3310 1115 3370 Clementissime
1153 3309 1340 3382 Deus,
1389 3310 1487 3384 qui
1524 3310 1601 3368 ad
1640 3315 2024 3384 peccatorum
2063 3310 2319 3367 salutem
2358 3314 2419 3366 et
2459 3307 2699 3365 misero-

456 3409 583 3450 rum
623 3389 957 3466 perfugium
997 3389 1117 3450 Cor
1168 3391 1610 3448 immaculatum
1660 3390 1892 3449 Mariae
1950 3389 2151 3449 divino
2202 3387 2386 3448 Cordi
2423 3386 2570 3446 Filii
2611 3388 2700 3445 sui

457 3472 610 3532 Jesu
649 3470 880 3531 Christi
933 3472 1195 3529 caritate
1253 3487 1325 3528 ac
1371 3470 1786 3529 misericordia
1839 3470 2200 3528 simillimum
2253 3485 2384 3527 esse
2436 3467 2697 3538 voluisti,

458 3552 735 3624 concede,
774 3557 842 3610 ut
878 3552 977 3625 qui
1013 3552 1186 3624 huius
1225 3550 1550 3609 dulcissimi
1589 3556 1651 3608 et
1677 3549 2074 3609 amantissimi
2101 3548 2316 3608 Cordis
2354 3548 2699 3606 memoriam

461 3633 703 3706 agimuS,
761 3631 1027 3705 ejusdem
1067 3631 1299 3690 meritis
1337 3630 1653 3689 secundum
1693 3629 1816 3689 Cor
1851 3630 2001 3690 Jesu
2041 3629 2305 3689 inveniri
2343 3645 2696 3687 mereamur.

460 3713 582 3772 Per
619 3712 866 3771 eundem
905 3710 1241 3771 Dominum.

1348 3862 1623 3921 Oratio
1659 3862 1808 3934 11¹).

636 3969 1024 4044 Omnipotens
1063 3970 1422 4044 sempiterne
1459 3969 1653 4031 Deus,
1707 3970 1807 4043 qui
1855 3970 1916 4027 in
1954 3969 2149 4029 Corde
2189 3969 2425 4027 Beatae
2465 3967 2696 4026 Mariae

465 4051 728 4126 Virginis
767 4051 1007 4124 dignum
1033 4048 1292 4123 Spiritus
1330 4050 1526 4108 saneti
1549 4051 1958 4109 habitaculum
1985 4049 2397 4124 praeparasti:
2440 4048 2695 4107 concede

468 4133 768 4206 propitius,
803 4137 888 4203 ut,
928 4130 1192 4203 ejusdem
1232 4130 1532 4205 purissimi
1558 4129 1772 4188 Cordis
1810 4129 2209 4189 festivitatem
2239 4130 2458 4189 devota
2497 4134 2694 4186 mente

470 4213 812 4283 recolentes,
849 4210 1167 4270 secundum
1207 4209 1328 4270 Cor
1363 4216 1524 4269 tuum
1563 4211 1772 4271 vivere
1810 4212 2134 4269 valeamus.
2196 4208 2320 4267 Per
2357 4208 2694 4266 Dominum.

645 4409 687 4474 ¹)
723 4409 801 4464 Ex
832 4409 1041 4479 proprio
1077 4408 1435 4479 Neapolitano,
1472 4408 1550 4461 Ad
1590 4407 1867 4477 VesperaS,
1909 4407 2025 4461 ibid.
2065 4405 2368 4460 413—414.

644 4486 689 4558 ²)
725 4488 805 4544 Ex
840 4488 1021 4548 Officio
1058 4488 1313 4546 Breviarii
1349 4488 1584 4557 Romani,
1624 4487 1745 4543 ibid.
1783 4503 1832 4560 p.
1871 4487 1994 4542 387.
