3514 5391
1572 494 1733 554 Festa
1771 494 1981 554 mobilia
2018 504 2136 569 post
2173 492 2390 554 Pascha.

1080 698 1188 760 τοῦ
1255 689 1557 760 Μεσσίου
1633 697 1926 778 Χριστοῦ

1080 813 1139 872 n,
1189 791 1297 856 καὶ
1343 790 1491 879 περὶ
1536 790 1771 869 ὓδατος
1813 790 1923 855 καὶ

1129 889 1215 967 (ὃς
1261 889 1569 956 ἐνταῦθα.

1104 1003 1350 1092 ἀπείρῳ
1376 1005 1535 1071 ἐλέει
1570 1027 1707 1087 σου,
1756 1011 1923 1091 Χρι-

1080 1104 1211 1182 λεὸς
1239 1104 1431 1189 ὑμῶν,
1459 1102 1721 1191 ἐλέησον
1740 1102 1920 1188 θμᾶς.

1217 1453 1389 1519 Ὠιδ
1408 1452 1443 1542 ὴ
1488 1452 1565 1534 ζ’.

1080 1599 1105 1634 ν
1147 1579 1448 1633 Χαλδαίων
1484 1578 1516 1646 ἦ
1554 1577 1802 1649 κάμινος.

1080 1710 1290 1794 ,ικικιῦς
1308 1699 1685 1787 ἐκοπίασας,
1711 1702 1749 1793 ἡ
1773 1700 1922 1768 ἂνά-

1080 1802 1406 1879 ςπάντων·
1454 1797 1762 1878 ἑκουσίως
1795 1796 1921 1866 ἐδί-

1080 1954 1092 1983 ,
1158 1899 1195 1989 ἠ
1255 1900 1425 1989 πηγὴ
1486 1905 1616 1965 τῶν
1660 1897 1923 1983 θαυμά-

1080 1998 1121 2066 ’ὂ
1167 1998 1334 2085 ὕδωρ
1380 1997 1707 2089 ἐζήτησας,
1755 1995 1924 2081 ὕδωρ

1080 2104 1148 2180 ν,
1222 2096 1468 2186 Ἰησοῦ,
1540 2092 1922 2180 ἐπαγγειλά-

1080 2306 1402 2398 ιαρεῖτιδι,
1430 2310 1651 2399 Κύριε,
1673 2308 1922 2395 γυναικὶ

1080 2406 1321 2496 μίλεις,
1409 2408 1743 2494 διελέγχων
1810 2407 1924 2497 τὴν

1119 2514 1248 2575 τῶν
1294 2507 1548 2594 ἀνόμων
1593 2501 1920 2595 Ἑβραίων.

1080 2636 1100 2667 ν
1156 2606 1274 2693 γὰρ
1330 2602 1708 2673 ἐπίστευσεν
1765 2602 1924 2672 Ῡῖόν

1080 2732 1113 2772 ει
1146 2710 1333 2793 Θεοῦ,
1367 2702 1427 2773 οὶ
1455 2706 1527 2772 δὲ
1551 2705 1921 2795 ἠρνήσαντο.

1080 2949 1159 3010 [ορ
1235 2925 1361 3004 ζῶν
1428 2924 1505 2987 τὸ
1575 2920 1925 3007 ἁλλόμενον

1082 3015 1485 3101 ἀθανασίας,
1561 3018 1598 3108 ἡ
1660 3018 1832 3109 πηγὴ
1887 3017 1924 3108 ἡ

1084 3143 1117 3198 ς
1178 3118 1485 3204 παρέχειν
1548 3114 1921 3206 &mma-itm,

1080 3214 1274 3284 τίστει
1337 3217 1415 3283 τὸ
1475 3215 1741 3301 Πνεῢμά
1805 3237 1924 3281 σου

1080 3315 1425 3401 εχομένοις,
1517 3319 1767 3401 Σῶτερ,
1847 3313 1922 3378 τὸ

1080 3443 1086 3460 ³
1132 3414 1201 3480 ἐκ
1246 3412 1526 3501 Πατρός.

1080 3654 1171 3694 ντε
1258 3626 1474 3715 ὂὶρτοις
1554 3621 1924 3715 ἐξέθρεψας

1080 3750 1152 3804 ας
1205 3725 1594 3791 πεινώντων·
1655 3724 1762 3790 καὶ
1808 3729 1925 3789 τοῦ

1088 3823 1170 3890 τὰ
1215 3819 1527 3913 λείψανα,
1589 3817 1682 3899 εἷς
1727 3821 1924 3900 &mag

1080 3925 1165 4000 ῖας
1228 3916 1721 4008 ἐπερίσσευσας,
1793 3919 1920 3986 ‹5⁸1-

1080 4021 1153 4110 ὴν
1181 4019 1376 4102 δόξαν
1406 4040 1524 4085 σου
1554 4022 1699 4096 ,τοῖς
1725 4014 1923 4107 ἱεροῖς

1082 4123 1203 4197 αἶς.

1080 4230 1324 4303 ἐσθίων
1380 4234 1494 4300 τὸν
1540 4233 1735 4319 ἄρτον
1781 4254 1917 4316 σου,

1080 4359 1110 4398 ἰ
1158 4328 1451 4410 αἶωνίως·
1497 4332 1607 4398 καὶ
1647 4331 1682 4397 ὃ
1714 4325 1923 4397 πίνων

1080 4430 1154 4496 ’.ιὰ
1214 4453 1359 4512 σου,
1426 4430 1495 4497 ἐν
1554 4430 1660 4497 σοὶ
1720 4429 1918 4514 μένει,

2138 1006 2264 1071 Per
2282 1008 2587 1072 infinitam
2614 1009 3093 1073 misericordiam

2034 1108 2239 1183 tuam,
2312 1104 2560 1171 Christe
2629 1107 2801 1171 Deus
2871 1112 3095 1172 noster.

2035 1203 2333 1268 miserere
2380 1205 2579 1271 nobis.
2660 1207 2887 1270 Amen.

2439 1455 2597 1521 Ode
2645 1456 2705 1521 7.

2231 1579 2472 1634 Caminus
2509 1579 2900 1634 Chaldaeorum.

2141 1702 2340 1769 Carne
2374 1704 2577 1769 fessus
2616 1703 2806 1781 fuisti,
2855 1705 3099 1789 requies

2036 1802 2501 1867 universorum:
2595 1807 2816 1887 sponte
2897 1804 3095 1875 sitisti,

2034 1900 2172 1965 sons
2219 1894 2694 1979 miraculorum3
2743 1901 3096 1985 quaesivisti

2034 2019 2279 2084 aquam,
2330 2020 2364 2064 o
2412 2000 2586 2077 Jesu,
2635 2000 2742 2084 qui
2789 2000 3093 2065 viventem

2034 2118 2257 2182 aquam
2309 2098 2665 2183 promisisti.

2142 2311 2628 2397 Colloquebaris,
2651 2313 2939 2390 Domine,
2959 2330 3096 2378 eum

2034 2411 2293 2477 muliere
2349 2411 2770 2490 Samaritana,
2833 2431 3097 2497 arguens

2031 2510 2456 2594 improborum
2515 2510 2947 2575 Hebraeorum
3007 2510 3095 2573 in-

2033 2608 2291 2673 saniam.
2390 2607 2630 2692 Quippe
2693 2608 2954 2673 eredidit
3001 2607 3099 2672 ina.

2031 2727 2170 2773 esse
2231 2712 2294 2772 te
2341 2707 2570 2773 Filium
2621 2708 2773 2774 Dei:
2844 2705 2931 2772 illi
2992 2726 3094 2771 ne-

2030 2811 2276 2891 garunt.

2137 2922 2315 2987 Vitae
2381 2922 2521 2986 fons
2584 2926 2949 3005 perpetuae,
3013 2921 3093 2986 vi·

2033 3026 2281 3086 ventem
2317 3039 2561 3104 aquam,
2611 3019 2957 3099 salientem,
3005 3020 3092 3084 in-

2033 3117 2557 3203 quam‚pollioitus
2576 3137 2643 3183 es
2655 3117 3090 3193 exhibiturum,

2032 3218 2331 3294 Salvator,
2358 3215 2838 3281 immortalitatis
2853 3237 3092 3302 aquam,

2032 3321 2207 3380 tuum
2240 3314 2415 3379 illum
2444 3314 2568 3379 fide
2595 3315 3093 3398 exspectantibus

2033 3414 2367 3498 Spiritum,
2436 3413 2539 3496 qui
2607 3434 2644 3478 a
2706 3411 2897 3478 Patre
2955 3433 3092 3498 pro·

2032 3512 2212 3578 cedit.

2136 3627 2562 3692 Esurientium
2611 3625 2806 3691 millia
2837 3627 3092 3712 panibus

2031 3724 2305 3810 quinque
2327 3725 2567 3808 pavisti,
2608 3730 3092 3810 superantesque

2031 3823 2321 3889 saturatis
2389 3821 2708 3908 reliquias,
2779 3823 2841 3887 in
2909 3823 3092 3889 millia

2031 3920 2166 3999 alia,
2215 3926 2387 3986 tuam
2436 3922 2629 3987 saeris
2659 3921 2783 3986 tuis
2830 3922 3094 4007 discipu-

2031 4020 2106 4086 lis
2124 4019 2383 4106 gloriam
2410 4019 2730 4097 exhibenS‚
2782 4020 3092 4085 abundare

2029 4118 2249 4185 fecisti.

2135 4235 2251 4315 Qui
2280 4235 2616 4324 manducat
2639 4239 2815 4299 tuum
2851 4253 3089 4319 panem,

2031 4334 2194 4399 vivet
2212 4334 2274 4397 in
2296 4339 2650 4411 aeternum3
2701 4352 2774 4398 ae
2793 4331 2900 4417 qui
2920 4336 3090 4397 tuum

2033 4432 2188 4497 bibit
2234 4431 2622 4518 sanguinem,
2672 4431 2826 4496 inte
2857 4436 3089 4496 manet:
