3514 5391
787 559 861 613 *62
1409 557 1570 611 Festa
1606 558 1813 611 mobilia
1850 558 1902 611 in
1938 555 2361 626 Quadragesima.

1526 755 1682 820 Ode
1731 756 1794 822 6.
1890 728 2234 821 HirmuS.

944 888 1301 967 Contentus,
1365 900 1435 954 at
1479 913 1607 955 non
1649 900 1931 954 retentus
1978 899 2069 952 est
2107 888 2470 975 pectoribus
2530 890 2716 954 oeteis
2759 889 3004 953 Jonas:

787 992 856 1052 ui
901 991 1066 1053 enim
1114 999 1328 1076 typum
1359 991 1622 1075 serens,
1689 989 1800 1075 qui
1848 1009 2086 1074 passus
2135 1009 2199 1051 es
2265 997 2324 1051 et
2371 985 2732 1074 sepulturae
2795 987 3002 1065 datus,

787 1110 1063 1172 anquam
1125 1111 1205 1151 ex
1252 1086 1546 1169 thalamo,
1597 1111 1639 1150 a
1685 1097 1818 1151 ceto
1866 1086 2133 1164 eaesiliie,
2202 1083 2759 1171 alloquebaturqne
2805 1095 3003 1148 custo-

787 1185 970 1248 liam:
1025 1185 1153 1259 Qui
1199 1183 1496 1249 excubias
1537 1186 1730 1270 ayitis
1763 1207 1921 1249 vane
1970 1194 2030 1248 et
2051 1184 2460 1263 mendaciter,
2509 1184 3007 1249 misericordiam

787 1308 971 1370 psam
1016 1284 1406 1350 deseruistis.
2034 1293 2037 1296 ’

1677 1463 2087 1546 Troparia.

942 1607 1249 1685 Occisum,
1318 1611 1380 1671 at
1430 1627 1550 1671 non
1600 1605 1911 1671 divulsum
1960 1627 2046 1683 eS‚
2114 1628 2149 1670 o
2202 1605 2497 1684 Verbum,
2561 1626 2597 1670 a
2644 1626 2846 1678 carne,
2909 1609 3006 1671 cui

787 1704 1166 1787 ›articipasti.
1279 1706 1574 1786 Quamvis
1637 1706 1806 1770 enim
1872 1704 2139 1795 solutum
2208 1705 2395 1770 fuerit
2464 1704 2763 1789 templum
2831 1711 3006 1770 tuum

787 1821 1044 1886 empore
1094 1803 1418 1886 passionis,
1469 1803 1873 1869 nihilominus
1921 1809 2131 1869 tamen
2177 1824 2302 1869 una
2348 1809 2481 1868 erat
2513 1803 2871 1887 hypostasis
2917 1802 3008 1867 di·

787 1898 1034 1963 rinitatis
1099 1907 1162 1964 et
1208 1901 1412 1966 carnis
1460 1908 1624 1968 tuae.
1718 1901 1793 1966 In
1855 1907 2116 1987 utraque
2180 1902 2343 1966 enim
2407 1901 2628 1967 unicus
2676 1922 2743 1966 es
2789 1901 3005 1975 Filius,

787 1996 1043 2062 Verbum
1093 1998 1230 2076 Dei,
1281 2000 1453 2065 Deus
1501 2006 1563 2065 et
1608 2000 1818 2068 homo,
2345 1994 2354 2000 ’

941 2104 1290 2185 Homicida,
1341 2111 1404 2172 at
1450 2128 1572 2173 non
1619 2108 1877 2173 Deicida
1925 2108 2041 2172 suit
2086 2108 2299 2192 lapsus
2329 2108 2575 2172 Adami.
2661 2106 2797 2172 Etsi
2845 2108 3006 2172 enim

787 2221 951 2266 >assa
998 2208 1093 2268 est
1138 2208 1281 2270 tuae
1330 2206 1532 2271 carnis
1579 2211 1828 2271 terrena
1875 2206 2239 2285 substantia,
2307 2205 2595 2271 divinitas
2643 2211 2850 2270 tamen
2898 2206 3011 2269 im-

787 2301 1080 2384 )assibilis
1127 2306 1487 2385 permansit.
1567 2304 1981 2388 Corruptibile
2027 2310 2236 2370 autem
2284 2310 2456 2370 tuum
2494 2305 2569 2369 ad
2604 2304 3008 2389 incorruptio-

787 2419 916 2464 iem
964 2403 1406 2480 transmutasti‚
1472 2402 1993 2488 incorruptaeque
2052 2404 2216 2468 vitae
2273 2403 2598 2468 ostendisti
2646 2402 2879 2467 fontem
2937 2423 3011 2467 ex

787 2500 1241 2565 resurrectione.

950 2604 1209 2691 Regnat,
1261 2613 1323 2673 at
1369 2628 1490 2672 non
1541 2613 1843 2693 perennat
1889 2629 2072 2673 orcus
2119 2609 2182 2673 in
2229 2608 2555 2674 hominum
2600 2629 2851 2694 genere.
2922 2608 3010 2673 'ru

787 2705 939 2769 enim
999 2705 1063 2769 in
1124 2706 1454 2790 sepulchro
1521 2709 1781 2792 posituS,
1846 2712 2100 2792 potens,
2167 2708 2329 2773 vitae
2376 2708 2783 2773 dominatrice
2829 2727 3012 2772 manu

787 2803 994 2868 mortis
1042 2802 1311 2870 claustra
1360 2804 1729 2885 dilacerasti,
1780 2811 1842 2872 et
1889 2806 2257 2892 praedicasti
2306 2807 2400 2885 iis,
2453 2807 2557 2890 qui
2587 2828 2624 2871 a
2654 2805 2899 2872 saeculo
2931 2805 3012 2870 ibi

787 2902 1091 2978 uidebant,
1143 2904 1636 2987 redemptionem
1683 2904 2095 2987 verissimam,
2155 2927 2189 2968 ο
2238 2905 2538 2982 Salvator,
2602 2905 2804 2970 sa‘ctus
2851 2924 3012 2968 mor-

787 3005 1022 3065 tuorum
1072 3001 1540 3087 primogenitus,

1418 3179 1911 3245 Κοντάκιον.
2000 3171 2236 3261 Ἦχος
2279 3178 2366 3262 β’.

1104 3321 1232 3411 Τὴν
1278 3320 1564 3403 ἄβυσσον
1610 3321 1646 3384 ὁ
1692 3317 1953 3399 κλείσας

1204 3419 1419 3506 νεκρὸς
1463 3418 1713 3507 ἐρᾶται,

1203 3517 1309 3583 καὶ
1357 3517 1594 3606 σμύρνῃ
1639 3518 1747 3583 καὶ
1794 3517 2041 3583 σινδόνι

1204 3615 1599 3705 ἐνειλημένος

1205 3714 1273 3780 ἐν
1317 3710 1600 3803 μνημείῳ
1648 3709 2097 3795 κατατίθεται,

1205 3813 1292 3891 ὡς
1338 3812 1578 3902 θνητὸς
1623 3811 1660 3877 ὁ
1709 3811 2061 3890 ἀθάνατος·

1205 3915 1492 3996 γυναῖκες
1539 3911 1609 3977 δὲ
1657 3910 1852 3976 αὐτὸν

1206 4004 1411 4099 ἦλθον
1455 4006 1740 4096 μυρίσαι,

1205 4104 1544 4174 κλαίουσαι
1591 4113 1836 4194 πικρῶς
1879 4106 1989 4173 καὶ
2037 4107 2380 4191 ἑκβοῶσαι·

1217 4212 1423 4271 Τοῦτο
1475 4204 1823 4289 Σάββατόν
1870 4205 2007 4271 ἔστι

1208 4303 1285 4370 τὸ
1332 4302 1930 4393 ὑπερευλογημένον,

1210 4401 1279 4467 ἐν
1324 4393 1377 4488 ᾧ
1423 4401 1709 4490 Χριστὸς
1755 4401 2155 4491 α’φυπνώσας

1213 4497 1637 4589 ἀναστήσεται
1682 4498 2034 4589 τριήμερος.
