3514 5391
954 558 1060 613 646
1622 560 1799 613 Annus
1837 558 2216 613 ecclesiasticus
2254 560 2518 630 Syrorum.

957 780 1200 847 scopus,
1248 781 1433 844 quum
1475 780 1717 844 yreyem
1764 781 1942 823 suum
1989 758 2077 822 ad
2123 758 2649 844 supplicationem
2683 760 3003 847 publicam
3042 784 3155 825 con·

955 869 1236 923 vocasset
1262 857 1329 943 ¹),
1380 879 1517 922 eum
1562 856 1937 921 adhortatus
1983 869 2077 921 est
2121 856 2449 944 inquiens:
2501 856 2576 922 Si
2620 859 2797 923 Deus
2845 860 2913 925 O.
2944 860 3029 924 M.
3059 860 3157 923 Ni·

955 959 1303 1022 nivitarum
1347 957 1668 1037 misertus,
1729 958 2111 1020 intentatam
2158 980 2286 1043 per
2331 980 2400 1021 os
2440 956 2792 1044 prophetae
2839 960 2937 1023 sui
2976 957 3157 1022 Jonae

952 1079 1223 1143 poenam
1270 1054 1349 1119 ab
1397 1056 1489 1120 eis
1535 1056 1781 1133 avertit,
1831 1065 2067 1142 quanto
2112 1057 2314 1142 maqis
2358 1057 2565 1120 nostri
2607 1056 3019 1135 miserebitur,
3071 1056 3161 1141 qui

947 1154 1229 1242 populus
1277 1157 1410 1243 ejus
1457 1176 1687 1234 sumus,
1736 1153 2164 1239 credimusque
2211 1155 2281 1218 in
2329 1177 2466 1219 eum
2511 1163 2571 1218 et
2616 1156 2687 1219 in
2724 1152 3030 1221 Christum
3049 1158 3158 1244 ejm

958 1264 1017 1317 et
1060 1256 1131 1318 in
1179 1252 1492 1340 Spiritum
1538 1255 1672 1342 ejus
1716 1253 2042 1316 veracem?
2112 1253 2340 1316 Paruit
2386 1275 2529 1339 erqo
2567 1252 2851 1341 populus
2882 1251 2985 1317 ille
3009 1274 3158 1316 man-

958 1352 1129 1417 datis
1176 1351 1458 1439 episcopi
1472 1377 1495 1415 .·
1525 1341 1833 1438 factoque
1878 1360 2179 1416 conventu
2224 1349 2754 1438 supplicationem
2799 1377 2924 1441 qua
2964 1351 3161 1441 majori

947 1451 1162 1538 potu-it
1196 1451 1440 1537 pietate
1488 1446 1843 1528 celebravit,
1893 1472 1998 1514 eos
2044 1449 2417 1535 aemulatus,
2478 1452 2589 1538 qui
2623 1473 2866 1538 pueros
2902 1449 3162 1538 pecudes·

957 1571 1072 1637 que
1142 1548 1292 1613 olim
1359 1546 1786 1625 ablactantes,
1868 1548 2096 1613 ciliciis
2157 1571 2429 1636 corpora
2488 1550 2764 1616 cinxere.
2878 1552 2959 1615 Et
3014 1549 3162 1613 Deus

956 1648 1203 1735 quidem
1230 1646 1563 1736 flayellum
1622 1647 1792 1712 illud
1853 1646 1932 1713 ab
1980 1648 2071 1712 eis
2115 1648 2225 1712 hoc
2266 1659 2456 1734 pacto
2514 1651 2765 1716 amovit.
2869 1646 3048 1738 Cujus
3088 1647 3165 1710 rei

957 1748 1259 1811 memoria
1333 1746 1421 1811 ad
1473 1756 1757 1811 nostram
1818 1768 2009 1834 usque
2073 1756 2347 1812 aetatem
2390 1747 2710 1834 perducta
2769 1759 2878 1814 est.
2983 1744 3163 1834 Hujus

959 1856 1166 1910 autem
1226 1845 1716 1932 supplicationis
1774 1868 1997 1911 nomen
2057 1868 2186 1910 non
2249 1856 2342 1910 est
2385 1845 2446 1910 J
2454 1850 2524 1933 ej
2536 1848 2683 1911 uni
2696 1869 2813 1911 um
2860 1842 3162 1910 Ninivi-

963 1955 1248 2025 tarum,
1315 1944 1427 2008 sed
1487 1945 1920 2035 Jejunium
1983 1943 2514 2010 indictionis.
2640 1945 2863 2011 Verum
2929 1942 3164 2010 Ninives

865 2067 869 2071 ·
961 2043 1187 2107 mentio
1233 2042 1430 2130 facta
1476 2055 1568 2108 est
1600 2055 1875 2131 propter
1918 2046 2267 2125 rationem,
2334 2067 2520 2130 quam
2565 2067 2767 2131 supra
2812 2040 3065 2121 adduxi,
3117 2047 3165 2100 et

953 2151 1221 2228 propter
1266 2142 1747 2207 similitudinem
1794 2144 2300 2207 comminationis
2345 2154 2405 2207 et
2441 2142 2983 2230 praedicationis;
3024 2138 3165 2202 idem

959 2240 1124 2303 enim
1151 2238 1303 2326 fere
1329 2238 1657 2328 utrobique
1666 2240 2001 2328 flagellum
2030 2240 2357 2327 impendit,
2407 2264 2449 2305 a
2478 2264 2598 2327 quo
2628 2239 2886 2305 liberati
2912 2240 3078 2305 sunt“
3104 2234 3165 2318 ¹)

1814 2530 1888 2593 Π
1898 2551 1939 2591 α
1954 2550 1990 2611 ρ
2011 2524 2052 2591 ἁ
2071 2550 2107 2611 ρ
2125 2549 2164 2591 τ
2186 2550 2223 2614 η
2238 2550 2285 2610 μ
2306 2549 2350 2591 α

1007 2652 1133 2726 De
1178 2670 1403 2726 anno
1438 2651 2017 2725 ecclesiastico
2066 2650 2476 2744 Syrorum
2509 2650 3130 2725 Maronitorum.

1138 2819 1342 2898 Quum
1390 2835 1548 2899 quae
1597 2818 1673 2881 ad
1715 2815 1878 2880 festa
1922 2817 2078 2881 ritus
2112 2816 2636 2900 syro-maronitiei
2667 2821 2964 2900 spectant,
3009 2805 3163 2896 priori

961 2922 1129 2981 tomo
1183 2916 1315 2998 jam
1361 2915 1484 2979 sint
1531 2919 1985 2998 praeoccupata
2047 2936 2149 2999 pp.
2199 2914 2463 2978 36—37
2534 2918 2598 2978 et
2643 2914 3010 2988 487—489‚
3069 2907 3164 2972 hot·

963 3015 1095 3079 loeo
1141 3014 1204 3078 id
1252 3033 1444 3077 unum
1492 3016 1703 3089 restat,
1771 3016 1841 3077 ut
1885 3014 2300 3090 advertamus»,
2361 3013 2424 3077 in
2473 3012 2925 3077 recentioribus
2970 3006 3164 3074 Kalen·

861 3167 866 3174 .
963 3112 1150 3177 dariis
1198 3110 1669 3189 ecclesiasticis,
1728 3116 1977 3196 praeter
2023 3111 2183 3176 festa
2229 3113 2306 3176 de
2354 3117 2686 3196 praecepto
2734 3111 2960 3176 ibidem
3006 3102 3165 3170 relata

965 3231 1066 3295 pp.
1115 3210 1400 3286 36—37‚
1451 3210 1634 3275 etiam
1688 3209 1808 3274 alia
1852 3209 2008 3275 haec
2055 3214 2319 3294 quatuor
2366 3210 2612 3296 signata
2656 3209 2815 3296 legi:

968 3346 1067 3411 17.
1119 3344 1525 3409 Januarii:
1597 3340 1864 3407 Antonii
1911 3342 2322 3408 Patr-iarclzae
2369 3343 2808 3407 monachorum
2856 3339 3014 3427 (Mar
3058 3337 3163 3400 An·

1141 3443 1342 3508 ῐόῐιῑόε
1392 3442 1554 3507 abb&
1600 3441 1975 3524 diehidajo);

964 3551 1068 3617 20.
1121 3550 1352 3615 Julii:
1405 3547 1592 3614 Eliae
1635 3549 1980 3636 prophetae
2024 3548 2195 3632 (Miz-r
2244 3528 2402 3632 Elija
2448 3545 2528 3613 N'
2535 3546 2722 3632 bija);

974 3662 1024 3723 1.
1058 3661 1111 3724 A
1129 3680 1169 3723 u
1185 3680 1229 3744 g
1244 3679 1282 3723 u
1300 3679 1330 3723 s
1347 3658 1439 3723 ti:
1491 3657 1745 3721 Festum
1764 3666 2112 3744 martyr-um
2130 3654 2664 3721 Machabaeorum
2684 3651 2729 3738 (
2736 3655 2849 3720 Ida
2866 3655 2943 3719 da
2963 3653 3001 3714 S
3006 3639 3161 3710 mom*

1147 3778 1182 3822 v
1190 3756 1350 3822 '’dab
1357 3756 1542 3841 neh);

966 3867 1026 3932 9.
1079 3865 1140 3928 D
1162 3886 1196 3929 e
1214 3885 1376 3929 cem
1395 3864 1434 3928 b
1452 3865 1601 3929 ris:
1653 3863 1908 3926 Festum
1945 3860 2385 3950 Conceptionis
2408 3862 2486 3926 B.
2525 3861 2594 3926 V.
2628 3862 2720 3925 M.
2770 3859 2930 3946 (Ida
2956 3857 2990 3922 d
2998 3840 3157 3917 mast

1143 3962 1408 4048 Max-jam
1456 3961 1514 4026 d’
1521 3962 1580 4026 1st
1626 3963 1878 4044 mfimst).

1077 4096 1118 4100 -
1152 4093 1530 4208 ιῖΙῐι,01“ίί(·.ἰο
1577 4140 1952 4195 Chaldaeorum
2005 4139 2236 4192 additur:
2295 4139 2379 4209 qui
2434 4138 2749 4207 (episcopus)
2810 4151 2953 4208 quum
2997 4125 3153 4182 orfflt·

965 4227 1161 4283 audivit
1197 4223 1367 4292 angeli
1408 4237 1584 4276 vocem
1622 4220 1866 4275 dicentis:
1908 4219 2139 4273 Indzcite
2160 4219 2442 4289 Jejunium
2480 4221 2532 4272 et
2547 4218 2726 4288 facite
2749 4209 3155 4288 supplicatim*-

965 4312 1017 4362 οἰ
1053 4308 1346 4378 auferetur
1382 4321 1416 4357 a
1455 4302 1602 4356 vobis
1626 4301 1963 4372 pestilentia.
2040 4300 2164 4354 lbid.
2203 4317 2251 4370 p.
2291 4301 2414 4356 428.

1146 4388 1189 4452 ²)
1229 4385 1354 4440 Ibid.
1395 4400 1477 4454 pp.
1516 4383 1820 4439 427—428.

2110 4561 2227 4575 JV*
2254 4567 2269 4574 -ι
