3514 5391
876 532 947 587 94
1523 529 1682 585 Festa
1718 530 1928 586 mobilia
1964 529 2017 584 in
2053 527 2475 599 Quadragesima.

1053 728 1363 811 Antiquos
1409 727 1530 792 diei
1577 727 1733 792 ritus
1782 747 1856 792 ex
1893 727 2204 811 prioribus
2244 727 2402 813 juris
2434 725 2899 793 collectionibus
2928 727 2979 808 ¹)
3025 744 3123 791 re·

875 824 995 888 fert
1044 824 1482 889 Gratianus
1546 844 1600 890 c.
1648 824 1726 888 Ιη
1772 827 1982 911 capite
2042 822 2586 911 Quadraqesimae
2634 823 2739 890 64.
2804 823 2965 888 Dist.
3015 820 3122 897 50,

874 942 1058 1005 quem
1122 921 1269 1005 quia
1311 922 1527 1006 paucis
1576 922 2009 1005 complectitur
2070 942 2229 1006 quae
2291 923 2354 987 in
2400 922 2587 986 variis
2644 921 3004 986 auctoribus
3052 938 3123 983 ea

873 1020 950 1085 de
998 1039 1064 1084 re
1114 1038 1332 1103 sparsa
1379 1039 1452 1084 ac
1483 1019 1623 1084 fuse
1653 1020 1972 1103 disputata
2000 1020 2415 1095 inveniuntur,
2464 1038 2541 1084 ex
2568 1038 2873 1084 canonum
2909 1018 3124 1083 codice

876 1118 976 1181 hic
1023 1118 1619 1202 repraesentandum
1668 1136 2030 1183 censemus:

1050 1215 1122 1280 In
1172 1216 1372 1301 capite
1420 1215 1948 1301 Quadragesimae
2010 1236 2227 1282 omnes
2294 1217 2703 1300 poenitenteS,
2766 1215 2871 1298 qui
2918 1213 3118 1298 publi-

874 1333 1010 1378 cam
1060 1314 1408 1397 suscipiunt
1455 1318 1561 1378 aut
1591 1320 2004 1399 susceperunt
2032 1315 2498 1398 poenitentiam.
2548 1321 2689 1380 ante
2721 1314 2889 1379 fores
2922 1311 3119 1377 eccle-

872 1411 999 1476 siae
1060 1432 1127 1477 se
1188 1416 1659 1496 repraesentent
1721 1414 2015 1497 episcopo
2065 1412 2349 1491 civitatiS,
2418 1432 2598 1477 sacco
2646 1411 2865 1485 induti,
2937 1411 3119 1474 nudis

871 1509 1153 1592 pedibuS,
1203 1509 1474 1574 vultibus
1521 1510 1580 1574 in
1633 1516 1860 1574 terram
1911 1510 2220 1587 demissiS‚
2270 1529 2410 1575 reos
2458 1528 2527 1575 se
2555 1530 2693 1575 esse
2734 1510 2869 1593 ipso
2900 1507 3115 1574 habitu

872 1614 934 1673 et
981 1607 1151 1672 vultu
1201 1612 1638 1691 protestantes,
1718 1607 1816 1674 Ibi
1866 1610 2084 1674 adesse
2132 1608 2364 1674 debent
2410 1608 2647 1687 decani,
2695 1608 2760 1673 id
2790 1612 2887 1672 est
2916 1605 3117 1673 archi-

871 1705 1220 1789 presbyteri
1277 1705 1710 1786 parochiarum
1760 1707 2203 1790 etpresbyteri
2234 1706 2700 1791 poenitentium,
2751 1704 2856 1789 qui
2903 1724 3113 1769 eorum

871 1803 1406 1868 conversationem
1453 1802 1786 1889 diligenter
1832 1805 2139 1889 inspicere
2188 1804 2436 1883 debent,
2487 1809 2549 1869 et
2594 1803 2937 1869 seeundum
2987 1822 3116 1866 mo-

869 1902 1019 1967 dum
1067 1900 1286 1986 culpae
1317 1903 1757 1985 poenitentiam
1810 1922 1922 1986 per
1951 1904 2265 1987 praefatos
2291 1904 2522 1988 gradus
2551 1903 2892 1987 injungere.
2966 1900 3113 1965 Post

871 1999 1025 2063 haec
1075 2018 1181 2063 eos
1229 1999 1291 2063 in
1340 2000 1666 2065 ecclesiam,
1715 2002 2135 2079 introducant,
2187 2006 2423 2067 etcum
2454 2002 2621 2067 omni
2670 2000 2834 2066 clero
2874 2006 3113 2084 septem

871 2097 1339 2180 poenitentiales
1387 2098 1660 2182 psalmos
1721 2101 1787 2164 in
1833 2106 2001 2165 terra
2045 2105 2390 2183 prostratus
2438 2101 2767 2184 episcopus
2828 2118 2970 2164 cum
3025 2098 3113 2163 la-

870 2195 1080 2260 crimis
1151 2214 1262 2279 pro
1332 2215 1548 2262 eorum
1610 2198 1995 2263 absolutione
2055 2200 2374 2270 decantet:
2442 2204 2591 2263 tunc
2645 2216 2981 2283 resurgens
3036 2196 3114 2260 ab

868 2294 1162 2370 oratione,
1203 2294 1381 2376 juxta
1408 2296 1572 2378 quod
1601 2315 1870 2362 canones
1887 2297 2129 2381 jubent,
2180 2317 2401 2362 manus
2428 2297 2519 2361 eis
2542 2297 2839 2381 imponat,
2889 2314 3111 2378 aquam

869 2392 1256 2457 benedictam
1321 2412 1509 2476 super
1555 2413 1661 2458 eos
1710 2401 1980 2479 spargat,
2051 2395 2322 2460 cinerem
2371 2395 2542 2479 prius
2590 2394 2826 2469 mittat,
2891 2393 3113 2457 deinde

868 2490 1065 2555 cilicio
1113 2491 1317 2574 capita
1363 2510 1574 2556 eorum
1625 2492 1881 2575 operiat,
1929 2497 1993 2557 et
2041 2512 2183 2557 cum
2230 2494 2467 2578 gemitu
2517 2497 2580 2557 et
2627 2492 2862 2557 crebris
2910 2491 3110 2575 suspi-

867 2587 975 2652 riis
1022 2589 1354 2654 denunciet
1402 2589 1512 2666 eiS,
1580 2590 1743 2672 quod
1814 2591 1974 2655 sicut
2032 2591 2236 2655 Adam
2300 2591 2614 2674 projectus
2676 2591 2754 2655 de
2801 2588 3106 2673 paradise,

868 2687 953 2752 ita
997 2687 1116 2772 ipsi
1167 2708 1277 2771 pro
1325 2688 1596 2772 peccatis
1644 2688 1720 2753 ab
1755 2687 2040 2755 Ecclesia
2086 2689 2494 2773 abjiciuntur:
2545 2694 2688 2774 post
2717 2687 2872 2754 haec
2894 2687 3107 2771 jubeat

871 2786 1187 2870 ministriS,
1236 2792 1306 2851 ut
1352 2806 1459 2851 eos
1507 2790 1682 2851 extra
1718 2785 1944 2869 januas
1991 2786 2290 2854 eeclesiae
2338 2788 2666 2873 expellant,
2716 2787 2919 2853 clerus
2966 2806 3107 2852 vero

868 2889 1279 2968 prosequatur
1339 2904 1446 2950 eos
1509 2904 1651 2950 cum
1697 2887 2124 2968 responsorio:
2189 2885 2278 2952 In
2326 2886 2621 2952 sudore
2668 2884 2948 2950 vultus
2994 2884 3105 2949 tui

869 2984 1230 3048 vesceris
1278 3002 1476 3068 pane
1524 2988 1656 3048 tuo
1705 2987 1860 3060 etc,
1923 2989 2024 3061 ut,
2086 2985 2366 3050 videntes
2427 2988 2708 3050 sanctam
2762 2982 3109 3048 Ecclesiam

866 3101 979 3165 pro
1026 3080 1404 3146 facinoribus
1451 3081 1579 3145 suis
1611 3080 2042 3147 tremefactam
2091 3087 2275 3166 atque
2304 3088 2701 3158 commotam,
2750 3101 2873 3146 non
2908 3080 3106 3164 parvi-

866 3179 1140 3262 pendant
1186 3179 1648 3262 poenitentiam.
1741 3179 1818 3245 In
1865 3201 2042 3246 sacra
2089 3186 2297 3246 autem
2346 3180 2594 3246 Domini
2655 3199 2848 3245 coena
2892 3199 3109 3244 rursus

867 3276 943 3341 ab
993 3286 1208 3341 eorum
1271 3278 1522 3341 decanis
1589 3284 1651 3340 et
1712 3297 1923 3342 eorum
1987 3279 2368 3363 presbyteris
2431 3278 2727 3344 ecclesiae
2791 3277 3109 3342 liminibus

866 3379 1426 3457 repraesententur.

1043 3474 1144 3538 Ab
1193 3474 1312 3538 hoc
1361 3473 1559 3539 cilicio
1619 3494 1763 3539 cum
1812 3476 2123 3541 cineribus
2170 3476 2460 3560 imposito
2508 3476 2801 3540 Urbanus
2847 3473 2974 3538 ΡΡ.
3022 3471 3103 3538 ΙΙ.

864 3582 1057 3657 caput
1087 3572 1327 3659 jejunii
1374 3572 1644 3656 appellat
1690 3573 1894 3637 diem
1946 3574 2251 3638 cineris
2298 3580 2374 3640 et
2420 3573 2710 3650 cilicii,
2752 3583 3107 3657 postquem

864 3667 1079 3733 nullus
1124 3670 1375 3734 omnino
1423 3670 1627 3734 laicus
1673 3670 1974 3734 carnibus
2018 3672 2181 3735 vesci
2224 3672 2464 3736 audeat
2485 3671 2555 3753 ²).

1047 3829 1088 3896 ¹)
1129 3828 1374 3884 Refertur
1405 3832 1514 3898 Jam
1565 3831 1647 3884 hic
1695 3847 1858 3885 canon
1910 3832 2045 3886 inter
2099 3831 2349 3900 Capitala
2398 3829 2735 3899 Theodori,
2784 3829 3103 3898 archiepi-

864 3909 1040 3979 scopi
1078 3909 1576 3965 cantuariensis
1613 3912 1819 3965 saeculo
1840 3913 1889 3966 7.
1929 3911 1993 3965 ad
2032 3914 2181 3966 finem
2220 3916 2488 3981 vergente,
2526 3929 2570 3966 c.
2611 3914 2675 3967 11
2718 3911 2877 3980 (apud
2914 3911 3100 3978 Migne,

865 3989 1006 4043 Patr.
1044 3990 1136 4044 lat.
1176 3995 1298 4045 tom.
1337 3992 1423 4058 99,
1461 4007 1510 4060 p.
1537 3992 1695 4058 940);
1737 3992 1852 4046 inde
1890 3993 2101 4046 transiit
2138 3993 2189 4047 in
2217 3993 2567 4048 collectionem
2592 3991 2944 4062 Reginonis
2962 3990 3100 4044 Pru·

863 4071 1126 4124 miensis
1163 4073 1417 4126 abbatis
1468 4073 1674 4126 saeculo
1711 4073 1762 4140 9,
1815 4073 1902 4126 De
1940 4073 2322 4129 ecclesiasticis
2357 4073 2690 4144 disctplimis,
2741 4073 2774 4127 l.
2818 4075 2864 4139 1,
2916 4089 2961 4126 c.
2997 4071 3095 4124 291

865 4150 1006 4214 (ibid.
1046 4155 1168 4205 tom.
1211 4152 1330 4217 132,
1370 4168 1418 4222 p.
1457 4153 1603 4220 245),
1657 4156 1728 4220 ct,
1781 4153 1974 4208 duobus
2011 4159 2131 4223 post
2168 4154 2404 4221 saeculis,
2454 4154 2639 4208 iterum
2675 4154 2935 4223 reperitur
2970 4151 3100 4221 apud

863 4231 948 4284 Bu
969 4231 1300 4286 rohardum
1326 4232 1878 4296 Wormatienscm‚
1918 4234 2299 4301 Beer-etatum,
2325 4236 2357 4289 1.
2385 4236 2470 4303 19,
2500 4251 2543 4288 c.
2570 4235 2640 4290 26
2667 4234 2808 4301 (ibid.
2835 4239 2957 4288 tom.
2979 4233 3095 4295 140,

863 4329 911 4381 p.
950 4313 1097 4376 984),
1146 4328 1210 4365 ex
1248 4313 1429 4382 quibus
1467 4329 1582 4367 eum
1618 4315 1901 4384 assumpsit
1937 4332 1976 4367 s.
2018 4314 2124 4368 Ivo
2164 4315 2581 4370 Carnotensis
2620 4314 2876 4381 Dec-reti,
2927 4330 2975 4382 p.
3015 4312 3094 4368 15,

863 4411 904 4444 c.
944 4393 1014 4444 45
1053 4392 1195 4452 (ibid.
1235 4397 1357 4446 tom.
1398 4395 1517 4459 161,
1555 4410 1603 4462 p.
1642 4395 1790 4461 867).

1042 4469 1084 4536 ⁸)
1127 4471 1278 4524 Cone.
1297 4471 1885 4542 Beneventanni1090,
1910 4492 2021 4529 can.
2039 4477 2088 4529 4.
2130 4477 2273 4545 Apud
2290 4476 2564 4530 Hardouin.
2582 4475 3079 4545 Conc.t.6,p.1696.
