3514 5391
1218 530 1526 593 November.
1581 531 1885 593 December.

644 1098 742 1163 xiv
817 1098 859 1162 d
970 1099 1009 1163 8
1068 1098 1301 1163 Octava
1348 1097 1626 1162 omnium
1674 1095 2064 1163 Sanctorum.

637 1204 741 1287 xiij
819 1225 852 1270 e
969 1206 1010 1269 9
1068 1206 1390 1271 Dedicatio
1436 1203 1728 1270 basilicae
1777 1203 2087 1269 Salvatori:

659 1311 740 1393 xij
821 1312 853 1376 f
932 1312 1011 1376 10
1066 1312 1420 1398 Tryphonis
1467 1316 1530 1387 et
1581 1310 1853 1395 Respicii
1901 1317 2082 1378 mart.

681 1418 738 1501 xj
816 1440 860 1505 g
929 1419 1005 1483 11
1067 1419 1321 1485 Martini
1369 1418 1557 1503 episc·

703 1547 741 1589 x
802 1526 862 1590 A
929 1525 1008 1589 12
1067 1526 1319 1591 Martini
1367 1525 1596 1610 Papae.

705 1654 740 1697 v
824 1631 855 1695 f
927 1633 1005 1697 17
1067 1634 1353 1719 Gregorii
1400 1632 1849 1719 Thaumaturgi
1899 1632 2087 1717 episc.

681 1726 739 1804 iv
813 1760 857 1824 g
928 1739 1008 1804 18
1066 1739 1387 1806 Dedicatio
1433 1740 1726 1805 basilicae
1780 1739 1952 1804 Petri
1999 1743 2061 1803 et

673 1846 738 1929 iij
803 1846 858 1910 A
926 1847 1008 1910 19
1064 1846 1352 1913 Pontiani
1398 1846 1607 1931 Papae
1654 1846 1717 1913 et
1764 1853 1943 1912 mart.

710 1953 736 2036 j
781 1950 852 2018 ⁴c
923 1953 1004 2018 21
1064 1953 1491 2020 Praesentatio
1541 1956 1612 2021 Β.
1664 1954 2000 2021 Genitricis
2049 1953 2087 2018 lj

709 2065 740 2101 *
814 2060 852 2124 d
922 2060 1007 2124 22
1067 2058 1372 2127 Caeciliae
1419 2061 1573 2148 virg.
1624 2067 1686 2127 et
1732 2067 1915 2127 mart.

592 2168 737 2232 xxix
816 2186 850 2231 e
923 2168 1008 2234 23
1067 2167 1403 2235 Clementis
1449 2168 1660 2252 Papae
1707 2173 1771 2233 et
1817 2173 1997 2235 mart.

546 2274 735 2359 xxviij
816 2274 849 2337 f
922 2274 1010 2340 24
1067 2274 1454 2362 Chrysogoni
1501 2280 1683 2340 mart.

570 2382 735 2466 xxvij
813 2402 858 2466 g
923 2382 1008 2447 25
1067 2381 1436 2448 catharinae
1485 2383 1638 2467 virg.
1688 2388 1869 2448 mart.

592 2489 734 2572 xxvj
800 2489 860 2553 A
923 2488 1008 2553 26
1064 2489 1237 2555 Petri
1283 2490 1685 2555 Alexandrini
1735 2490 1926 2574 episc.

611 2596 734 2680 xxij
813 2597 854 2660 d
924 2596 1008 2659 29
1066 2596 1404 2681 Jejunium.

634 2703 734 2787 xxj
816 2724 848 2769 e
922 2703 1010 2768 30
1068 2705 1409 2770 Andreae
1460 2704 1833 2790 Apostoli.

1354 3310 1613 3377 Kanun
1662 3311 1896 3393 qdem.
1967 3311 2087 3379 De«

640 3541 743 3606 xix
814 3561 859 3627 g
971 3543 1012 3605 2
1071 3543 1367 3609 Bibianae
1415 3544 1569 3629 virg.
1621 3547 1682 3609 et
1729 3549 1911 3610 mart.

619 3648 740 3733 xvij
817 3648 858 3712 b
970 3649 1015 3713 4
1070 3652 1384 3716 Barbarae
1432 3652 1586 3737 virg.
1638 3655 1699 3716 et
1746 3659 1927 3716 mart.

643 3756 740 3840 xvj
824 3775 858 3820 c
972 3755 1014 3820 5
1072 3757 1316 3823 Sabbae
1365 3757 1626 3823 abbatis.

667 3882 746 3928 xv
821 3864 859 3926 d
975 3863 1015 3927 6
1071 3865 1316 3931 Nicolai
1364 3864 1553 3949 episc.
1605 3870 1669 3929 et
1714 3865 1881 3931 conf.

645 3968 747 4033 xiv
824 3989 858 4035 e
977 3970 1013 4034 7
1073 3972 1393 4038 Ambrosii
1442 3972 1632 4055 episc.
1682 3976 1744 4036 et
1791 3972 1955 4037 doct.
2005 3992 2087 4038 ec«

639 4074 746 4158 xiij
831 4077 864 4141 f
978 4078 1016 4142 8
1077 4079 1485 4162 Conceptio
1534 4079 1606 4142 B.
1659 4079 2083 4145 Genitricis

688 4180 748 4264 xj
816 4184 872 4248 A
938 4183 1020 4248 10
1077 4185 1450 4252 Melchiadis
1495 4184 1703 4269 Papae
1752 4190 1816 4250 et
1862 4189 2042 4250 mart.

716 4309 753 4352 x
827 4290 867 4355 b
940 4292 1013 4355 11
1079 4293 1334 4359 Damasi
1379 4291 1590 4376 Papae
1638 4298 1700 4358 et
1747 4293 2014 4358 confess.

653 4393 753 4476 vii)
828 4397 864 4461 d
942 4398 1020 4462 13
1082 4397 1312 4463 Luciae
1358 4398 1513 4484 virg.
1565 4404 1627 4464 et
1674 4404 1855 4466 mart.
