3514 5391
1080 529 1217 584 Ordo
1256 532 1496 584 festorrm
1536 531 1784 584 ecclesiae
1823 547 2080 586 armeniae.

923 727 1093 781 Sectio
1132 727 1242 780 VII.
1300 726 1680 782 Chats-veratZ.
1738 728 2001 782 Exaltatio
2041 705 2268 782 Crucis.⁴

445 908 779 973 Eudoxius
839 914 902 973 et
947 908 1265 973 Romulus.
1360 907 1526 974 Zeno
1574 929 1719 974 vero
1783 916 1843 974 et
1893 910 2208 974 Macarius
2256 910 2372 974 fue]

446 1007 722 1071 Eudoxii
787 1007 850 1072 in
911 1009 1206 1092 martyrio
1268 1029 1389 1073 una
1454 1027 1595 1073 cum
1651 1009 1823 1072 1104
1871 1015 2048 1075 mart.
2159 1009 2320 1072 Hinc
2366 1029 2372 1040 ¹

443 1105 745 1170 Missalia
791 1104 1012 1171 horum
1050 1107 1325 1173 ordinem
1362 1108 1449 1171 sic
1485 1107 1718 1172 habent
1751 1106 2057 1188 Eudoxi-i,
2107 1105 2372 1183 Romuli¹

441 1214 511 1266 et
560 1206 881 1285 Macar-ii,
946 1204 1333 1290 aliorumque
1381 1208 1557 1269 1034
1617 1215 1964 1292 martyrum
1981 1230 2002 1285 ‚·
2071 1205 2324 1288 proinde

442 1304 608 1368 ordo
659 1304 884 1369 merito
933 1305 1281 1370 conservari
1334 1310 1561 1389 posset.

641 1573 885 1638 Feria
935 1573 1005 1636 V.
1087 1575 1336 1637 Festum
1383 1598 1461 1639 88.
1515 1574 2029 1637 Arethaeitarum
2078 1574 2284 1636 decem
2330 1597 2372 1636 n

436 1672 869 1737 ducentorum
914 1682 1280 1758 martyrum,
1331 1683 1389 1736 et
1437 1672 1707 1736 Artemii
1764 1673 1988 1758 Maym’
2034 1673 2372 1758 Martyria.

639 1797 961 1877 Aretham,
1025 1799 1364 1882 principem
1415 1798 1664 1883 Negrae
1712 1797 1904 1872 urbiS,
1966 1797 2262 1880 martyrio
2312 1816 2372 1880 pf

434 1919 576 1963 una
630 1917 774 1961 cum
824 1898 971 1962 viris
1037 1900 1098 1960 et
1145 1895 1510 1960 mulieribus
1572 1896 1733 1962 illius
1784 1888 2048 1961 civitatis
2097 1917 2134 1959 a
2180 1895 2372 1960 Touna

433 1999 771 2073 Hebraeo,
834 1994 1080 2059 Justino
1127 1996 1504 2079 imperante,
1572 1995 1799 2060 Mart.
1854 1994 2052 2060 Rom.
2121 1999 2183 2059 et
2231 1994 2372 2058 Me]

434 2099 554 2165 24.
619 2095 755 2160 Oct.
806 2103 1130 2178 reponunt,
1193 2096 1368 2160 Arm.
1420 2113 1565 2159 vero
1616 2092 1677 2159 d.
1727 2092 1834 2158 20.
1900 2092 2182 2175 ejusdem
2233 2113 2372 2158 men

433 2195 575 2281 legi
631 2191 819 2258 velim
866 2197 1075 2257 notata
1121 2199 1163 2257 t.
1221 2194 1274 2268 1,
1324 2214 1383 2277 p.
1434 2192 1586 2258 462⁷.
1650 2230 1726 2238 —
1792 2193 2210 2256 Artemius
2258 2212 2372 2256 ver<

431 2294 765 2374 Princeps
824 2290 1237 2356 Alexandriae
1297 2292 1360 2355 in
1410 2292 1719 2375 AegyptO,
1791 2291 1892 2373 qui
1957 2311 1993 2354 a
2037 2290 2335 2368 Juliano,

434 2390 963 2478 persecutionem
1011 2389 1379 2455 Christianis
1425 2389 1657 2453 illatam
1710 2389 2161 2472 objurgaverat,
2213 2393 2372 2452 mart

435 2497 593 2557 ctus
648 2495 763 2567 est,
813 2487 1079 2554 refertur
1126 2489 1186 2552 in
1236 2489 1459 2554 Mart.
1512 2489 1714 2554 Rom.
1767 2493 1827 2551 et
1875 2487 2070 2552 Mon.
2123 2488 2244 2553 Gr.
2295 2487 2354 2552 d.

435 2593 667 2656 Arm.
721 2607 865 2652 vero
913 2589 974 2653 d.
1029 2587 1129 2652 19.
1182 2587 1459 2670 ejusdem
1512 2587 1763 2651 mensis,

642 2858 1019 2922 Sabbata
1070 2857 1319 2920 Festum
1355 2856 1664 2919 Demetrii
1709 2856 2029 2939 martyr-ie,
2079 2855 2188 2939 qui
2216 2852 2372 2916 Thes

436 2965 926 3023 consummatus
974 2966 1105 3028 est,·
1165 2964 1224 3018 et
1269 2954 1576 3018 Basilisci
1624 2951 2017 3039 presbyteri,
2086 2953 2195 3037 qui
2248 2974 2372 3014 cona

436 3069 543 3122 est
598 3053 936 3119 Amaseae.

644 3198 1036 3261 Demetrium
1061 3202 1420 3280 martyrem,
1471 3193 1949 3259 Thessalonicae
1997 3193 2111 3257 sub
2144 3191 2372 3257 Maxim

440 3320 625 3376 sum,
680 3296 1007 3380 Martyr.
1057 3296 1261 3361 Rom.
1326 3296 1385 3359 d.
1436 3294 1496 3361 8.
1548 3294 1681 3358 Oct.
1733 3292 2010 3367 collocat,
2075 3290 2272 3357 Men.
2324 3292 2372 3356 G

443 3396 706 3465 mensis
756 3395 1069 3477 ejusdem,
1138 3396 1558 3459 Armenorum
1618 3411 1763 3457 vero
1826 3393 1884 3456 d.
1936 3390 2038 3455 25.
2111 3427 2183 3436 —
2258 3389 2351 3453 De

447 3493 841 3564 Amaseensi
905 3498 1112 3557 autem
1174 3493 1515 3566 sciendum,
1584 3491 1747 3573 quod
1812 3510 2008 3572 pauca
2055 3488 2372 3552 vetustiora

446 3615 610 3662 cum
676 3592 958 3657 scribunt
1015 3588 1365 3668 Basiliam,
1426 3589 1522 3654 vel
1570 3585 1914 3653 Basileum.
2008 3587 2302 3669 Quamvis
2350 3605 2372 3648 a

448 3700 586 3761 stet
637 3691 890 3775 quidam
944 3689 1242 3765 Basileus,
1293 3710 1415 3753 non
1465 3688 1648 3752 modo
1697 3685 2044 3771 presbyter,
2095 3685 2205 3749 sed
2255 3682 2372 3748 etia

453 3814 582 3879 pus
635 3793 966 3864 Amaseae,
1017 3789 1131 3853 sub
1181 3787 1417 3852 Licinio
1447 3786 1853 3851 Nicomediae
1900 3783 2199 3866 martyrio
2239 3801 2372 3846 coro

450 3914 589 3978 quo
640 3888 850 3954 Mart
920 3887 1124 3952 Rom.
1177 3891 1251 3950 et
1297 3886 1492 3951 Men.
1544 3887 1663 3949 Gr.
1715 3884 1774 3948 d.
1826 3883 1932 3947 26.
1969 3884 2143 3964 Apr,
2195 3880 2369 3963 quit

453 3988 842 4063 celebratur,
892 4006 1015 4050 non
1064 3985 1302 4050 videtur
1347 3985 1399 4049 is
1448 4004 1617 4058 esse3
1670 3983 1811 4047 licet
1839 3982 2002 4044 enim
2040 3980 2138 4043 hic
2170 3979 2357 4043 fuerit

457 4091 805 4159 Amaseae,
866 4089 927 4148 at
972 4105 1095 4149 non
1142 4084 1470 4161 Amaseae,
1535 4083 1645 4147 scd
1691 4079 2120 4152 Nicomediae,
2190 4082 2257 4141 ut
2295 4077 2372 4159 ja]

458 4191 585 4263 est,
639 4182 1010 4265 martyrium
1058 4182 1537 4255 consummavit,
1602 4180 1887 4263 quamvis
1936 4177 2159 4242 deinde
2208 4196 2256 4240 s,
2309 4173 2372 4255 ej·

457 4287 788 4351 Amasene
836 4281 1151 4345 conditum
1199 4279 1347 4343 fuit:
1395 4278 1763 4343 hodiernum
1801 4296 1944 4340 vero
1981 4277 2285 4338 Amaseae
2334 4271 2372 4334 f«

463 4387 867 4450 summatum
934 4398 1198 4461 eumque
1260 4377 1467 4442 omnia
1512 4377 1761 4441 omnino
1810 4371 2186 4438 Kalendaria
2233 4390 2372 4434 arm

461 4483 719 4556 liscum,
770 4483 833 4543 et
878 4497 999 4542 non
1027 4475 1355 4541 Basileum
1401 4476 1737 4539 nominant.
1805 4471 2069 4535 Videtur
2113 4470 2321 4553 itaque
2368 4469 2372 4528 i
