3514 5391
829 512 937 566 348

835 706 998 786 Θεός
1015 761 1028 788 ,
1111 707 1215 773 καὶ
1284 707 1478 787 λαούς
1546 708 1899 793 ἓχόρτασας

830 803 1164 894 ἀφθόνως·
1222 805 1331 874 καὶ
1373 807 1578 897 πηγὴν
1627 805 1899 873 ἇένναον

828 899 1067 991 σοφίας
1137 907 1278 982 τοῖς
1345 905 1632 994 διψῶσιν
1692 905 1897 995 ἀπηγ-

828 999 1032 1085 γείλω.
1133 1002 1222 1069 Σύ
1266 995 1325 1069 εἶ
1380 1003 1598 1093 Σωτὴρ
1645 1003 1681 1069 ὁ
1734 1004 1899 1081 Θεὸς

831 1100 1019 1186 ἡμῶν,
1048 1100 1083 1166 ὁ
1109 1101 1260 1180 δοὺς
1283 1102 1447 1193 ζωὴν
1466 1107 1606 1181 τοῖς
1629 1100 1896 1168 πιστεύ-

833 1221 1017 1265 ουσιν
1062 1198 1132 1266 ἐν
1175 1207 1270 1285 τῷ
1316 1199 1588 1286 ὀνόματι
1639 1206 1732 1287 τῷ
1780 1205 1893 1286 σῷ.

1281 1397 1441 1461 Δόξα.

943 1517 1106 1607 Τρία
1152 1521 1429 1610 σύνυρχα
1474 1521 1726 1606 δοξάζω
1787 1523 1895 1588 καὶ

828 1620 1175 1708 σύνθρονα·
1294 1619 1559 1706 Πατέρα
1623 1619 1898 1706 ἄναρχον

833 1717 1031 1797 Θεὸν,
1099 1720 1204 1784 καὶ
1267 1714 1423 1785 Υἱὸν
1483 1718 1894 1806 συνὰναρχον,

827 1816 935 1882 καὶ
1014 1822 1186 1883 Πνεῖ
1186 1843 1278 1903 μα
1347 1817 1681 1885 συναΐόιον
1737 1814 1891 1905 Ῡὶῷ·

829 1915 940 2004 τὴν
996 1911 1151 2000 μίαν
1207 1916 1726 2005 venumdatum»
1786 1915 1894 1983 οὗ·

828 2009 976 2079 σιάν
1007 2013 1237 2099 ὑμνῶν,
1285 2010 1440 2100 μίαν
1472 2015 1664 2105 ἀρχὴν
1687 2015 1896 2102 ὑπάρ-

830 2136 971 2194 χιον
999 2111 1276 2200 α’νάρχου
1305 2115 1621 2204 θεότητος
1644 2113 1752 2180 καὶ
1783 2114 1894 2180 οὗ·

826 2210 1126 2300 σιότητος
1170 2219 1356 2297 τιμῶ.

1203 2592 1517 2645 Θεοτοκίον,

934 2713 1129 2802 Μόνη
1192 2713 1517 2804 ἐχώρησας
1578 2714 1692 2781 τὸν
1739 2709 1892 2779 Κτί·

826 2834 1000 2902 στην,
1048 2812 1160 2878 τὸν
1200 2808 1391 2895 ἴδιον,
1447 2815 1891 2901 Θεογεννῆτορ,

827 2907 896 2976 ἐν
940 2907 1186 2996 γαστρί,
1237 2911 1347 2978 καὶ
1392 2910 1579 2996 σαρκὶ
1625 2910 1896 2999 ἐκύησας

827 3008 1189 3097 ἀφράστως,
1229 3007 1338 3075 καὶ
1366 3009 1701 3097 παρθένος
1731 3005 1892 3094 ἐζιιει-

827 3132 958 3188 νας,
1004 3107 1203 3196 μηδὲν
1247 3112 1359 3185 τῆς
1391 3104 1757 3193 παρθενίας
1785 3108 1893 3172 λυ-

824 3201 1202 3293 μανθείσης.
1290 3211 1552 3288 Τοῦτον,
1601 3204 1773 3294 ἁγνή,
1809 3203 1896 3283 (ὃς

843 3298 997 3369 Υἳόν
1021 3324 1138 3369 σου
1168 3304 1277 3369 καὶ
1314 3303 1498 3385 Θεὸν,
1547 3303 1898 3382 ἀπαύστως

825 3398 1063 3467 ἱκέτευε
1158 3400 1320 3486 ὑπὲρ
1418 3407 1530 3490 τῆς
1619 3407 1898 3490 ποιμνῆς

827 3520 945 3566 σου
990 3494 1110 3565 ἀεί.

1185 3694 1266 3761 Ὠ
1283 3720 1305 3759 ι
1325 3694 1364 3761 δ
1382 3696 1414 3784 1}
1460 3696 1536 3780 γ’.

971 3838 1090 3892 Ἐστ
1101 3837 1309 3909 ερειῦθη
1345 3837 1376 3905 ἦ
1399 3838 1599 3911 καρδία
1621 3859 1750 3905 μου.

935 3962 1052 4052 Μὴ
1104 3963 1219 4051 τὴν
1262 3962 1404 4028 κατ’
1464 3962 1627 4052 ῗίψιν
1689 3959 1900 4051 κρίσιν

827 4056 1097 4146 κρίνετε,
1170 4060 1504 4143 Ἰουδαῖοι,
1577 4061 1899 4128 διδάσκων

826 4155 1033 4243 ἔλεγεν
1065 4157 1101 4224 ὁ
1136 4159 1494 4247 Δεσπότης,
1542 4159 1628 4238 ιῦς
1656 4159 1899 4249 ἐπέστη

825 4262 918 4342 τῷ
980 4253 1161 4343 ἱερῷ,
1237 4260 1464 4335 καθώς
1522 4258 1895 4346 γέγραπται,

826 4356 1143 4446 μεσούσης
1197 4361 1309 4439 τῐῖς
1356 4361 1616 4445 νομικῆς
1661 4352 1896 4446 ἑορτῆς.

1541 511 1702 565 Festa
1738 512 1947 566 mobilia
1986 517 2104 582 post
2141 511 2356 566 Pascha.

2006 709 2309 776 honsione
2338 711 2535 795 major
2560 708 2949 796 populosque
2981 710 3087 775 ab·

2008 809 2172 875 undo
2204 810 2460 888 satiasti,
2489 829 2561 874 ae
2578 810 2796 895 Jugem
2829 808 3084 893 sapien-

2007 909 2128 973 tiae
2174 908 2413 973 fontem
2449 907 2803 974 sitientibus
2851 907 3088 991 promi·

2006 1006 2160 1072 sisti.
2183 1006 2277 1071 Tu
2294 1027 2362 1072 es
2378 1008 2545 1072 Deus
2560 1004 2917 1072 nosterSalv
2925 1011 3085 1082 ator,

2006 1105 2081 1170 iis
2128 1105 2406 1171 tribuens
2452 1105 2640 1171 vitam
2676 1105 2782 1188 qui
2813 1104 3087 1169 eredunt

2006 1203 2067 1268 in
2118 1203 2368 1269 nomine
2414 1209 2551 1290 tuo.-

2444 1398 2638 1454 Gloria.

2114 1526 2258 1592 Tria
2304 1531 2663 1603 eoaeterna‚
2732 1525 3087 1608 eademque

2008 1626 2332 1713 majestate
2396 1627 2459 1690 et
2523 1623 2689 1700 sede,
2763 1621 3089 1689 adoranda

2003 1717 2322 1812 glorifico:
2421 1721 2671 1788 Patrem
2752 1727 3083 1788 aeternum

2005 1825 2229 1900 Deum,
2265 1820 2622 1905 Filiumque
2653 1825 3083 1886 coaeternum.

2005 1943 2078 1988 ae
2124 1920 2425 2006 Spiritum
2455 1922 2855 1984 coaeternum
2885 1917 3083 1983 Filio:

2005 2040 2191 2086 unam
2248 2019 2408 2083 trine
2472 2016 2915 2083 subsistentem
2982 2037 3085 2082 es-

2005 2118 2269 2186 sentiam
2315 2116 2594 2193 laudans‚
2657 2115 3085 2201 principatum

2006 2238 2195 2283 unum
2247 2209 2549 2300 principio
2598 2214 2921 2297 majorem,
2974 2231 3082 2279 ex-

2007 2316 2200 2400 pertis
2286 2313 2572 2398 principii
2660 2315 3083 2396 aeternaeque

2012 2413 2271 2480 Deitatis
2299 2432 2370 2478 ae
2386 2411 2789 2487 substantiae,
2812 2409 3080 2477 honor0.

2344 2589 2415 2645 In‘
2436 2588 2733 2659 Deiparam.

2114 2718 2276 2796 Sola,
2326 2717 2442 2784 Dei
2468 2714 2770 2797 Genitrix,
2820 2714 3083 2781 Creato-

2008 2837 2138 2884 rem
2210 2815 2527 2900 proprium
2602 2818 2780 2878 utero
2850 2833 3085 2896 capere

2008 2915 2279 3000 potuisti,
2329 2930 2639 2996 carneque
2679 2909 3085 2976 ineffabiliter

2006 3013 2331 3098 peperisti3
2360 3031 2430 3077 ae
2455 3011 2626 3095 virgo
2649 3007 3082 3085 nihilominuS,

2007 3109 2158 3175 nihil
2219 3108 2389 3175 laesa
2448 3107 2829 3194 virginit-ate,
2900 3127 3082 3172 man-

2007 3209 2163 3274 sisti.
2231 3208 2415 3273 Hune
2463 3211 2530 3272 tu
2579 3210 2769 3283 easta,
2821 3225 2934 3271 eeu
2970 3205 3081 3270 Fi-

2004 3306 2155 3372 lium
2186 3310 2381 3383 tuum,
2430 3304 2780 3399 Deumque,
2829 3324 2944 3388 pro
2970 3308 3083 3373 tuo

2005 3423 2254 3489 semper
2299 3403 2851 3486 indesinenterque
2890 3420 3084 3466 exora

2002 3522 2214 3589 grege.

2408 3697 2457 3762 Ο
2476 3698 2515 3762 d
2533 3717 2567 3763 e
2612 3697 2675 3762 3.

2161 3840 2446 3894 Firmatum
2485 3844 2567 3894 est
2606 3855 2696 3893 eor
2732 3854 2918 3893 meum.

2112 3967 2231 4037 Ne.
2280 3966 2528 4044 Judaei,
2588 3965 2935 4031 seeundum
2986 3964 3079 4029 fa-

2007 4066 2165 4130 eiem
2205 4064 2500 4147 jndicate,
2551 4062 2799 4128 dicebat
2845 4063 3081 4129 docens

2009 4163 2345 4241 Dominus,
2414 4181 2625 4246 quum,
2684 4159 2864 4244 juxta
2909 4161 3076 4244 quod

2007 4262 2326 4345 Scriptura
2353 4260 2563 4338 habet,
2609 4259 2922 4323 mediante
2943 4258 3079 4342 jam

2009 4359 2191 4445 legali
2239 4360 2594 4437 festivitate,
2659 4356 2722 4423 in
2770 4356 3076 4445 templum

2007 4457 2298 4522 venisset.
