3514 5391
844 510 950 569 228
1265 524 1268 527 ’
1494 510 1653 570 Festa
1690 514 1897 571 mobilia
1937 515 1985 571 in
2023 512 2445 587 Quadi-agesimo.

847 714 981 784 riis,
1036 713 1097 770 in
1135 714 1410 786 precibus
1448 714 1748 787 liturgicis
1802 714 2149 772 solemniter
2197 715 2651 787 profiterentur,
2705 733 2777 774 ac
2827 716 3085 787 tandem,

848 801 1056 851 contra
1094 794 1509 852 oecumenicae
1548 795 1757 867 synodi
1798 795 2219 862 definitionem,
2261 796 2553 867 dogmatis
2582 798 2776 855 instar
2800 796 2860 854 in
2887 797 3084 851 libram

845 875 1189 945 symbolicam
1229 875 1489 929 ecclesiae
1525 875 1815 930 orientalis
1851 874 2170 933 referrent.
2248 876 2483 951 Quippe

941 961 1266 1030 Ὀρθόδοξος
1284 963 1559 1033 ὁμολογία
1578 968 1668 1030 τῆς
1685 968 1917 1023 πίστεως
2138 966 2453 1021 Orthodoxa
2504 968 2776 1038 confessio
2817 968 2960 1038 fidei
3004 984 3086 1022 ca-

849 1046 937 1108 ιιξς
972 1045 1262 1109 καθολικῆς
1297 1047 1387 1096 καὶ
1422 1043 1780 1110 ἀποστολικῆς
1832 1046 1913 1096 ἐκ-
2024 1046 2257 1100 tholicae
2325 1050 2380 1101 et
2439 1049 2767 1116 apostolicae
2832 1048 3087 1102 ecclesiae

847 1125 903 1174 κ).
915 1127 1065 1188 ησίας
1104 1128 1195 1190 τῆς
1232 1123 1567 1191 ἀνατολικῆς,
2026 1126 2333 1193 orientalis,

850 1220 904 1278 ἰ’
923 1224 1095 1277 Petro
1132 1224 1358 1294 Moqila,
1410 1224 1793 1297 metropolita
1827 1223 2169 1291 Kioviensi‚
2226 1226 2475 1298 primum
2525 1226 2689 1283 edita
2741 1243 2893 1283 anno
2934 1224 3087 1291 1642,

850 1302 1063 1361 deinde
1103 1320 1245 1361 vero
1285 1321 1323 1361 a
1360 1312 1613 1378 quatuor
1651 1305 2017 1378 patriarchis
2055 1307 2447 1365 orientalibus
2486 1308 2912 1364 solemnissime
2960 1324 3086 1364 con-

851 1382 1092 1440 firmata
1133 1384 1229 1441 die
1271 1386 1355 1443 ll.
1389 1384 1598 1443 Martii
1637 1403 1730 1443 an.
1773 1386 1914 1443 1643
1934 1383 1992 1455 ¹)
2043 1387 2116 1443 de
2155 1387 2458 1459 requisitis
2499 1386 2575 1443 ad
2613 1388 3084 1459 augustissimam

851 1463 1276 1521 eucharistiam
1321 1482 1504 1537 agens
1530 1470 1685 1570 parf.
1725 1457 1785 1532 1,'
1817 1470 2025 1535 quaest.
2065 1467 2195 1532 107,
2234 1468 2395 1525 iuter
2434 1467 2557 1525 alia
2596 1468 2840 1525 statuit:

956 1556 1163 1620 Πρέπει
1201 1573 1268 1607 να
1310 1574 1444 1623 προς
1432 1559 1561 1627 ‘1¹1
1599 1554 1668 1608 νά
1711 1555 1848 1607 dun
1886 1554 1917 1622 ἡ
2140 1558 2361 1626 Oportet
2396 1557 2699 1624 attendere,
2736 1561 2796 1611 ut
2830 1558 2905 1611 stt
2927 1562 3089 1611 male-

850 1637 1201 1702 πρεπουμένη
1237 1633 1339 1701 ὕλη
1376 1636 1550 1703 ἤγουν
1576 1636 1739 1705 ἄρτος
1776 1639 1917 1687 otu-
2026 1653 2116 1691 raa
2154 1638 2497 1704 conveniens,
2546 1638 2647 1692 hoc
2682 1641 2765 1691 est
2787 1638 2961 1708 panis
2995 1638 3089 1692 tri-

851 1731 943 1771 ros·
965 1714 1213 1784 ἓνζυμος,
1240 1714 1377 1769 ὅσον
1395 1715 1639 1769 δυνατὸν
1658 1715 1916 1786 καθαρός.
2026 1718 2198 1772 licens
2213 1717 2258 1785 ²)
2298 1718 2322 1772 f
2333 1734 2361 1771 e
2376 1734 2467 1772 rm
2482 1722 2642 1772 enta
2657 1723 2766 1772 tus
2783 1760 2795 1784 ,
2836 1720 3089 1788 quantum

2017 1799 2157 1869 fieri
2176 1801 2381 1868 potest,
2404 1814 2605 1867 puras.

853 1892 1040 1966 Quem
1092 1894 1283 1952 locum
1333 1894 1592 1954 Barbu
1632 1894 2326 1962 Constantinescu,
2389 1894 2623 1953 Doctor
2674 1912 2981 1962 rumenuS,
3034 1895 3089 1952 in

852 1975 1193 2047 nuperrima
1231 1992 1339 2033 sua
1376 1976 1649 2034 versione
1693 1976 2042 2031 Orthodoxae
2078 1977 2439 2048 confessionis
2456 1975 2501 2046 ³)
2549 1977 2638 2033 ita,
2674 1977 2864 2035 vertit
2899 1995 2953 2048 p.
2993 1975 3090 2035 72:

851 2055 1039 2109 trebae
1074 2073 1139 2110 sa
1179 2057 1234 2110 ia
1273 2057 1477 2111 amiate
1525 2073 1588 2111 ca
1625 2074 1690 2111 sa
1719 2060 1800 2127 sie
1835 2058 2072 2113 materia
2102 2058 2343 2111 cuvem'ta
2361 2098 2379 2122 ,
2430 2057 2600 2111 adem
2624 2057 2798 2125 palae
2848 2056 2916 2111 de
2948 2072 3091 2126 yrun

854 2133 1188 2207 dospita,
1216 2152 1326 2205 pre
1362 2140 1449 2190 cat
1484 2153 1544 2190 se
1575 2140 1738 2206 ponte
1774 2137 1843 2191 de
1879 2141 2091 2192 curata.
2148 2167 2209 2175 —
2267 2136 2435 2210 Quod
2478 2137 2632 2194 idem
2680 2137 2790 2195 hoc
2828 2142 3090 2209 tempore

854 2212 1220 2273 CPolitanus
1270 2217 1623 2291 patriarcha
1680 2233 1809 2275 cum
1861 2218 2083 2290 synodo
2129 2234 2237 2275 sua
2285 2218 2345 2275 in
2397 2218 2741 2290 nuperrima
2792 2216 3092 2283 ἀπαντήσει

852 2294 988 2361 πρὸς
1024 2314 1123 2361 την
1161 2298 1402 2361 πωτικὴν
1439 2300 1562 2366 περὶ
1598 2297 1838 2356 ἑνώσεως
1874 2298 2160 2367 ἐγκύκλιον
2210 2298 2528 2357 ecclesiam
2567 2315 2849 2371 graecam
2895 2296 3091 2365 ἀγωνι-

853 2363 1044 2433 σῖικῶς
1081 2375 1257 2435 docet
1293 2394 1346 2434 n.
1383 2380 1434 2434 9.
1478 2409 1542 2417 -
1583 2377 1854 2437 Graecos
1893 2384 2218 2451 sequuntur
2255 2379 2578 2450 scriptores
2615 2378 2788 2441 russi,
2837 2377 3092 2436 sollicite

857 2453 933 2510 ad
973 2472 1219 2514 examen
1258 2457 1528 2516 revocati
1569 2474 1605 2514 a
1629 2457 1800 2516 Rmo.
1825 2457 1981 2516 Duo.
2006 2458 2120 2517 Dr.
2148 2457 2452 2527 Pelesz,
2494 2458 2773 2513 Geschicte
2791 2458 2896 2512 der
2923 2458 3092 2512 Union

855 2534 956 2588 der
991 2536 1376 2591 rutheniscben
1415 2537 1624 2592 Kircke
1659 2540 1761 2594 ιηι1
1795 2539 1956 2604 Rom,
2006 2544 2049 2597 t.
2087 2539 2139 2609 2,
2192 2555 2285 2611 pp.
2322 2539 2448 2609 381,
2498 2539 2622 2609 399,
2674 2538 2783 2596 790
2832 2544 2894 2596 et
2931 2537 3089 2595 alibi

855 2599 957 2671 Sic
993 2614 1178 2688 igitur
1215 2617 1569 2689 orientales,
1618 2620 1694 2676 ab
1733 2619 2014 2677 Ecclesia
2054 2618 2353 2678 catholica
2391 2618 2676 2691 separati,
2732 2618 3093 2676 acutioribus

855 2694 1200 2790 quibusdam
1241 2699 1506 2770 exceptis
1524 2700 1587 2771 ⁴),
1629 2701 1932 2774 antiquum
1972 2718 2234 2759 errorem
2274 2701 2334 2758 in
2372 2702 2496 2759 solo
2534 2698 2899 2758 fermentato
2926 2706 3090 2758 recte

857 2777 1197 2847 consecrari
1233 2777 1520 2853 hodieque
1558 2788 1820 2840 tuentur.

1032 2855 1154 2915 Sed
1188 2859 1336 2916 satis
1364 2860 1437 2918 de
1465 2863 1812 2933 quaestione
1839 2861 2195 2935 dogmatica.
2246 2861 2637 2933 Attingamus
2664 2861 2742 2918 ad
2769 2866 3089 2918 extremum

854 2937 1200 2996 historicam
1240 2939 1422 3007 illam,
1476 2958 1625 3013 quae
1664 2959 1917 3017 magna
1921 2949 2016 3001 est
2052 2943 2212 3000 inter
2251 2941 2542 3010 eruditoS,
2603 2939 3093 3014 disputationem·

859 3034 992 3074 num
1033 3016 1458 3079 occidentales
1496 3039 1731 3095 semper
1773 3040 1929 3096 pane
1973 3039 2197 3095 azymo,
2240 3021 2585 3079 Orientales
2616 3028 2815 3079 autem
2841 3018 3095 3078 fermen-

856 3103 986 3156 tato
1023 3116 1178 3171 pane
1217 3116 1453 3173 semper
1488 3102 1580 3160 usi
1618 3101 1780 3161 sint?

1036 3177 1374 3252 Singularis
1412 3198 1486 3240 ea
1524 3183 1595 3240 de
1634 3200 1701 3241 re
1741 3190 1878 3241 erat
1916 3183 2288 3256 antiquorum
2328 3181 2734 3254 theologorum
2788 3179 3093 3239 scholasti·

859 3275 1055 3317 corum
1078 3261 1396 3329 sententia,
1422 3263 1672 3320 latinam
1701 3265 2017 3323 ecclesiam
2042 3265 2116 3320 ab
2139 3263 2307 3321 initio
2329 3262 2560 3335 quidem
2585 3279 2855 3335 azymum
2886 3278 3090 3336 panem

858 3433 1078 3486 medium
1116 3432 1307 3486 saeculi
1345 3434 1431 3487 14.
1471 3433 1675 3501 obiisse,
1727 3438 1876 3502 patet
1914 3450 1977 3488 ex
2014 3435 2101 3501 iis,
2152 3449 2284 3503 quae
2322 3433 2383 3486 de
2423 3449 2483 3488 eo
2521 3433 2678 3487 habet
2713 3432 3093 3493 FabriciuS‚

860 3512 1120 3567 Biblioth.
1154 3529 1360 3582 qraea,
1399 3517 1438 3566 t.
1477 3515 1527 3580 7,
1566 3530 1614 3583 p.
1654 3515 1759 3570 437
1803 3514 1962 3579 (Edit.
2002 3513 2285 3583 Hamburg.
2325 3530 2408 3567 an.
2450 3514 2631 3579 1801).

1043 3594 1084 3660 ¹)
1123 3593 1202 3648 De
1240 3594 1365 3647 fatis
1401 3594 1551 3663 hujus
1588 3594 1746 3649 libelli
1800 3595 1947 3649 multi
1998 3595 2200 3649 omnino
2251 3610 2314 3647 ex
2352 3593 2651 3647 acatholicis
2689 3592 2960 3661 scripsere,
3011 3591 3091 3660 qui

860 3691 1036 3729 omnes
1070 3675 1235 3729 videri
1272 3679 1529 3744 poterunt,
1568 3675 1612 3728 si
1650 3674 1840 3740 lubeat,
1879 3679 1989 3728 tum
2027 3675 2076 3727 in
2115 3673 2523 3727 Dissertatione
2560 3672 2627 3726 de
2664 3671 2889 3726 ecclesia
2915 3670 3092 3726 ruthe·

859 3757 981 3810 nica
1022 3755 1185 3821 (edita
1221 3754 1503 3823 Tiibingae,
1542 3759 1650 3825 typ.
1689 3755 1972 3823 Sigmundi,
2010 3771 2091 3808 an.
2117 3755 2276 3820 1762)
2317 3754 2381 3823 ἐς
2406 3754 2599 3819 9—-10,
2637 3755 2746 3805 tum
2785 3758 2841 3805 et
2876 3753 2927 3805 in
2954 3767 3094 3822 prae-

862 3838 1085 3903 fatione,
1147 3852 1299 3906 quam
1349 3836 1654 3889 novissimae
1707 3836 1935 3905 ejusdem
1981 3835 2398 3904 interpretationi
2448 3833 2687 3901 praefixit
2737 3832 2828 3886 Dr.
2877 3832 3092 3886 Barbu

862 3917 1444 3973 Constantinescu
1481 3917 1531 3969 in
1571 3921 1718 3969 textu
1750 3918 1859 3984 jam
1896 3915 2201 3969 afferendus.

1041 3997 1086 4064 ²)
1126 3995 1304 4064 Inepte
1330 3997 1554 4050 vertitur
1578 3997 1710 4066 apud
1731 3997 2043 4063 Kimmel
2079 3995 2169 4050 lib.
2196 3995 2415 4065 symbol.
2442 3994 2626 4048 eccles
2652 3993 2867 4051 orient.
2906 3997 3025 4047 tom.
3049 3994 3092 4048 1.

863 4097 911 4150 p
953 4079 1087 4226 1753³)
1110 4077 2136 4211 16ῖίιὲεξιῖιηςέηξιιιῗὲἓοξέηζεῗιζᾚίηωί
2175 4155 2398 4210 bisericii
2435 4153 2681 4207 ortodoxe
2729 4169 2761 4205 a
2806 4149 3093 4206 resaritului

861 4239 1074 4293 tradusa
1099 4237 1185 4291 din
1209 4252 1311 4290 nou
1335 4243 1472 4291 sicu
1498 4237 1787 4306 oprefatia.
1827 4236 1919 4290 Ed.
1940 4237 1992 4290 3.
2030 4235 2324 4289 Bucuresci.
2362 4233 2473 4288 Lib.
2495 4233 2654 4287 Socec
2672 4236 2727 4286 et
2745 4232 2920 4300 Comp.
2945 4230 3092 4284 1879.

1045 4321 1088 4386 ⁸)
1125 4317 1182 4371 In
1220 4317 1300 4370 his
1336 4318 1528 4370 eminet
1563 4317 1906 4382 Maltzew‚
1945 4317 2025 4369 vir
2057 4315 2222 4369 literis
2249 4314 2553 4383 theologicis
2577 4314 2713 4367 inter
2730 4310 2925 4366 Russos
2952 4325 3092 4379 prae·

862 4400 1069 4465 sellem,
1107 4398 1193 4468 qui
1230 4397 1546 4467 antiquiores
1584 4397 1846 4466 sapientes
1885 4396 2113 4450 Graecos
2151 4399 2358 4449 secutus
2395 4410 2493 4447 non
2533 4393 2800 4447 admodum
2839 4409 2870 4445 a
2895 4391 3092 4444 Theo·

861 4481 1040 4535 riani
1079 4478 1340 4533 sententia
1376 4478 1606 4532 discedit.
