3514 5391
832 525 1114 596 Ἐβὸομιὲς
1149 528 1290 597 μετά
1330 527 1427 594 τὴν
1465 533 1629 583 Hert.
1680 528 1822 583 Infra
1860 528 2043 584 Octav.
2082 529 2280 584 Penteoi

445 728 838 791 crescentium
900 728 1197 790 arborum
1242 727 1547 812 frondes,
1618 725 2157 813 multiplicantur,
2226 738 2280 792 et

444 847 632 889 mores
682 825 835 889 boni
880 826 1273 888 diversorum
1312 847 1433 909 per
1471 824 1692 909 plures
1729 823 2037 910 psalmos.
2116 826 2280 891 Hist‹

443 944 508 986 ae
555 923 853 988 naturalis
903 925 1055 987 ratio
1106 923 1426 987 brevitatis
1474 922 1698 987 horum
1739 924 2101 989 Officiorum
2152 945 2224 989 ea
2257 946 2280 990 e

442 1024 596 1104 quod
648 1043 841 1106 quum
891 1022 1110 1086 fideles
1159 1024 1237 1085 ad
1286 1022 1542 1086 multam
1593 1027 1841 1086 noctem
1890 1023 1953 1086 in
1994 1022 2214 1087 Officio
2264 1045 2280 1087 ε

440 1122 580 1185 tenti
626 1123 755 1205 jam
810 1122 1091 1196 fuissent,
1144 1124 1205 1184 et
1253 1141 1486 1191 rursus,
1536 1120 1770 1185 viribus
1821 1121 2066 1204 paulum
2119 1123 2280 1187 resec

438 1220 571 1283 ficia
622 1221 825 1285 diviua
877 1220 1166 1295 redirent,
1231 1226 1410 1283 nocte
1466 1219 1594 1300 jam
1661 1224 1954 1304 vergente
2016 1221 2078 1284 in
2137 1221 2280 1284 dien

436 1317 773 1382 Nocturnis
822 1318 1155 1381 recitandis
1204 1318 1471 1401 spatium
1525 1337 1640 1380 nou
1692 1319 2096 1401 suppetebat:
2146 1319 2248 1400 qui

434 1435 537 1497 per
587 1414 862 1497 reliquos
909 1415 1341 1480 hebdomadae
1390 1416 1523 1480 (lies
1572 1417 1803 1480 servari
1837 1416 2068 1491 debuit,
2120 1437 2280 1499 quon

431 1513 654 1577 Officia
702 1513 927 1590 divina,
978 1515 1181 1578 omnis
1232 1515 1464 1580 Octava
1511 1519 1832 1599 reputatur
1880 1515 2083 1578 facere
2132 1510 2280 1578 urim

430 1614 611 1678 festo.

610 1710 734 1775 Gur
782 1732 925 1774 vero
972 1734 1165 1774 unum
1215 1717 1477 1794 ponatur
1521 1712 1908 1775 Nocturnum
1962 1732 2102 1775 eum
2154 1711 2277 1774 trib

427 1809 787 1893 antiphonis
836 1810 1036 1892 tribus
1085 1810 1470 1893 totidemque
1501 1809 1886 1884 lectionibus,
1941 1810 2151 1874 multis
2182 1831 2280 1893 my

425 1909 611 1972 nibus
678 1928 751 1971 ex
818 1908 1266 1978 Ama-lario,
1337 1909 1695 1973 Honorio
1755 1911 2230 1994 Augustod.‚

423 2007 685 2089 aliisque
758 2007 1166 2091 scriptoribus
1236 2008 1622 2091 depromptis
1700 2008 1863 2072 clare
1940 2010 2208 2071 ostendit
2273 2008 2280 2037 ¹

421 2106 613 2169 Βίαν.
666 2106 742 2168 ad
791 2105 958 2168 diem
1006 2106 1306 2181 Paschae,
1360 2126 1411 2171 e.
1470 2109 1524 2185 1,
1576 2127 1634 2172 u.
1686 2107 1745 2182 2,
1800 2112 1859 2170 et
1910 2108 1987 2170 ad
2035 2108 2199 2171 diem
2254 2107 2280 2171 f

422 2224 473 2269 e.
527 2205 588 2280 l,
641 2224 699 2267 n.
753 2208 813 2267 2.

602 2419 702 2481 De
750 2420 1156 2504 suspensione
1204 2419 1531 2482 interdicti
1579 2417 1804 2483 localis
1849 2419 2164 2505 yeneralis
2212 2422 2278 2483 in

421 2516 589 2580 tibus
641 2518 914 2580 Paschae
964 2526 1023 2578 et
1072 2517 1476 2582 Pentecostes.

600 2643 755 2708 Eam
806 2662 1132 2709 censuram
1183 2642 1256 2707 ob
1305 2644 1719 2707 reverentiam
1768 2644 1988 2707 karum
2016 2641 2280 2705 solemni

421 2743 637 2824 pendit
687 2742 933 2806 Bonis
944 2742 1163 2805 acius
1212 2742 1337 2807 ΡΡ.
1389 2742 1560 2806 VIII.
1623 2743 1707 2806 ita
1770 2748 2046 2806 statuens
2112 2740 2177 2805 O.
2214 2740 2272 2804 A

418 2840 522 2903 24.
576 2840 655 2903 de
702 2851 964 2904 sentent.
1016 2837 1245 2904 exeo-m.
1296 2842 1367 2903 in
1403 2841 1505 2904 VI.
1525 2865 1543 2904 .·
1590 2842 1664 2904 In
1697 2839 2170 2926 festivitatibus
2216 2863 2280 2903 ve

417 2938 702 3019 Domini,
756 2938 1033 3002 Paschae
1079 2949 1138 3001 et
1186 2939 1591 3009 Pentecoste-s·
1624 2950 1682 3002 et
1730 2939 2202 3025 Assumptionis
2238 2939 2280 3001 V

414 3038 627 3099 riosae
676 3060 1024 3122 campanae
1066 3035 1419 3122 pulsentur,
1471 3048 1529 3099 et
1560 3040 1790 3124 januis
1840 3039 2102 3121 apertis,
2167 3035 2280 3099 alte

356 3214 362 3221 1
415 3135 570 3197 vina
627 3134 863 3219 Officia
922 3135 1283 3197 solemniter
1328 3135 1743 3212 celebrentur;
1812 3137 2279 3198 eaecommunica

415 3232 709 3308 exclusis,
773 3232 884 3295 secl
931 3232 1286 3296 interdictis
1335 3233 1654 3313 admissis,
1719 3234 1942 3317 quibus
1990 3233 2064 3295 ob
2112 3256 2280 3297 rever

415 3339 658 3394 ctarum
723 3330 1188 3395 solemnitatum
1254 3331 1345 3416 (et
1399 3342 1468 3395 ut
1514 3333 1644 3417 ipsi
1704 3333 1792 3394 acl
1838 3333 2216 3395 humilitatis
2275 3369 2280 3416 2

412 3429 955 3493 reconciliationis
1002 3427 1293 3515 affectum
1335 3430 1606 3513 facilius
1643 3427 2058 3514 inclinentur)
2097 3454 2280 3516 prae)

408 3528 975 3613 participationem
1012 3530 1438 3614 permittimus
1486 3529 1879 3592 divinorum:
1927 3532 2016 3592 sic
2065 3539 2273 3592 tamen

404 3635 676 3709 propter
720 3648 982 3711 quorum
1029 3649 1342 3691 excessum
1388 3628 1792 3691 interd-ictum
1821 3627 2179 3716 hujusmodi
2207 3650 2280 3690 esi

415 3719 620 3785 altari
663 3722 1028 3788 nullatenus
1078 3727 1611 3811 appropinquent.

595 3937 694 4000 De
744 3936 1096 4023 Sequentiis
1141 3939 1543 4004 Victimae
1595 3938 1973 4023 paschali
2023 3950 2081 4002 et
2124 3939 2280 4003 Ven

417 4030 778 4117 Spiritus
826 4038 897 4098 in
942 4037 1247 4100 Paschate
1296 4048 1355 4099 et
1403 4039 1760 4102 Pentecoste
1802 4039 2153 4123 permissis.

595 4176 936 4262 Sequentia
1000 4180 1088 4244 sie
1156 4180 1461 4264 appellata
1522 4186 1633 4256 est,
1705 4181 1852 4263 quia
1901 4181 2212 4245 Graduale
2262 4202 2280 4246 ε

416 4281 487 4337 ut
553 4280 690 4358 post
738 4277 1214 4355 GraneolaS,
1288 4279 1622 4343 Doctorem
1688 4279 2146 4358 Parisiousem,
2223 4301 2280 4343 m

417 4373 525 4454 (ad
572 4374 767 4450 Bona,
823 4373 1050 4439 Rerum
1097 4376 1306 4462 liturg.
1356 4377 1397 4441 l.
1448 4378 1506 4441 2.
1560 4398 1614 4442 e.
1662 4379 1754 4460 4).
