3514 5391
837 530 908 584 952
1485 532 1644 586 Festa
1682 532 1888 587 mobilia
1927 533 1975 585 in
2016 532 2439 601 Quadmgesima.

1014 731 1186 796 Fer.
1237 730 1357 795 III.
1405 731 1566 795 Dies
1613 730 2040 795 tollendarum
2085 733 2373 795 carnium
2401 747 2587 817 saepo
2619 740 2888 822 vocatur.
2954 738 3082 798 Oc-

838 828 1137 893 citanis
1187 834 1320 895 erat
1356 840 1873 893 carementranus
1920 830 2195 913 (carente
2220 831 2526 917 entrant),
2558 831 2622 895 h.
2657 852 2732 908 e„
2778 829 3081 905 Quadra-

833 928 1072 1010 9esima
1117 928 1392 1009 intrans,
1460 928 1594 993 dics
1654 928 1894 994 scilicet
1940 928 2214 994 finiendo
2262 930 2393 994 esui
2458 931 2661 995 carnis
2717 930 3076 997 destinatus.

837 1024 1073 1090 Eodem
1124 1046 1311 1092 sensu
1361 1027 1703 1092 etiamnum
1750 1027 2086 1111 inscriptus
2116 1026 2345 1114 legitur
2374 1028 2435 1092 in
2470 1024 2858 1103 Kalendariis
2889 1028 3078 1093 hun-

833 1125 1138 1208 garicis
1184 1126 1501 1214 kushaqyo'
1543 1126 1728 1209 kedol,
1780 1146 1886 1192 seu
1920 1125 2107 1211 feria
2155 1122 2279 1191 ΙΙΙ.
2331 1129 2547 1193 carnis
2595 1125 2932 1190 tollendae.

1243 1332 1401 1389 Fer.
1453 1332 1564 1389 1v.
1641 1330 2012 1391 cinerum.
2088 1329 2336 1404 Caput
2371 1330 2654 1403 jejunii.

1009 1462 1083 1528 In
1133 1464 1581 1554 Martyrologio
1643 1487 1899 1533 romano
1962 1468 2394 1532 annuntiatur:
2464 1467 2622 1532 Dies
2685 1470 2963 1533 cinerum
3024 1478 3079 1531 et

834 1564 1087 1627 initium
1131 1566 1374 1654 jejunii
1438 1568 1911 1632 sacratissimae
1978 1565 2541 1652 Quadraqesimae.
2618 1605 2688 1611 —
2775 1565 3074 1647 Quoniam

835 1660 1018 1725 hodie
1057 1662 1397 1744 munium,
1460 1685 1583 1729 non
1630 1670 1839 1730 autem
1886 1665 2375 1751 Quadragesima
2436 1665 2681 1752 proprie
2728 1664 2921 1759 dicta,
2982 1663 3074 1728 in·

834 1759 1002 1843 cipit,
1045 1761 1136 1825 -in
1180 1762 1553 1828 authenticis
1602 1762 1773 1829 libris
1823 1763 1977 1828 feria
2030 1762 2188 1829 haec
2248 1773 2442 1850 caput
2483 1763 2724 1852 jejunii
2783 1762 3075 1847 appellari

834 1856 1008 1935 solet,
1058 1864 1119 1924 et
1168 1880 1288 1925 non
1340 1863 1596 1941 initium
1648 1861 2189 1949 Quaquesimae
2212 1861 2281 1948 ¹).
2347 1862 2420 1928 In
2469 1862 2689 1928 eodem
2712 1862 3077 1928 Sacramen-

833 1956 989 2021 tario
1038 1958 1286 2023 titulum
1333 1959 1632 2047 habet²):
1700 1962 1779 2026 In
1811 1962 2064 2051 jejunio
2104 1963 2325 2048 prima
2370 1962 2586 2027 statio,
2681 1961 2878 2025 Feria
2923 1961 2968 2024 I
2972 1959 3078 2033 V„-

834 2073 909 2119 ex
955 2075 1076 2139 quo
1127 2060 1315 2136 textu,
1367 2060 1745 2143 conJunctim
1809 2080 1948 2124 cum
2000 2059 2284 2144 pluribus
2330 2059 2466 2125 aliis
2511 2059 2856 2125 rationibus
2900 2050 3075 2124 litur-

830 2152 987 2237 gicis
1035 2160 1302 2239 sumpte,
1353 2155 1824 2223 Cardinalis
1872 2158 2349 2225 Thomasius
2393 2157 2435 2222 l.
2469 2180 2543 2235 c.‚
2585 2179 2688 2243 pp.
2726 2156 3076 2222 187—188

835 2255 1051 2316 contra
1095 2251 1468 2320 Menardum
1520 2257 1766 2335 evincit,
1817 2256 2013 2321 multo
2063 2260 2206 2321 ante
2254 2276 2301 2322 s,
2356 2255 2729 2343 Gregorium
2776 2254 2865 2321 M.
2917 2254 3078 2339 (590

832 2347 1083 2433 —604)
1161 2358 1424 2435 quatuor
1492 2355 1939 2438 posterioribus
2008 2354 2438 2420 hebdomadae
2512 2353 3076 2439 Quinquagesimae

832 2447 1053 2513 diebus
1092 2449 1395 2534 jejunium
1445 2453 1639 2520 fuisse
1686 2454 2057 2520 institutum.
2153 2454 2377 2538 Neque
2424 2473 2756 2537 possumus
2815 2472 2927 2517 nos
2972 2452 3073 2518 hic

831 2565 951 2610 non
1002 2548 1328 2628 admirari,
1396 2571 1666 2635 quanam
1713 2553 1951 2618 ratione
1999 2552 2135 2617 fieri
2182 2551 2481 2636 potuerit,
2548 2557 2616 2615 ut
2664 2550 2908 2617 erudito
2954 2550 3073 2616 hoc

833 2645 1079 2711 saeculo
1146 2647 1248 2714 19.
1320 2653 1505 2735 atque
1569 2650 1632 2716 in
1694 2652 1877 2717 docta
1924 2651 2261 2718 Germania
2324 2653 2537 2716 nostra
2595 2651 2717 2715 duo
2778 2648 3073 2715 celebrati

831 2744 1167 2829 scriptores
1214 2754 1631 2832 protestantes
1661 2749 1782 2814 Me
1791 2749 1816 2831 j
1837 2769 1919 2814 er
1965 2755 2028 2815 et
2060 2749 2101 2814 J
2118 2749 2310 2814 acob
2332 2770 2416 2814 so
2438 2770 2478 2813 n
2525 2748 2841 2832 antiquam
2872 2745 3070 2811 hallu-

831 2841 1205 2909 cinationem
1253 2844 1654 2925 SocratiS‚
1708 2847 1879 2913 Hist.
1930 2846 2163 2926 eccles„
2212 2847 2251 2913 l.
2301 2846 2363 2924 5,
2415 2867 2466 2912 c.
2518 2844 2678 2929 22³)
2727 2845 2804 2908 de
2852 2843 3070 2922 tribus,

830 2940 1054 3026 quibus
1101 2945 1278 3031 apud
1324 2946 1649 3010 Romanos
1708 2945 1961 3010 saeculo
2012 2956 2237 3031 quarto
2281 2946 2602 3035 jejunium
2662 2942 3070 3030 quadragesi-

831 3039 994 3103 male
1042 3043 1441 3126 comtitisset,
1488 3043 1917 3123 hebdomadis,
1967 3044 2120 3109 adeo
2168 3064 2347 3108 suam
2376 3044 2672 3120 facerent,
2720 3047 2789 3107 ut
2836 3041 2931 3107 vel
2964 3042 3069 3106 ad-

831 3138 1236 3204 dubitandum
1290 3147 1593 3223 putarent,
1651 3149 1858 3208 utrum
1909 3141 2465 3228 quadragesimalis
2512 3142 2905 3207 observantia
2938 3139 3066 3222 jam

830 3235 945 3299 sub
996 3236 1298 3322 Gregorio
1347 3239 1435 3306 M.
1502 3241 1664 3305 ultra
1723 3246 2084 3325 praetensos
2143 3239 2280 3305 illos
2327 3240 2485 3305 fines
2545 3240 2622 3304 ad
2679 3259 2785 3304 sex
2834 3238 3070 3304 hebdo-

831 3333 1047 3398 madas
1094 3340 1349 3402 extensa
1393 3338 1667 3422 fuerit⁴).
1766 3343 1898 3420 Qua
1942 3340 2005 3404 in
2054 3338 2413 3423 quaestione
2460 3338 2524 3402 in
2556 3338 2856 3422 majorem
2886 3338 3066 3402 etiam

830 3437 1147 3516 stuporem
1194 3435 1258 3499 id
1305 3457 1417 3501 nos
1467 3437 1733 3521 conjicit,
1784 3438 1950 3521 quod
1999 3437 2201 3514 ambe,
2251 3440 2505 3520 propter
2542 3435 2702 3518 juris
2749 3435 3066 3500 scientiam

831 3552 866 3594 a
913 3531 1041 3595 suis
1087 3534 1419 3618 magnifice
1467 3535 1792 3600 collaudati
1841 3539 1910 3599 ut
1939 3545 2101 3611 sunt,
2149 3554 2275 3599 non
2305 3535 2437 3599 sine
2468 3534 2830 3599 eruditionis
2863 3539 3066 3599 osten·

830 3628 1058 3693 tatione
1108 3628 1401 3697 lectorem
1431 3635 1496 3697 in
1527 3634 1752 3698 erroris
1786 3633 2319 3698 confirmationem
2365 3633 2442 3696 ad
2468 3631 2865 3716 Gorrectores
2888 3632 3065 3697 Rom.

835 3726 1082 3792 Decreti
1131 3730 1303 3796 Grat.
1353 3731 1416 3796 in
1466 3753 1518 3796 e.
1575 3729 2082 3819 Quadrayesima
2126 3728 2187 3796 5.
2258 3730 2429 3796 Diae.
2478 3732 2583 3795 16.
2632 3730 2713 3795 de
2759 3752 2926 3796 cons.
2972 3751 3065 3794 re-

832 3823 1058 3910 legant,
1107 3833 1400 3912 tanquam
1452 3832 1505 3896 si
1553 3829 1967 3907 Correct01·e8‚
2019 3830 2167 3894 dum
2199 3833 2519 3906 testantur,
2568 3828 2690 3894 hoc
2719 3834 2906 3914 caput
2948 3850 3064 3894 non

1016 4003 1055 4072 ¹)
1096 4005 1202 4061 Cfr.
1254 4007 1438 4062 Card.
1477 4008 1778 4063 Thomas.
1829 4009 1862 4062 1.
1901 4026 1971 4072 c.‚
2024 4024 2073 4078 p.
2115 4008 2250 4074 189,
2308 4013 2362 4061 et
2398 4006 2639 4061 Tetam.
2693 4007 2890 4064 Dior..
2941 4012 2979 4060 t.
3016 4007 3064 4072 2,

831 4100 913 4154 pp.
952 4087 986 4140 4
1026 4090 1080 4140 et
1118 4089 1200 4142 17.

1010 4163 1054 4232 ²)
1094 4167 1242 4235 Apud
1281 4168 1468 4237 Migne,
1508 4169 1539 4222 1.
1580 4186 1624 4223 c..
1662 4186 1711 4238 p.
1752 4169 1908 4224 1065.

1010 4243 1054 4312 ³)
1093 4247 1241 4316 Apud
1279 4248 1467 4317 Migne,
1506 4248 1649 4303 Patr.
1687 4266 1766 4318 gr.
1804 4256 1845 4303 t.
1883 4251 1969 4314 67,
2006 4265 2093 4319 pp.
2129 4249 2432 4304 631—632.

1009 4325 1055 4392 ⁴)
1094 4327 1126 4382 J
1142 4344 1257 4382 aco
1274 4329 1430 4383 bson
1446 4370 1459 4396 ,
1497 4329 1702 4384 Fasten
1740 4331 1797 4384 in
1824 4329 1926 4384 der
1950 4329 2299 4384 clertstlichen
2320 4328 2546 4388 Kirclte,
2584 4330 2635 4382 in
2661 4328 3062 4400 Reid-Encyklo-

830 4407 1010 4474 paedie
1062 4408 1145 4462 fflr
1180 4411 1616 4478 protestantische
1653 4410 1933 4480 Theologie
1981 4410 2080 4463 und
2126 4409 2315 4464 Kirche
2366 4425 2465 4463 von
2500 4409 2710 4479 Herzog
2759 4409 2865 4475 (an.
2906 4404 3061 4468 1855)

832 4491 868 4538 t..
907 4486 957 4552 4,
996 4504 1051 4558 p.-
1084 4490 1218 4554 335;
1259 4491 1493 4561 Mejer‚
1531 4490 1651 4545 ibid.
1692 4491 1837 4558 (edit.
1875 4491 1925 4544 2.
1964 4490 2084 4546 anni
2123 4490 2284 4556 1879)
2324 4506 2374 4564 p.
2411 4490 2533 4547 505.
