3514 5391
795 439 897 492 192
1450 434 1607 488 Festa
1643 433 1851 487 mobilia
1889 434 1939 488 in
1978 431 2399 501 Quadragesima.

795 657 899 701 nn.
926 634 1192 698 46-48
1219 635 1289 718 ¹).
1371 633 1778 716 Quaestiones
1810 632 2131 718 liturgicus
2180 652 2251 696 eo
2283 637 2635 716 spectantes
2683 632 2906 697 deinde
2940 652 3043 696 co-

798 736 968 820 piose
996 734 1177 799 solvit
1201 733 1250 797 T
1269 737 1492 797 etam.
1525 732 1717 797 Βίαν.
1745 736 1923 798 tract.
1954 732 2015 809 2,
2041 737 2200 816 part.
2229 733 2289 810 2,
2328 753 2380 799 c.
2410 733 2468 808 7,
2504 737 2656 798 sect.
2681 733 2744 797 5.
2806 733 2906 798 Ad
2931 733 3042 796 ob-

798 835 928 899 vios
958 834 1077 898 hos
1116 838 1400 898 auctores
1434 830 1729 896 lectorem
1759 831 2130 916 relegamuS,
2169 852 2249 896 ne
2278 833 2341 896 in
2367 831 2739 896 declaranda
2765 834 3042 908 materia.

805 955 841 998 a
889 935 1076 998 tantis
1124 933 1271 998 viris
1320 932 1570 1016 egregie
1610 932 1743 1015 jam
1793 933 2106 1016 exposita,
2170 933 2399 997 frustra
2446 951 2700 1016 operam
2747 935 3042 998 teramus,

800 1033 872 1097 Id
920 1053 1113 1097 unum
1162 1052 1238 1096 ex
1284 1031 1610 1096 recentiori
1659 1031 1929 1096 Decreto
1978 1031 2041 1099 S.
2091 1031 2164 1098 R.
2218 1030 2284 1098 O.
2334 1033 2393 1099 d.
2445 1033 2504 1099 d.
2542 1031 2643 1098 18.
2671 1031 2839 1115 Sept.
2875 1033 3045 1096 1814

800 1132 1104 1208 addimus,
1151 1131 1560 1217 praecepisse
1611 1129 1904 1194 nimirum
1952 1130 2134 1194 Pium
2181 1130 2307 1196 PP.
2371 1131 2508 1197 VII.
2529 1180 2546 1213 ,
2608 1141 2678 1194 ut
2722 1133 2793 1194 in
2832 1142 3047 1218 poste-

797 1253 936 1294 rum
991 1230 1063 1293 in
1108 1230 1405 1293 universa
1454 1227 1742 1292 Ecclesia
1789 1228 2034 1312 (latina)
2096 1231 2435 1315 quotannis
2491 1240 2850 1312 recurrente
2911 1231 3045 1294 Do-

798 1330 1034 1392 minica
1080 1328 1270 1391 tertia
1320 1325 1701 1412 Septembris
1734 1326 2078 1391 celebretur
2124 1327 2443 1412 (alterum)
2477 1328 2722 1412 festum
2758 1328 3050 1393 dolorum

799 1428 874 1492 B.
927 1428 1018 1491 M.
1083 1426 1150 1491 V.
1204 1478 1216 1491 .
1270 1478 1282 1491 .
1337 1475 1387 1505 .‚
1444 1425 1635 1508 firma
1694 1425 2105 1490 nihilominus
2158 1437 2520 1490 remanente
2569 1427 2844 1516 ejusdem
2882 1428 3050 1515 festi

801 1525 1409 1600 commemoratione,
1479 1546 1637 1608 qnae
1664 1523 1752 1606 fit
1798 1525 1914 1588 hac
1960 1525 2158 1588 Feria
2202 1535 2387 1588 sexta
2443 1536 2593 1611 post
2648 1526 3049 1592 Dominicam

806 1624 1131 1688 Passionis
1154 1623 1227 1706 ²).
1306 1661 1381 1668 —
1449 1621 1549 1686 Sic
1611 1623 1802 1706 igitur
1864 1623 2154 1687 eximium
2219 1623 2584 1688 Latinorum
2650 1627 2923 1690 studium
2987 1627 3046 1690 in

808 1722 1214 1787 Beatissimae
1282 1720 1558 1805 Virginis
1622 1720 1858 1785 Mariae
1925 1720 2241 1785 doloribus
2312 1722 2659 1788 recolendis
2733 1725 3052 1790 evidenter

806 1821 1013 1885 enitet.
1496 1818 1501 1824 ’

982 1926 1072 1983 At
1110 1942 1223 1982 non
1262 1924 1500 1996 segnior
1551 1925 1812 1983 eccle-sia
1853 1924 2168 1988 orientalis
2225 1942 2427 1999 parem
2483 1928 2791 2000 religionis
2846 1941 3049 1989 curam

809 2006 1099 2078 suscepit,
1159 2011 1221 2062 et
1258 2004 1318 2061 in
1358 2005 1554 2062 Matre
1595 2006 1869 2063 dolorosa
1905 2006 2252 2063 honoranda
2283 2007 2409 2080 jam
2451 2009 2677 2080 pridem
2733 2028 2860 2068 cum
2903 2013 3054 2070 occi·

808 2087 985 2143 dente
1025 2084 1299 2142 certavit.
1374 2084 1589 2142 Testes
1629 2086 1757 2156 ejus
1797 2086 2043 2157 pietatis
2083 2093 2234 2152 sunt,
2290 2095 2537 2160 praeter
2575 2092 2927 2164 conceptiva
2967 2110 3054 2150 so·

808 2165 1029 2225 lemnia
1065 2165 1587 2220 commemorationis
1623 2167 1910 2219 dolorosae
1947 2183 2022 2220 ss.
2062 2168 2344 2236 Deiparae
2393 2168 2690 2227 Ruthenis
2739 2172 3048 2230 catholicis

809 2246 1051 2320 proprla
1068 2245 1133 2315 ³),
1173 2245 1429 2316 insignia
1456 2245 1565 2303 illa
1591 2245 1861 2315 τροπιέρια
1889 2245 2144 2299 θεοτόκια
2171 2255 2232 2304 et
2257 2251 2803 2322 oravposfoujmff),
2843 2253 3051 2324 quibus

810 2327 1033 2384 Graeci
1073 2339 1273 2382 omnes
1312 2326 1735 2383 Beatissimam
1767 2326 2264 2398 Deigenitricem,
2306 2331 2534 2388 crudeli
2562 2333 2834 2405 passione
2865 2334 3053 2391 divini

810 2408 920 2466 filii
958 2407 1047 2465 sui
1084 2407 1437 2478 gravissime
1479 2405 1801 2470 afflictam,
1855 2408 1981 2480 ipso
2020 2409 2522 2481 1¹00jejuniorum
2561 2419 2828 2486 tempore
2868 2415 2927 2471 in
2970 2414 3055 2470 di·

809 2489 964 2547 vinis
1001 2487 1215 2545 officiis
1254 2487 1515 2545 studiose
1554 2495 1936 2545 venerantur.
2012 2488 2104 2545 Ex
2156 2490 2228 2546 iis
2281 2508 2470 2562 pauca
2523 2492 2703 2562 haec,
2762 2509 2911 2564 qnae
2965 2511 3056 2550 se·

810 2577 1081 2643 qunntnr‚
1123 2568 1416 2639 attulisse,
1454 2574 1704 2640 praeter
1742 2568 2075 2626 institutum
2117 2577 2377 2628 nostrum
2420 2589 2532 2629 non
2558 2570 2760 2644 fuerit,
2800 2573 2950 2647 quod
2983 2590 3058 2629 ea

810 2650 1048 2709 Latinis
1103 2649 1284 2707 “tiam
1325 2665 1627 2722 SPPPfflUUS
1679 2649 1838 2706 haud
1879 2650 2091 2721 exiguo
2143 2649 2349 2710 {utura
2388 2653 2774 2712 incitamento
2814 2663 3055 2713 mutuae

812 2731 1227 2881 aemulatidoigs
1289 2748 1643 2788 communem
1700 2732 1952 2789 omnium
2009 2740 2256 2790 matrem
2313 2735 2525 2805 majori
2584 2752 2763 2808 usque
2823 2736 3056 2810 pietate

812 2816 1073 2872 honoran
1121 2811 1139 2869 i
1206 2852 1217 2866 .

820 2940 925 2991 ‘Ex
976 2941 1098 2989 τοῦ
1147 2936 1440 2994 κανόνος
1499 2941 1607 3000 τῆς
1658 2955 1878 3006 παρα·
1991 2938 2096 2996 Ex
2138 2956 2420 2996 catione
2459 2939 2852 2998 feriaeVI.
2893 2939 3058 2997 heb-

814 3023 1067 3086 σκευῆς
1105 3038 1127 3069 τ
1148 3022 1213 3084 ἧς
1245 3021 1463 3087 μέσης
1489 3017 1878 3088 ἑβδομάδος.
2179 3020 2519 3077 domadis
2557 3020 2868 3077 mediae.

1218 3140 1368 3207 aar:
1409 3142 1473 3193 α’.
2418 3144 2548 3203 Ode
2585 3148 2631 3202 1.

910 3250 1029 3304 Ὅτε
1070 3264 1147 3311 σε,
1187 3253 1389 3310 τέκνον,
1426 3247 1739 3319 ιῖποῤῥὴτως
1770 3249 1881 3301 ἴτε·
2101 3256 2290 3326 Quum
2308 3259 2386 3324 te,
2408 3270 2440 3309 ο
2456 3253 2561 3323 fili,
2583 3253 2871 3313 ineffabili
2891 3254 3061 3311 modo

738 3356 739 3359 ¹
814 3352 929 3393 κον,
968 3331 1168 3389 ὠδῖνας
1204 3330 1432 3400 ἔφυγον,
1484 3332 1720 3387 καὶπῶς
1757 3334 1889 3382 νυνί
1992 3334 2227 3408 peperi,
2292 3334 2525 3391 dolores
2583 3342 2791 3407 partus
2849 3334 3058 3405 effugi;

816 3414 913 3478 ὅλη
950 3412 1167 3464 ὀδυνῶν
1205 3410 1593 3481 πεπλήρωμᾱῑῐ
1630 3409 1740 3481 ὁρῶ
1777 3409 1886 3481 γάρ
1995 3432 2148 3473 nunc
2200 3425 2396 3471 autem
2451 3420 2580 3472 tota
2631 3415 2929 3472 doloribus
2968 3431 3059 3471 re·

1001 3592 1041 3657 ¹)
1083 3592 1219 3644 Edit.
1258 3590 1551 3644 Bmxellen.
1591 3606 1672 3643 an.
1714 3592 1870 3656 1866,
1909 3605 1992 3658 pp.
2032 3587 2333 3642 264—275.

998 3673 1041 3739 ²)
1084 3672 1227 3741 Apud
1269 3672 1568 3737 Gardellini,
1608 3671 1835 3724 Decreta
1873 3670 2122 3734 authent„
2161 3685 2208 3720 n.
2246 3667 2406 3720 4513.

1001 3756 1045 3819 ⁸)
1088 3753 1312 3820 Pamja!
1347 3752 1725 3819 soen-adanon
1752 3750 2102 3819 presrjatgffle
2145 3747 2484 3817 Boyorodicy
2531 3748 2617 3813 agi
2669 3748 2798 3801 feria
2850 3747 2938 3800 illa
2975 3746 3065 3800 vl.

820 3835 1047 3888 decimae
1087 3833 1416 3886 hebdomadis
1455 3838 1571 3902 post
1608 3832 2085 3895 Resurrectionem,
2137 3846 2288 3899 quam
2329 3828 2499 3881 Latini
2555 3829 2712 3882 cultui
2752 3828 2842 3881 SS.
2881 3827 3065 3881 Cordis

819 3916 944 3971 Jesu
983 3930 1183 3967 sacram
1222 3930 1335 3965 esse
1376 3913 1600 3979 voluere,
1640 3912 1841 3964 dicetur
1879 3913 2012 3965 infra
2049 3910 2112 3963 ad
2152 3910 2366 3963 eundem
2405 3909 2554 3963 diem.

1000 3996 1045 4061 ⁴)
1088 3994 1278 4061 Relege
1330 4009 1459 4063 quae
1499 3994 1559 4045 de
1600 3993 1800 4046 ratione
1851 3993 2031 4046 harum
2070 3991 2394 4059 stropharum
2443 3988 2895 4043 animadvertimus
2935 3992 2972 4040 t.
3017 3992 3064 4047 1.

820 4094 869 4146 p.
910 4075 1093 4130 LXIII.

1003 4155 1046 4223 5)
1087 4155 1248 4224 Spatii
1290 4154 1585 4223 compendio
1626 4153 1922 4207 inservituri
1963 4150 2230 4222 τροπιέρια
2279 4168 2380 4205 non
2429 4152 2607 4205 damus
2659 4151 2928 4217 σιιχηρῶς
2979 4148 3063 4200 de-

824 4237 1034 4305 scripta.
1110 4236 1205 4299 Qui
1245 4236 1518 4288 eorundem
1557 4240 1775 4287 metrum
1814 4251 1965 4287 nosse
2005 4233 2162 4301 cupit,
2203 4231 2468 4286 consulere
2505 4231 2698 4300 poterit
2735 4229 3064 4283 novissimam

822 4318 1097 4371 editionem
1137 4316 1415 4369 Romanam
1455 4315 1674 4379 Triodii,
1731 4332 1861 4385 quae
1913 4313 2142 4379 singulos
2192 4330 2370 4366 versus
2422 4312 2642 4381 appictis
2690 4310 2952 4363 astensi-is
2991 4309 3062 4361 di-

823 4399 1039 4451 stinctos
1079 4396 1299 4449 exhibet.
