3514 5391
1226 472 1438 532 Festum
1476 472 1555 532 Ss.
1595 473 1884 533 TrinitatiS.
2575 480 2683 536 463

439 673 807 742 laudabilem
853 674 1164 739 invectam
1212 692 1351 740 esse
1407 675 1472 739 in
1520 672 1922 755 Occidentem
1985 676 2289 760 ejusmodi
2350 668 2682 745 eonsuetu-

438 772 639 837 dinem
691 793 726 836 a
773 771 1047 836 Damaso
1095 771 1289 855 Papa,
1338 770 1722 856 Hieronymo
1771 772 2147 856 impulsore.
2191 776 2551 859 utividere
2589 781 2683 859 est

435 871 594 953 apud
645 868 1039 947 Gonzalez
1096 869 1157 933 in
1208 868 1275 936 O.
1333 868 1646 943 Quoniam
1695 870 1797 935 eit.
1894 870 2016 935 Sed
2052 868 2220 937 'haee
2267 874 2476 938 omnia
2520 873 2685 938 falso

432 968 732 1033 affirmari
794 966 1075 1051 pluribus
1138 968 1408 1048 ostendit
1470 987 1611 1032 eum
1672 970 2117 1034 Benedicto
2174 970 2298 1037 ΡΡ.
2348 971 2516 1036 XIV.
2583 972 2680 1035 De

410 1065 616 1151 festia
676 1066 762 1133 D.
828 1066 914 1132 N.
976 1065 1048 1130 J.
1106 1063 1320 1150 0111),
1402 1065 1858 1152 Pellegrini
1906 1066 2220 1152 Roni2)‚
2294 1089 2472 1153 quun

427 1165 656 1251 hymni
696 1167 826 1250 jam
876 1163 1273 1230 meminerint
1334 1184 1385 1230 S.
1431 1164 1797 1229 Basilius
1846 1165 2185 1250 Magnus
2248 1166 2357 1233 lib.
2408 1166 2472 1230 de

422 1267 557 1331 ritu
608 1275 828 1331 sancto
895 1288 944 1331 c.
999 1265 1039 1328 7
1066 1262 1151 1347 ⁸),
1221 1267 1284 1328 et
1347 1267 1562 1329 auctor
1621 1263 1764 1329 libri
1827 1263 1904 1327 de
1964 1264 2346 1351 Virqinitate
2410 1266 2472 1329 si*

422 1363 655 1428 Aenesi
698 1364 813 1429 sub
862 1384 910 1429 s.
944 1362 1380 1428 Athanasii
1428 1363 1676 1427 nomine
1708 1362 1941 1448 vulgati
1991 1383 2044 1428 c.
2089 1365 2169 1427 14
2191 1364 2276 1448 4);
2329 1368 2472 1447 puta

422 1460 724 1537 Pontifex
783 1470 1067 1546 tempore
1129 1458 1384 1525 Goncilii
1433 1459 1698 1525 Nicaeni
1762 1461 1973 1526 addita
2036 1460 2231 1526 fuisse
2290 1461 2397 1525 illa
2455 1483 2472 1525 1

420 1560 607 1625 Sicut
670 1571 808 1625 erat
871 1562 941 1624 in
976 1560 1308 1645 principio
1368 1569 1477 1625 etc.
1552 1561 1630 1623 ad
1690 1560 2066 1624 Arianorum
2127 1559 2437 1624 haeresim

416 1658 702 1736 landam,
763 1658 868 1743 qui
914 1657 1142 1722 Filium
1195 1660 1231 1722 a
1276 1656 1466 1721 Patre
1526 1658 1597 1721 in
1647 1667 1920 1743 tempore
1982 1658 2297 1742 genitum,
2366 1666 2443 1723 ac‘

416 1763 697 1842 tempuS,
747 1777 938 1841 quum
990 1763 1111 1821 non
1160 1759 1327 1821 esset
1371 1754 1589 1833 Filius,
1639 1756 1876 1821 nefarie
1909 1755 2448 1839 blasphemabant.

415 1877 542 1921 non
597 1855 799 1921 solum
866 1856 930 1920 in
977 1855 1139 1920 Sede
1188 1854 1583 1939 Apostolica,
1644 1855 1937 1938 inquiunt
1982 1853 2204 1919 Patres
2252 1853 2472 1921 Concili

415 1954 735 2020 sionensis
783 1973 894 2018 seu
926 1952 1223 2018 Vasensis
1253 1951 1333 2017 II.
1387 1972 1484 2017 an.
1511 1951 1663 2029 529,
1714 1952 1824 2017 sed
1855 1952 2043 2016 etiam
2091 1973 2202 2036 per
2233 1956 2434 2017 toturn
2465 1964 2472 2005 ⁴

416 2059 549 2118 tem
603 2058 668 2117 et
715 2057 909 2117 totam
959 2051 1241 2117 Africam
1287 2050 1383 2116 vel
1431 2049 1671 2115 Italiam
1711 2047 1987 2138 propter
2014 2051 2464 2116 haereticorum

416 2154 599 2231 tiam,
671 2175 797 2237 qua
841 2151 971 2215 Dei
1016 2150 1250 2215 Filium
1293 2167 1423 2215 non
1469 2171 1712 2236 semper
1771 2173 1907 2214 cum
1954 2152 2144 2215 Patre
2175 2149 2412 2236 fuisse,

415 2259 700 2337 tempore
731 2249 950 2336 fuisse
997 2247 1452 2335 blasphemant,
1500 2249 1565 2313 iu
1612 2249 1905 2314 omnibus
1952 2247 2245 2313 clausulis
2291 2252 2472 2332 post<

412 2347 590 2414 Patri
644 2353 707 2414 et
753 2348 913 2413 Filio
975 2350 1037 2413 et
1082 2346 1336 2432 Spiritui
1385 2346 1644 2424 Sancto,
1711 2345 1891 2412 Sicut
1937 2356 2076 2410 erat
2119 2347 2191 2412 in
2227 2348 2472 2433 princi]

411 2471 584 2513 nunc
636 2456 697 2511 et
743 2470 985 2532 semper
1030 2448 1186 2510 etin
1219 2445 1475 2511 saecula
1497 2442 1912 2527 saeculorum,
1960 2447 2161 2509 Amen
2193 2445 2436 2525 dicitur,

413 2566 530 2611 nos
581 2546 650 2611 in
696 2545 1003 2610 universis
1051 2544 1330 2610 ecclesiis
1380 2546 1606 2609 nostris
1653 2543 1776 2609 hoc
1836 2544 1922 2608 ita
1969 2544 2304 2608 dicendum
2368 2564 2467 2609 ess

417 2645 743 2711 cernimus
761 2643 833 2728 ⁶).
905 2643 996 2709 Ut
1043 2663 1187 2709 vero
1236 2644 1313 2708 ad
1345 2642 1689 2727 quemlibet
1716 2642 2038 2708 Psalmum
2073 2642 2404 2707 adderetur
2445 2641 2472 2706 ζ

418 2744 615 2807 Patri
676 2754 825 2825 etc„
896 2742 1207 2807 invenitur
1284 2741 1736 2825 praescriptum
1816 2741 1878 2805 in
1927 2739 2202 2805 Concilio
2276 2740 2472 2806 Narb‹

417 2843 570 2908 anni
621 2840 756 2908 589
782 2845 854 2922 ὅ).

411 3137 669 3208 Pelagius
709 3136 809 3190 ΡΡ.
846 3135 911 3190 11.
952 3134 1057 3201 (vel
1096 3133 1226 3188 alius
1264 3135 1374 3204 ejus
1412 3137 1589 3187 textus
1614 3136 1817 3201 auctor)
1860 3133 2216 3188 praefationes
2240 3136 2472 3187 novemt

412 3219 568 3274 modo
609 3217 888 3273 secundum
927 3215 1191 3284 antiquum
1228 3213 1511 3267 Romanum
1549 3214 1778 3268 ordinem
1815 3215 2135 3283 recipiendas
2173 3230 2234 3268 ac
2271 3214 2472 3268 tenendi

412 3299 642 3366 statuit,
698 3297 881 3368 quibus
930 3300 1113 3366 postea
1149 3294 1388 3349 Urbanus
1426 3294 1525 3347 ΡΡ.
1565 3293 1629 3347 Π.
1687 3294 1738 3348 111
1787 3294 2016 3350 Concilio
2064 3294 2359 3348 Placentiae
2412 3311 2469 3348 ce

411 3380 674 3434 decimam
724 3378 787 3431 de
838 3376 1008 3430 Beata
1055 3375 1271 3444 Virgine
1326 3374 1522 3428 addidit
1573 3391 1705 3429 anno
1746 3376 1915 3441 1095,
1974 3379 2031 3429 ut
2081 3375 2158 3429 ait
2195 3374 2472 3429 Gratian

411 3461 555 3515 Dist.
599 3460 672 3513 70
708 3462 763 3511 et
799 3461 919 3526 post
955 3456 1084 3510 alios
1122 3455 1459 3509 Hardouin.
1499 3454 1712 3509 Collect.
1753 3455 1945 3509 Concil.
1985 3460 2109 3508 tom.
2148 3456 2199 3523 6,
2237 3471 2286 3524 p.
2326 3456 2376 3526 2,
2425 3471 2472 3524 p.

605 3537 650 3606 ²)
689 3538 914 3592 Edition.
951 3537 1245 3590 Bruxellen.
1282 3540 1407 3590 tom.
1446 3536 1496 3604 2,
1535 3551 1619 3605 pp.
1657 3538 1726 3590 99
1767 3553 1908 3607 seqq.

606 3617 652 3688 ²)
691 3617 816 3673 Sull’
834 3619 952 3672 inno
992 3617 1182 3672 Gloria
1222 3617 1393 3671 Patri
1426 3622 1526 3671 etc.
1566 3617 1699 3686 apud
1738 3617 2071 3683 Zaccaria‚
2111 3615 2358 3671 Raccolta
2397 3616 2446 3670 di

409 3699 616 3757 tazioni
656 3703 778 3753 tom.
817 3700 902 3766 11,
942 3714 990 3767 p.
1031 3698 1151 3752 197.
1189 3697 1333 3753 Rom.
1376 3697 1529 3754 1795.

607 3777 653 3847 ⁸)
692 3778 841 3848 Apud
878 3778 1070 3847 Migne,
1108 3778 1252 3832 Patr.
1291 3794 1372 3847 gr.
1411 3782 1449 3831 t.
1489 3777 1576 3844 32,
1614 3793 1665 3846 p.
1704 3776 1790 3831 95.

603 3859 653 3927 ⁴)
692 3859 818 3914 ibid.
857 3862 897 3913 t.
939 3860 1026 3913 28.
1065 3875 1115 3928 p.
1154 3859 1277 3914 267.

605 3938 653 4006 ⁶)
691 3939 1032 3994 Hardouin.
1073 3939 1289 3994 Collect.
1330 3938 1521 3993 Concil.
1560 3942 1600 3991 t.
1639 3938 1689 4005 2,
1728 3953 1779 4007 p.
1821 3937 1976 3991 1105.

604 4019 651 4086 ⁸)
688 4019 982 4074 Recentiori
1020 4022 1196 4073 aetate
1236 4018 1513 4087 diligenter
1549 4018 1600 4071 in
1636 4016 1733 4070 hoc
1771 4016 2065 4085 argumenti
2101 4032 2294 4085 genere
2319 4032 2472 4070 versa

409 4101 512 4155 Ka
526 4116 722 4172 yser,
775 4100 865 4154 die
901 4100 1079 4155 kleine
1116 4099 1419 4170 Doxoloyie
1457 4099 1591 4153 oder
1625 4097 1730 4152 das
1771 4097 1961 4152 Gloria
2000 4097 2173 4150 Patri
2208 4097 2365 4165 (apud
2402 4095 2467 4147 W

408 4197 645 4247 mann,
700 4180 1172 4235 Oesterreichische
1224 4179 1791 4250 Vierteljahresschrift
1841 4177 1926 4231 fiir
1975 4177 2120 4231 kath.
2159 4176 2455 4246 Theologie,

411 4278 499 4333 pp.
543 4262 875 4328 197-213).
948 4261 1071 4331 Ejus
1109 4263 1425 4332 aliorumque
1476 4261 1735 4329 longiores
1773 4258 2149 4327 disputationes
2197 4258 2250 4312 in
2286 4256 2472 4311 breven

410 4359 555 4397 mam
596 4343 861 4397 contraxit
910 4341 984 4396 Cl.
1035 4343 1125 4396 Dr.
1165 4342 1418 4408 Kraus,
1475 4338 2108 4409 Real-Encylclopaedie
2163 4337 2267 4392 der
2316 4335 2472 4390 chris.

413 4423 825 4500 alternanter,
861 4437 943 4490 pp.
982 4422 1293 4478 377—378:
1332 4437 1482 4491 quem
1520 4422 1628 4475 sine
1668 4419 1916 4489 temporis
1943 4418 2207 4488 dispendio
2234 4416 2384 4470 facile
2413 4431 2471 4468 co
