3514 5391
1220 489 1298 545 De
1336 491 1512 546 ordine
1550 492 1951 562 evangeliorum.

2604 494 2711 548 445

467 684 647 771 ἁγίας
691 692 990 777 κυριακῆς
1033 693 1149 753 τοῦ
1195 686 1457 807 Πάσχα,
1505 689 1613 754 καὶ
1659 689 1850 778 λῆγον
1896 688 2040 775 {iun
2085 713 2200 778 ττς
2245 688 2429 774 ἁγίας
2465 695 2709 779 Πεντη-

462 791 711 875 κοστῆς,
760 785 954 873 χωρὶς
999 784 1247 874 ἡμερῶν
1291 790 1506 872 τριῶν.

650 885 741 950 Τὸ
789 884 861 950 δὲ
906 883 1072 949 κατὰ
1121 887 1488 950 Ματθαῖον
1551 882 1732 968 ἅγιον
1791 882 2155 969 εὐαγγέλιον
2215 885 2394 972 άναγι

463 982 597 1050 ἀπὸ
649 990 758 1071 τῆς
804 982 1104 1070 δευτέρας
1148 989 1259 1072 τῆς
1302 984 1465 1067 μετὰ
1509 982 1622 1072 τὴν
1652 982 2119 1072 Πεντηκοστήν,
2168 984 2400 1073 ἤγουνι

461 1083 844 1167 Πνεύματος
905 1082 1050 1166 ἄχρι
1114 1087 1227 1170 τῆς
1270 1081 1431 1166 μετὰ
1492 1084 1606 1172 τὴν
1665 1082 1924 1171 ῧψωσιν
1982 1090 2390 1169 παρασκευῆς

459 1177 782 1266 ἑβδομάσι
831 1181 957 1263 ιζ’.,
1008 1172 1095 1246 ὧν
1143 1177 1208 1247 αἱ
1255 1180 1373 1265 μὲν
1420 1181 1530 1250 ια’.
1581 1177 1799 1263 ἔχουσι
1847 1181 1923 1245 τὸ
1969 1181 2134 1246 κατὰ
2166 1186 2400 1248 Men-9«

456 1279 960 1364 γινωσκόμενον,
1030 1278 1165 1343 ἀπὸ
1214 1278 1286 1344 δὲ
1331 1284 1442 1368 τῆς
1488 1279 1599 1363 ιβ’.
1664 1277 2028 1363 ἑβδομάδος
2085 1277 2400 1363 ἀναγινώσ

456 1378 625 1443 κατὰ
675 1378 951 1465 Μάρκον
1010 1376 1375 1461 εὐαγγέλιον
1435 1377 1505 1443 ἐν
1549 1383 1695 1455 ταῖς
1740 1377 1935 1443 πέντε
1985 1377 2261 1466 ἡμέραις·
2330 1379 2399 1446 ἐν

455 1478 754 1561 σάββασι
803 1477 910 1543 καὶ
956 1480 1102 1554 ταῖς
1148 1480 1478 1563 κυριακαῖς
1523 1476 1725 1541 πάλιν
1772 1475 1808 1540 ὁ
1842 1480 2224 1554 Ματθαῖος,
2275 1476 2400 1564 ἄχρι

454 1573 867 1660 ἑβδομάδων.

651 1674 742 1740 Τὸ
790 1673 951 1740 κατὰ
999 1678 1271 1739 Λουκᾶν
1328 1673 1691 1758 εὐαγγέλιον
1738 1673 1998 1760 ὄρχεται
2048 1672 2182 1739 ἀπὸ
2237 1680 2348 1763 τῆς
2392 1710 2400 1758 i

451 1771 725 1862 ὅψωσιν
772 1771 1070 1856 δευτέρας
1130 1770 1271 1858 ῗίχρι
1334 1777 1445 1858 τῖς
1503 1796 1802 1859 κυριακις
1863 1777 1980 1837 τοῦ
2027 1771 2307 1855 ασωτου,
2375 1769 2400 1837 ἐ

451 1870 706 1957 κλήρως
750 1871 868 1949 τὰς
914 1870 1027 1954 ιβ’.
1080 1868 1468 1956 ἑβδομάδας.
1558 1870 1730 1936 ,Ἀπὸ
1792 1870 1864 1937 δὲ
1925 1877 2036 1961 ’τῆς
2096 1871 2390 1958 δευτέρας

450 1966 829 2055 ἑβδομάδος
903 1969 1403 2054 ἀναγινώσκεται
1473 1965 1541 2034 ἐν
1608 1973 1753 2047 ταῖς
1822 1969 2013 2039 πέντε
2080 1969 2341 2060 ἡμέραις

457 2069 758 2152 Μάρκον.
848 2068 948 2133 Ἐν
994 2068 1064 2132 δε
1109 2073 1248 2146 τοῖς
1294 2069 1585 2152 σάββασι
1648 2069 1756 2133 καὶ
1816 2073 1961 2147 ταῖς
2014 2094 2400 2156 κιριακαιςι

450 2168 631 2233 κατὰ
680 2172 974 2232 Λουκᾶν.

654 2263 745 2331 Τὸ
793 2264 864 2331 δε
910 2266 1075 2331 κατὰ
1120 2265 1395 2351 Μάρκον
1440 2264 1805 2349 εὐαγγέλιον
1851 2263 2006 2330 ὅσον
2049 2266 2166 2351 μὲν
2213 2290 2392 2351 αναγι

450 2366 582 2431 dvo}
633 2366 873 2449 μεταξὺ
916 2371 1034 2431 τοῖ’
1083 2369 1240 2432 Ματ
1250 2361 1447 2432 (ὶαιόυ
1493 2364 1599 2430 καὶ
1647 2369 1764 2431 τοῦ
1788 2356 2045 2434 Λουκᾶ.
2145 2366 2235 2431 Τὸ
2265 2364 2390 2431 δὲ
2361 2392 2400 2431 ες

449 2463 629 2530 κατὰ
677 2464 790 2554 τὴν
834 2464 1110 2553 μεγάλην
1154 2463 1704 2553 τεσσαρακοστήν,
1770 2464 1839 2530 ἐν
1886 2460 2201 2550 ἑβδομάσι
2249 2466 2400 2531 πέντ

451 2559 524 2627 ἓν
573 2562 777 2628 πέντε
823 2561 1115 2647 σάββασι
1159 2563 1268 2629 καὶ
1315 2562 1510 2629 πέντε
1555 2566 1902 2649 κυριακαῖς.

643 2709 985 2795 Evangelia
1031 2710 1222 2795 igitur
1268 2710 1388 2775 hac
1436 2710 1673 2775 ratione
1723 2710 2212 2775 distribuuntur:

643 2835 706 2899 A
750 2834 953 2919 ‘primo
1001 2836 1101 2900 die
1132 2836 1458 2901 Paschatis
1487 2856 1683 2920 usque
1720 2837 1793 2901 ad
1827 2837 2237 2901 Pentecosten
2273 2835 2395 2921 legi

449 2933 701 3019 gelium
751 2954 800 3000 s,
852 2934 1113 2999 Joannis
1138 2935 1219 3018 ¹);
1271 2956 1306 2999 a
1337 2936 1490 3000 feria
1508 2935 1590 3001 II.
1626 2941 1768 3020 post
1801 2935 2215 3000 Pentecosten
2242 2935 2317 2998 ad
2354 2935 2400 2999 fc

451 3037 605 3117 post
674 3031 903 3096 festum
972 3031 1376 3098 Exultationis
1452 3035 1744 3098 recitatur
1818 3033 2205 3118 evangelium
2275 3053 2325 3098 s,
2389 3034 2400 3097 ]

452 3131 929 3214 absolviturque
994 3130 1495 3196 hebdomadibus
1560 3133 2026 3215 septemdecim.
2140 3131 2259 3196 Per
2304 3131 2396 3215 pri

452 3230 671 3294 decim
716 3228 1146 3295 hebdomadas
1194 3228 1456 3314 singulis
1502 3230 1725 3295 diebus
1788 3230 1921 3314 ejus
1966 3230 2152 3294 lectio
2203 3230 2400 3294 contin

452 3328 839 3392 duodecima
884 3334 1089 3393 autem
1140 3329 1411 3412 quinque
1461 3328 1680 3392 diebus
1727 3327 2140 3393 hebdomadis
2189 3328 2388 3392 Marci

452 3427 616 3490 lium
669 3425 1035 3504 assumitur3
1103 3446 1319 3491 verum
1366 3427 1628 3492 sabbata
1674 3432 1735 3491 et
1781 3427 1914 3492 dies
1961 3428 2304 3492 dominicos
2354 3428 2400 3491 N

455 3523 733 3589 lectione
781 3545 893 3589 sua
940 3531 1204 3608 occupat
1264 3546 1459 3610 usque
1508 3526 1584 3590 ad
1633 3525 2094 3590 hebdomadam
2157 3526 2398 3591 decima

456 3643 656 3700 marn,
720 3624 1060 3688 dummodo
1126 3623 1284 3688 haec
1350 3625 1554 3690 adhuc
1615 3624 1776 3689 infra
1836 3628 2085 3708 tempus
2147 3623 2263 3707 ipsi
2329 3645 2400 3689 as

457 3724 772 3789 occurrat.
866 3721 1271 3807 Evangelium
1325 3743 1373 3789 s.
1426 3723 1631 3787 Lucae
1680 3743 1716 3787 a
1762 3723 1917 3787 feria
1961 3722 2063 3801 II.,
2115 3742 2272 3806 quae
2320 3721 2400 3786 D<

457 3824 607 3905 post
657 3820 1107 3886 Exaltationem
1160 3841 1207 3884 s.
1262 3819 1476 3886 Crucis
1525 3822 1770 3905 excipit,
1819 3822 2131 3898 recitatur,
2183 3824 2242 3885 et
2272 3821 2400 3899 inte

458 3919 841 3985 doma-dibus
904 3919 1230 3984 duodecim
1283 3920 1693 3985 continuatur.
1790 3921 1890 3985 Ab
1949 3920 2122 3985 initio
2170 3920 2387 3984 tertiae

458 4132 832 4199 Matthaeum,
869 4133 1008 4187 nullo
1045 4133 1176 4187 alius
1214 4133 1566 4202 evangelistae
1605 4133 1775 4203 capite
1812 4135 2101 4203 interjecto,
2141 4133 2280 4187 solus
2306 4133 2400 4200 legn'

460 4214 528 4267 ad
569 4213 770 4267 exitum
808 4214 965 4267 fuerit
1001 4213 1301 4283 perductus:
1344 4214 1667 4283 excipiuntur
1703 4219 1877 4268 tamen
1915 4214 2023 4267 dies
2062 4214 2333 4280 solemne5‚
2376 4229 2400 4282 q

461 4292 616 4347 sterii
658 4293 859 4347 ratione
896 4293 1151 4362 peculiare
1191 4295 1287 4348 sibi
1324 4298 1541 4363 poscunt
1576 4294 1918 4362 evangelium.

655 4371 698 4441 ¹)
739 4373 847 4427 Cur
870 4373 1082 4427 Joannis
1109 4374 1431 4443 evangelium
1457 4374 1831 4428 Pentecostarii
1869 4374 2085 4444 tempori
2115 4389 2395 4441 congruere

463 4470 492 4506 e
531 4454 744 4524 graecis
782 4454 1077 4534 auctoribus
1115 4459 1377 4508 ostensum
1417 4461 1497 4508 est
1536 4470 1691 4524 supra
1728 4471 1778 4524 p.
1817 4456 1940 4508 315.
