3514 5391
801 514 911 570 470
1443 516 1604 572 Festa
1640 516 1850 572 mobilia
1884 522 2004 587 post
2040 517 2400 572 Pentecosten.

802 712 963 771 fecto
988 712 1326 787 proficimus
1364 712 1549 787 ipsius
1580 712 1876 787 corporali
1914 713 2261 787 praesentia
2297 712 2652 773 Salvatoris.
2717 715 2864 773 Alia
2890 730 3052 772 nam-

805 810 938 865 que,
995 810 1233 867 quorum
1274 793 1616 851 memoriam
1658 793 1915 866 agimus,
1970 795 2187 868 spiritu
2226 800 2538 867 menteque
2575 794 3052 867 complectimur:

804 874 909 932 sed
965 890 1078 932 non
1134 880 1378 948 propter
1418 874 1529 932 boc
1571 875 1800 933 realem
1855 892 2053 934 eorum
2107 876 2520 950 praesentiam.
2565 876 2924 947 obtinemus:
2990 876 3056 934 iu

803 955 918 1014 hac
978 971 1122 1015 vero
1176 955 1608 1013 sacramentali
1665 954 1896 1014 Christi
1945 958 2498 1017 commemoratione
2525 957 2734 1017 ..Iesus
2773 955 3053 1016 Christus

803 1052 1091 1110 praesens
1143 1037 1250 1094 sub
1305 1035 1429 1093 alia
1482 1035 1717 1108 quidem
1766 1034 2051 1109 forma¹)‚
2118 1037 2178 1095 in
2226 1037 2474 1111 propria
2519 1054 2662 1097 vero
2713 1037 3054 1097 substantia

807 1121 901 1175 est
953 1116 1268 1175 nobiscum.
1361 1115 1741 1175 Ascensurus
1801 1117 1959 1175 enim
2014 1118 2077 1175 in
2133 1118 2358 1177 coelum
2416 1118 2570 1177 dixit
2623 1119 2931 1193 Apostolis
2989 1126 3056 1178 et

805 1213 1006 1256 eorum
1048 1196 1428 1270 sequacibus:
1492 1196 1656 1256 Ecce
1701 1214 1812 1271 ego
1853 1197 2156 1256 vobiscum
2206 1214 2333 1256 sum
2383 1198 2652 1257 omnibus
2685 1199 2906 1257 diebus
2953 1215 3052 1257 us·

804 1295 917 1351 que
967 1278 1045 1336 ad
1084 1277 1645 1336 consummationem
1684 1278 1944 1349 saeculi,
1999 1278 2260 1352 benigna
2298 1279 2455 1352 ipsos
2496 1279 2880 1352 promissione
2915 1296 3054 1341 con·

806 1358 1061 1431 fortene,
1103 1359 1254 1431 quod
1292 1364 1638 1417 remaneret
1688 1364 1754 1417 et
1790 1364 1952 1418 esset
1991 1375 2120 1417 cum
2161 1359 2267 1424 eis,
2319 1360 2499 1418 etiam
2538 1361 2882 1433 praesentia
2924 1378 3053 1419 cor-

802 1440 1013 1513 porali.
1079 1437 1131 1497 0
1171 1439 1355 1513 digna
1394 1446 1458 1497 et
1494 1456 1791 1512 nunquam
1830 1439 2289 1498 intermittenda
2314 1441 2627 1501 memoria!
2664 1441 2727 1500 in
2756 1458 2873 1515 qua
2897 1458 3050 1500 mor-

803 1527 924 1578 tem
963 1524 1230 1578 nostram
1267 1521 1582 1579 recolimus
1622 1527 1932 1581 mortuam,
1971 1526 2350 1594 nostrumque
2389 1523 2698 1581 interitum
2724 1522 3050 1596 interiisse,

806 1618 878 1660 ac
915 1600 1140 1673 lignum
1179 1600 1495 1673 vivificum,
1532 1601 1694 1674 ligno
1734 1602 1929 1660 crucis
1968 1599 2228 1673 affixum,
2264 1600 2730 1662 fructum-nobis
2767 1603 3045 1663 attulisse

803 1680 1034 1739 salutis.
1108 1680 1284 1740 Haec
1323 1683 1934 1741 est-commemoratio
1970 1682 2259 1756 gloriosa,
2310 1699 2463 1755 quae
2509 1683 2773 1743 fidelium
2823 1685 3050 1744 animos

805 1762 1005 1835 replet
1040 1761 1259 1835 gaudio
1296 1762 1568 1829 salutari,
1610 1769 1672 1821 et
1709 1778 1837 1821 cnm
1877 1761 2176 1822 infusione
2212 1763 2489 1822 laetitiae
2517 1764 2848 1823 devotionis
2871 1764 3052 1823 lacri-

805 1858 929 1901 mas
968 1841 1401 1901 subministrat.
1478 1843 1836 1902 Exultamus
1873 1844 2146 1903 nimirum
2185 1850 2452 1903 nostram
2490 1845 2866 1904 memorando
2903 1845 3051 1904 libe-

802 1922 1115 1987 rationem.
1167 1927 1232 1980 et
1270 1924 1589 1983 recolendo
1626 1926 1961 1998 passionem
2002 1925 2386 1996 dominicam,
2434 1941 2544 1999 per
2589 1942 2761 1998 quam
2799 1926 3050 1985 liberati

804 2019 1019 2072 sumus,
1059 2003 1160 2060 vix
1198 2003 1480 2062 lacrimas
1520 2005 1903 2064 continemus
1966 2005 2042 2063 In
2077 2005 2194 2064 hac
2232 2005 2434 2078 itaque
2461 2005 2873 2064 sacratissima
2898 2023 3052 2065 com·

805 2083 1230 2142 memoratione
1269 2084 1488 2144 adsunt
1525 2086 1692 2144 nobis
1730 2086 2054 2144 suavitatis
2092 2086 2372 2159 gaudium
2413 2085 2593 2145 simul
2633 2091 2697 2144 et
2733 2086 3052 2158 lacrimae:

803 2163 943 2236 quia
994 2168 1055 2221 et
1103 2164 1165 2222 in
1216 2181 1290 2224 ea
1342 2166 1779 2238 congaudemus
1829 2166 2250 2239 lacrimantes,
2306 2172 2371 2225 et
2404 2167 2793 2225 lacrimamur
2829 2165 3047 2226 devote

803 2243 1163 2317 gaudentes,
1221 2245 1417 2305 laetas
1465 2247 1740 2305 habendo
1779 2247 2079 2319 lacrimas,
2136 2252 2200 2305 et
2244 2247 2545 2306 laetitiam
2596 2246 3049 2317 lacrimantem:

804 2342 943 2383 nam
989 2330 1052 2383 et
1101 2342 1204 2383 cor
1250 2325 1482 2399 ingenti
1531 2325 1833 2400 perfusum
1885 2327 2131 2400 gaudio,
2189 2327 2394 2386 dulces
2444 2343 2553 2400 per
2600 2327 2800 2386 oeulos
2850 2327 3054 2387 stillat

802 2410 1025 2478 guttas.
1100 2403 1152 2463 Ο
1192 2404 1380 2465 divini
1421 2407 1637 2466 amoris
1676 2407 2063 2475 immensitas
2121 2407 2362 2467 divinae
2400 2406 2650 2481 pietatis
2689 2408 3051 2480 superabun-

806 2485 1032 2557 dantia,
1085 2485 1327 2546 divinae
1368 2486 1687 2549 affluentia
1723 2487 2064 2561 largitatis!
2122 2487 2290 2546 dedit
2339 2487 2491 2546 enim
2544 2485 2712 2545 uobis
2757 2485 3053 2547 Domitius

805 2566 1000 2625 omnia
1036 2583 1187 2639 quae
1227 2568 1486 2641 subjecit
1522 2570 1629 2628 sub
1658 2568 1907 2642 pedibus
1933 2569 2170 2640 nostrie,
2211 2573 2273 2627 et
2298 2584 2476 2641 super
2502 2566 2814 2626 universas
2838 2574 3052 2626 terrae

805 2651 1117 2707 creaturas
1157 2647 1410 2707 contulit
1447 2648 1615 2708 nobis
1646 2647 1890 2707 dominii
1928 2647 2344 2722 principatum.
2401 2646 2498 2707 Ex
2535 2646 2824 2707 ministris
2862 2648 3054 2708 etiam

804 2729 1119 2803 spirituum
1170 2731 1539 2803 superiorum
1589 2730 1873 2788 nobilitat
1927 2737 1992 2788 et
2039 2730 2324 2789 sublimat
2371 2728 2623 2787 hominis
2672 2729 3056 2802 dignitatem.

803 2808 1327 2869 Administratorii
1380 2827 1630 2884 namque
1669 2816 1810 2869 sunt
1845 2828 2046 2870 omnes
2085 2810 2147 2868 in
2184 2810 2597 2882 ministerium,
2645 2815 2892 2884 propter
2930 2828 3057 2884 eos,

803 2890 900 2963 qui
937 2889 1381 2949 haereditatem
1418 2892 1631 2950 salutis
1671 2892 1935 2965 capiunt,
1975 2891 2281 2950 destinati.
2337 2890 2423 2949 Et.
2458 2906 2633 2963 quum
2659 2895 2782 2949 tam
2810 2891 3056 2965 eopiosa

804 2969 994 3028 fuerit
1029 2988 1175 3043 erga
1211 2988 1315 3030 nos
1355 2971 1485 3044 eJus
1522 2971 1947 3044 munificentia,
1983 2972 2191 3032 volens
2225 2971 2418 3031 adhuc
2443 2972 2569 3045 ipse
2597 2970 2658 3028 in
2686 2970 2855 3029 nobis
2880 2987 3051 3029 suam

802 3049 1227 3109 exuberantem
1279 3052 1598 3111 caritatem
1647 3052 1972 3127 praecipua
2007 3052 2384 3110 liberalitate
2424 3056 2774 3122 monstrare,
2830 3057 3050 3110 semet·

805 3130 993 3205 ipsum
1031 3132 1199 3190 nobis
1238 3132 1522 3199 exhibuit,
1561 3138 1623 3191 et
1661 3132 2091 3192 transcendens
2129 3149 2357 3191 omnem
2394 3130 2828 3206 plenitudinem
2866 3132 3054 3204 largi·

807 3211 974 3282 tatis,
1013 3228 1239 3270 omnem
1280 3212 1510 3271 modum
1551 3212 1888 3272 dilectionis
1929 3214 2250 3284 excedens,
2300 3213 2582 3272 attribuit
2632 3228 2695 3271 se
2735 3212 2797 3270 in
2836 3212 3050 3272 cibum.

805 3289 857 3349 Ο
897 3291 1218 3364 singularis
1258 3298 1321 3351 et
1349 3293 1705 3352 admiranda
1729 3293 2089 3366 liberalitaS,
2126 3294 2230 3352 ubi
2259 3294 2512 3351 donator
2541 3293 2792 3351 venitin
2821 3292 3052 3364 donum,

813 3377 876 3430 et
916 3371 1119 3430 datum
1162 3377 1255 3431 est
1292 3372 1448 3431 idem
1486 3373 1723 3447 penitus
1764 3391 1891 3433 cum
1933 3374 2143 3432 datore
2158 3371 2224 3445 ’).
2283 3373 2476 3448 Quam
2501 3373 2678 3446 larga
2713 3380 2779 3431 et
2801 3372 3057 3447 prodiga

806 3536 877 3542 -Ϋῃφ
948 3538 1005 3542 ἡ..
1082 3537 1231 3544 --4-

990 3638 1028 3706 ¹)
1069 3638 1255 3695 Tribus
1293 3641 1355 3695 de
1394 3641 1581 3709 causss,
1619 3642 1695 3696 ait
1730 3641 1804 3711 gl.
1830 3657 1943 3696 can.
1969 3641 2139 3696 Forte
2163 3640 2318 3696 dicas
2351 3642 2439 3696 43.
2476 3641 2649 3697 Dist.
2676 3644 2726 3698 2.
2754 3643 2825 3698 de
2852 3644 3047 3709 Cous„

807 3720 1025 3774 sumitur
1062 3720 1261 3790 Corpus
1299 3721 1493 3776 Christi
1529 3722 1630 3776 sub
1666 3721 1781 3775 alia
1818 3722 1995 3792 specie
2032 3725 2087 3776 et
2121 3738 2224 3776 non
2260 3722 2354 3776 sub
2392 3738 2487 3776 sua
2522 3723 2813 3790 visibiliter,
2851 3723 3050 3777 scilicet

803 3804 863 3855 ut
900 3800 1026 3855 fides
1062 3802 1281 3856 haberet
1316 3801 1557 3856 meritum
1605 3804 1726 3873 (quo
1766 3806 1998 3870 careret,
2049 3802 2093 3856 si
2133 3801 2180 3855 ei
2217 3802 2440 3856 humana
2477 3804 2614 3858 ratio
2650 3804 2924 3873 praeberet
2958 3817 3046 3856 ex·

805 3880 1197 3950 perimentum);
1238 3885 1292 3936 et
1327 3898 1397 3935 ne
1432 3881 1600 3937 veluti
1632 3881 1853 3952 quidam
1891 3885 2037 3937 esset
2069 3882 2276 3937 horror
2312 3883 2530 3938 cruoris
2543 3923 2559 3949 ,
2609 3884 2684 3938 uti
2730 3901 2773 3938 s.
2810 3882 3044 3938 Ambros.

803 3961 881 4015 ait
917 3977 1028 4015 can.
1066 3960 1236 4015 Forte
1273 3960 1461 4031 dicas,·
1508 3965 1563 4015 et
1598 3962 1807 4016 tandem
1844 3978 1908 4017 ne
1946 3961 2214 4017 ridiculum
2253 3963 2402 4017 lieret
2438 3965 2685 4034 paganis:
2737 3964 2872 4019 infra
2907 3962 3041 4018 ead.

808 4041 979 4097 Dist.
1018 4041 1198 4096 Panis
1233 4041 1321 4098 55.
1361 4059 1475 4098 can.
1516 4042 1659 4110 Quid
1692 4042 1769 4097 sit
1803 4044 1890 4098 73.

985 4127 1028 4198 ²)
1068 4130 1316 4185 Concord.
1357 4146 1469 4184 can.
1507 4132 1622 4187 Nec
1646 4132 1885 4202 Moyses.
1921 4133 2007 4188 87.
2046 4131 2219 4187 Dist.
2245 4132 2297 4187 2.
2336 4093 2651 4198 de·Cons.‚
2690 4132 2775 4187 ubi
2798 4131 3040 4186 Dominus

803 4211 835 4267 J
839 4226 957 4265 esus
1003 4210 1274 4265 exhibetur
1309 4209 1438 4280 ipse.
1462 4211 1677 4266 conviva
1714 4215 1772 4266 et
1804 4212 2096 4267 convicium
2111 4252 2129 4278 ,
2179 4211 2296 4283 ipse
2332 4212 2615 4268 comedens
2663 4216 2718 4267 et
2750 4212 2847 4281 qni
2876 4226 3038 4267 conee-

802 4290 974 4356 ditur,
1013 4289 1065 4345 in
1097 4289 1232 4361 quod
1271 4290 1493 4345 alterum
1528 4291 1745 4346 incisum
1781 4291 1834 4346 hi
1872 4293 2053 4362 scripti
2090 4299 2211 4348 sunt
2245 4308 2429 4348 versus
2464 4293 2696 4363 glossae:

1229 4396 1339 4452 Rex
1377 4396 1526 4452 sedet
1561 4399 1612 4452 in
1649 4413 1810 4453 coena
1848 4400 2002 4455 turba
2038 4400 2237 4455 cinctus
2275 4398 2523 4464 duodena,

1230 4477 1297 4534 Se
1334 4481 1481 4535 tenet
1516 4478 1569 4534 in
1605 4480 1868 4536 manibus:
1908 4495 1964 4536 se
2003 4480 2143 4539 cibat
2183 4480 2292 4554 ipse
2330 4480 2490 4539 cibus.
