3514 5391
1427 541 1629 594 occasio
1667 541 1924 595 scribendi
2723 541 2800 596 XI

558 758 681 820 que
725 736 1029 800 solemnia
1079 738 1144 800 in
1192 736 1502 820 pluribuS,
1571 739 1647 802 ad
1695 738 2205 822 perpendiculum
2249 739 2428 822 juxta
2475 740 2691 824 positis
2740 746 2802 805 et

555 835 893 899 seeundum
956 834 1349 900 diversorum
1393 836 1624 901 rituum
1685 837 2042 903 varietatem
2092 838 2431 916 distinctis,
2497 839 2799 904 columnis

555 933 940 999 exhibentia:
1012 954 1279 1018 quorum
1343 936 1617 999 omnium
1668 937 1937 1001 rationes
2004 936 2117 1000 nisi
2167 936 2591 1003 adolescentes
2641 943 2798 1003 tem-

555 1055 706 1117 pore
750 1034 1106 1099 studiorum
1155 1038 1439 1099 accurate
1486 1036 1945 1118 perdidicerint‚
1999 1039 2229 1120 postea,
2279 1055 2312 1099 e
2345 1035 2573 1101 scholis
2607 1038 2797 1102 semel

554 1133 809 1216 egressi,
870 1152 1197 1216 nunquam
1245 1133 1528 1217 amplius,
1596 1154 1754 1217 quae
1804 1138 1908 1198 aut
1954 1134 2069 1218 ipsi
2119 1134 2176 1197 in
2229 1133 2624 1199 Kalendariis
2672 1137 2800 1200 suis

555 1230 834 1316 legerint,
886 1236 995 1295 aut
1043 1232 1120 1296 ab
1170 1231 1424 1296 aliorum
1476 1232 1705 1297 rituum
1756 1231 2043 1297 fidelibus
2074 1232 2306 1297 circum
2341 1252 2408 1296 se
2443 1233 2576 1297 fieri
2607 1233 2800 1298 oeulis

552 1329 834 1407 viderint,
886 1334 1099 1394 mente
1146 1328 1510 1413 intelligent.
1580 1330 1670 1394 Ea
1716 1331 1796 1395 de
1845 1350 2032 1395 causa
2073 1330 2452 1394 nostratibus
2483 1330 2800 1415 diligentia

553 1429 823 1511 quadam
873 1427 1209 1511 praecipua
1258 1428 1594 1492 curandum
1647 1431 1759 1506 est,
1812 1432 1878 1491 ut
1918 1428 2195 1509 juniores
2235 1427 2438 1493 cleriei
2469 1449 2579 1512 per
2609 1430 2800 1493 serias

553 1527 1015 1591 academiarum
1066 1526 1533 1591 exercitationes
1580 1526 1755 1591 hisce
1803 1527 2079 1591 materiis
2127 1527 2489 1610 exquisitius
2519 1527 2800 1591 erudian-

554 1632 687 1688 tur:
738 1645 858 1708 quo
907 1626 1098 1689 ctiam
1147 1624 1563 1689 dissensiones
1610 1627 1688 1690 de
1735 1626 1911 1690 sestis
1961 1625 2364 1702 celebrandiS,
2424 1646 2577 1709 quas
2626 1626 2798 1690 iden-

553 1723 746 1787 tidem
794 1726 1050 1806 propter
1076 1721 1597 1788 Kalendariorum
1642 1724 2066 1803 diversitatem
2095 1724 2369 1789 incidere
2400 1744 2653 1789 necesse
2685 1688 2904 1799 est,-

556 1820 796 1885 sacilius
862 1820 1190 1903 dijudicari
1257 1822 1581 1905 sedarique
1646 1823 1917 1906 possint;
1990 1844 2062 1888 ae
2125 1823 2468 1905 generatim
2538 1822 2796 1887 ministri

554 1918 765 1983 altaris
811 1920 872 1983 in
908 1919 1104 1984 sacris
1141 1918 1397 1984 aliorum
1430 1921 1656 1984 rituum
1706 1921 1970 2005 negotiis
2020 1922 2259 2005 pondus
2307 1925 2369 1985 et
2401 1921 2643 2004 pondus
2691 1921 2796 1983 ad-

554 2016 772 2081 hibere
820 2017 1100 2094 discant,
1170 2038 1283 2081 nec
1332 2016 1573 2100 paleam
1636 2017 1820 2081 simul
1886 2038 2026 2081 cum
2079 2019 2313 2096 tritico,
2382 2019 2611 2083 zizania
2658 2039 2798 2082 cum

553 2120 767 2199 segete
815 2116 1011 2199 (quod
1060 2116 1209 2179 dum
1259 2116 1567 2180 interdum
1618 2114 1852 2180 sactum
1900 2116 2196 2191 dicimus,
2259 2117 2538 2182 dolenter
2596 2118 2800 2200 potius

553 2234 741 2297 quam
773 2212 1551 2297 contumeliose'dicimus)
1599 2214 1913 2279 eradicare
1962 2216 2367 2293 contendant:
2421 2216 2607 2279 immo
2657 2236 2799 2279 vero

552 2333 629 2377 ea
676 2313 960 2396 probent,
1009 2333 1084 2377 ea
1131 2311 1411 2390 tolerent,
1462 2332 1535 2377 ea
1580 2312 1896 2390 damnent,
1948 2333 2105 2395 quae
2154 2312 2213 2376 in
2246 2313 2379 2377 aliis
2408 2313 2628 2378 ritibus
2659 2334 2800 2397 pro-

553 2410 708 2486 bari,
770 2430 928 2494 quae
979 2409 1261 2487 tolerari,
1327 2430 1485 2493 quae
1548 2411 1829 2475 damnari
1887 2410 2241 2475 authentico
2291 2411 2608 2476 Ecclesiae
2671 2432 2799 2477 ma-

552 2509 810 2594 gisterio
857 2509 1061 2574 edocti
1111 2510 1534 2593 cognoverint.

736 2609 945 2692 Atque
993 2608 1151 2673 haee
1199 2608 1404 2672 omnia
1451 2630 1486 2672 a
1530 2608 1770 2673 fortiori
1816 2609 2000 2673 cleiis
2031 2609 2389 2693 regionibus
2422 2610 2643 2685 valent,
2693 2610 2796 2673 ubi

554 2708 829 2791 quinque
896 2707 993 2772 vel
1042 2727 1151 2771 sex
1196 2707 1477 2772 nationes
1536 2706 1876 2773 catholicae
1937 2708 2199 2792 propriis
2259 2710 2517 2773 servatis
2579 2709 2798 2773 ritibus

557 2807 909 2890 promiscue
956 2805 1344 2883 habitanteS,
1411 2807 1630 2870 eodem
1680 2805 2033 2870 Kalendarii
2084 2808 2296 2872 codice
2335 2807 2512 2889 juxta
2559 2813 2795 2871 utrum-

556 2927 679 2990 que
748 2906 959 2971 stilum
1028 2908 1277 2970 exarato
1343 2904 1852 2991 singularumque
1921 2905 2079 2969 festa
2140 2905 2502 2981 exhibente,
2581 2925 2797 2968 omnes

557 3011 831 3070 utuntur.
931 3002 1307 3087 Exemplum
1354 3003 1656 3086 ejusmodi
1694 3002 2059 3068 Kalendarii
2108 3003 2581 3088 quincupliciter
2628 3024 2796 3067 com-

559 3104 758 3187 positi,
808 3104 870 3168 in
921 3102 1075 3167 urbe
1122 3100 1364 3185 Aleppo
1414 3101 1579 3176 editi,
1630 3105 1798 3165 tomo
1851 3102 1905 3166 1.
1958 3103 2408 3185 subjiciendum
2446 3102 2797 3166 curavimus

558 3224 661 3286 pp.
712 3200 1091 3266 428—438.
1161 3236 1245 3244 —
1320 3199 1581 3284 Taqvim
1642 3200 1856 3284 Beryti
1926 3221 1960 3264 a
2005 3201 2075 3266 P.
2129 3200 2492 3265 Damiani
2553 3200 2796 3264 arabice

557 3300 876 3386 uulgatum
926 3296 1380 3364 Chaldaeorum
1428 3298 1588 3362 festa
1635 3298 1826 3374 addit,
1878 3304 1945 3363 ut
1992 3300 2143 3363 adeo
2192 3300 2406 3364 usibus
2445 3320 2552 3364 sex
2599 3299 2794 3363 natio-

556 3421 707 3464 num
739 3401 819 3464 sit
853 3396 1424 3463 accommodatum:
1472 3396 1856 3474 Latinorum,
1898 3396 2628 3473 Graeco-Melchitarum,
2680 3396 2794 3479 Sy·

552 3518 767 3563 rorum
802 3515 1120 3580 purorum,
1170 3493 1637 3571 Maronitarum,
1689 3494 2138 3560 Chaldaeorum
2176 3499 2237 3559 et
2268 3497 2704 3560 Armenorum.

736 3596 999 3660 Modum
1044 3593 1207 3676 quod
1252 3595 1491 3675 spectat
1521 3591 1911 3656 academiam
1939 3594 2127 3656 istam
2138 3592 2458 3680 festorum
2504 3593 2794 3670 habendi,

552 3694 725 3759 hunc
774 3693 972 3759 ferme
1022 3695 1324 3755 tenemus,
1416 3690 1602 3755 Initio
1631 3692 1772 3756 anni
1809 3692 2162 3757 scholastici
2197 3714 2320 3758 una
2348 3694 2613 3758 alterave
2644 3693 2797 3757 hora

552 3792 789 3858 selecta
836 3789 1145 3875 quaedam
1195 3789 1569 3854 documenta
1617 3791 1930 3873 pontificia
1989 3793 2066 3856 de
2114 3793 2432 3857 nobilitate
2495 3813 2566 3856 ac
2613 3813 2795 3856 vene-

550 3891 791 3957 ratione
867 3891 1258 3955 diversorum
1335 3888 1560 3951 rituum
1631 3888 1929 3953 ecclesiae
2003 3890 2314 3954 orientalis
2381 3889 2792 3973 explicamus:

548 3989 777 4055 deinde
824 4009 937 4072 per
982 3991 1233 4071 tempus
1282 3993 1641 4071 competens
1689 3988 1983 4052 nonnulla
2011 3990 2211 4072 capita
2260 3995 2320 4053 et
2360 3987 2797 4074 prolegomena

550 4110 629 4153 ex
678 4086 1102 4151 Bollandianis
1149 4085 1405 4168 aliisque
1438 4085 1843 4169 scriptoribus
1877 4086 2218 4171 hagiologis
2249 4087 2581 4162 afferimus,
2631 4086 2794 4149 unde

549 4185 803 4251 excitari
852 4183 1097 4268 possint
1143 4183 1627 4248 adolescentium
1676 4185 1924 4268 ingenia
1971 4186 2046 4250 ad
2095 4186 2410 4269 negotium
2459 4183 2577 4248 hoc
2620 4183 2792 4266 liqui-

547 4285 690 4349 dius
738 4281 1241 4366 concipiendum.

732 4380 858 4445 Pro
909 4378 1172 4462 singulis
1222 4398 1362 4442 vero
1410 4381 1868 4445 academiarum
1910 4381 2187 4445 coetibus
2219 4381 2312 4444 lex
2342 4377 2647 4465 generalis
2679 4383 2790 4454 est,

548 4485 619 4545 ut
676 4480 993 4564 quotquot
1061 4477 1139 4541 ad
1197 4497 1301 4541 cos
1365 4478 1737 4543 conveniunt
1797 4499 2008 4544 sacrae
2056 4478 2401 4562 theologiae
2464 4476 2791 4544 candidati.
