<?xml version="1.0" encoding="UTF-8"?>
<!DOCTYPE html PUBLIC "-//W3C//DTD XHTML 1.0 Transitional//EN"
    "http://www.w3.org/TR/xhtml1/DTD/xhtml1-transitional.dtd">
<html xmlns="http://www.w3.org/1999/xhtml" xml:lang="en" lang="en">
 <head>
  <title>
</title>
<meta http-equiv="Content-Type" content="text/html;charset=utf-8" />
  <meta name='ocr-system' content='tesseract 3.04.00' />
  <meta name='ocr-capabilities' content='ocr_page ocr_carea ocr_par ocr_line ocrx_word'/>
</head>
<body>
  <div class='ocr_page' id='page_1' title='image "./kalendariummanu00nillgoog_0742.png"; bbox 0 0 3514 5391; ppageno 0'>
   <div class='ocr_carea' id='block_1_1' title="bbox 848 490 955 544">
    <p class='ocr_par' dir='ltr' id='par_1_1' title="bbox 848 490 955 544">
     <span class='ocr_line' id='line_1_1' title="bbox 848 490 955 544; baseline 0 0"><span class='ocrx_word' id='word_1_1' title='bbox 848 490 955 544; x_wconf 88' lang='lat'>700</span> 
     </span>
    </p>
   </div>
   <div class='ocr_carea' id='block_1_2' title="bbox 855 603 921 610">
    <p class='ocr_par' dir='ltr' id='par_1_2' title="bbox 855 603 921 610">
     <span class='ocr_line' id='line_1_2' title="bbox 855 603 921 610; baseline 0.015 -1"><span class='ocrx_word' id='word_1_2' title='bbox 855 603 921 610; x_wconf 76' lang='lat'>—-</span> 
     </span>
    </p>
   </div>
   <div class='ocr_carea' id='block_1_3' title="bbox 872 688 1010 830">
    <p class='ocr_par' dir='ltr' id='par_1_3' title="bbox 872 688 1010 830">
     <span class='ocr_line' id='line_1_3' title="bbox 882 688 1009 742; baseline 0.008 -1"><span class='ocrx_word' id='word_1_3' title='bbox 882 688 1009 742; x_wconf 84' lang='lat' dir='ltr'>Dies</span> 
     </span>
     <span class='ocr_line' id='line_1_4' title="bbox 872 764 1010 830; baseline 0.007 -16"><span class='ocrx_word' id='word_1_4' title='bbox 872 764 1010 830; x_wconf 88' lang='lat' dir='ltr'>copt.</span> 
     </span>
    </p>
   </div>
   <div class='ocr_carea' id='block_1_4' title="bbox 897 850 980 1013">
    <p class='ocr_par' dir='ltr' id='par_1_4' title="bbox 897 850 980 1013">
     <span class='ocr_line' id='line_1_5' title="bbox 897 850 980 914; baseline 0 0"><span class='ocrx_word' id='word_1_5' title='bbox 897 850 980 914; x_wconf 93' lang='grc'>10</span> 
     </span>
     <span class='ocr_line' id='line_1_6' title="bbox 898 949 977 1013; baseline 0.025 -2"><span class='ocrx_word' id='word_1_6' title='bbox 898 949 977 1013; x_wconf 91' lang='grc'>13</span> 
     </span>
    </p>
   </div>
   <div class='ocr_carea' id='block_1_5' title="bbox 892 1147 976 1310">
    <p class='ocr_par' dir='ltr' id='par_1_5' title="bbox 892 1147 976 1310">
     <span class='ocr_line' id='line_1_7' title="bbox 893 1147 975 1210; baseline 0 0"><span class='ocrx_word' id='word_1_7' title='bbox 893 1147 975 1210; x_wconf 99' lang='grc'>21</span> 
     </span>
     <span class='ocr_line' id='line_1_8' title="bbox 892 1247 976 1310; baseline 0 0"><span class='ocrx_word' id='word_1_8' title='bbox 892 1247 976 1310; x_wconf 92' lang='grc'>22</span> 
     </span>
    </p>
   </div>
   <div class='ocr_carea' id='block_1_6' title="bbox 894 1443 976 1507">
    <p class='ocr_par' dir='ltr' id='par_1_6' title="bbox 894 1443 976 1507">
     <span class='ocr_line' id='line_1_9' title="bbox 894 1443 976 1507; baseline 0 0"><span class='ocrx_word' id='word_1_9' title='bbox 894 1443 976 1507; x_wconf 88' lang='grc'>28</span> 
     </span>
    </p>
   </div>
   <div class='ocr_carea' id='block_1_7' title="bbox 893 1542 999 1605">
    <p class='ocr_par' dir='ltr' id='par_1_7' title="bbox 893 1542 999 1605">
     <span class='ocr_line' id='line_1_10' title="bbox 893 1542 999 1605; baseline 0 0"><span class='ocrx_word' id='word_1_10' title='bbox 893 1542 999 1605; x_wconf 87' lang='grc'>29·</span> 
     </span>
    </p>
   </div>
   <div class='ocr_carea' id='block_1_8' title="bbox 892 1639 980 1705">
    <p class='ocr_par' dir='ltr' id='par_1_8' title="bbox 892 1639 980 1705">
     <span class='ocr_line' id='line_1_11' title="bbox 892 1639 980 1705; baseline -0.011 0"><span class='ocrx_word' id='word_1_11' title='bbox 892 1639 980 1705; x_wconf 87' lang='grc'>30</span> 
     </span>
    </p>
   </div>
   <div class='ocr_carea' id='block_1_9' title="bbox 943 1910 972 1970">
    <p class='ocr_par' dir='ltr' id='par_1_9' title="bbox 943 1910 972 1970">
     <span class='ocr_line' id='line_1_12' title="bbox 943 1910 972 1970; baseline 0 0"><span class='ocrx_word' id='word_1_12' title='bbox 943 1910 972 1970; x_wconf 97' lang='grc'>1</span> 
     </span>
    </p>
   </div>
   <div class='ocr_carea' id='block_1_10' title="bbox 812 2303 1015 2565">
    <p class='ocr_par' dir='ltr' id='par_1_10' title="bbox 812 2303 1015 2565">
     <span class='ocr_line' id='line_1_13' title="bbox 935 2303 975 2367; baseline 0 0"><span class='ocrx_word' id='word_1_13' title='bbox 935 2303 975 2367; x_wconf 89' lang='grc'><strong>3</strong></span> 
     </span>
     <span class='ocr_line' id='line_1_14' title="bbox 812 2402 1015 2476; baseline 0 0"><span class='ocrx_word' id='word_1_14' title='bbox 812 2402 1015 2476; x_wconf 87' lang='grc'>.4“</span> 
     </span>
     <span class='ocr_line' id='line_1_15' title="bbox 935 2500 977 2565; baseline 0 0"><span class='ocrx_word' id='word_1_15' title='bbox 935 2500 977 2565; x_wconf 86' lang='grc'>6</span> 
     </span>
    </p>
   </div>
   <div class='ocr_carea' id='block_1_11' title="bbox 893 2796 976 3155">
    <p class='ocr_par' dir='ltr' id='par_1_11' title="bbox 893 2796 976 3155">
     <span class='ocr_line' id='line_1_16' title="bbox 895 2796 976 2861; baseline 0.025 -2"><span class='ocrx_word' id='word_1_16' title='bbox 895 2796 976 2861; x_wconf 89' lang='grc'>10</span> 
     </span>
     <span class='ocr_line' id='line_1_17' title="bbox 893 2896 970 2958; baseline 0 0"><span class='ocrx_word' id='word_1_17' title='bbox 893 2896 970 2958; x_wconf 94' lang='grc'>11</span> 
     </span>
     <span class='ocr_line' id='line_1_18' title="bbox 893 2994 976 3057; baseline 0.012 -1"><span class='ocrx_word' id='word_1_18' title='bbox 893 2994 976 3057; x_wconf 90' lang='grc'>12</span> 
     </span>
     <span class='ocr_line' id='line_1_19' title="bbox 894 3092 975 3155; baseline 0.012 -1"><span class='ocrx_word' id='word_1_19' title='bbox 894 3092 975 3155; x_wconf 86' lang='grc'>13</span> 
     </span>
    </p>
   </div>
   <div class='ocr_carea' id='block_1_12' title="bbox 891 3288 973 3450">
    <p class='ocr_par' dir='ltr' id='par_1_12' title="bbox 891 3288 973 3450">
     <span class='ocr_line' id='line_1_20' title="bbox 892 3288 973 3352; baseline 0.012 -1"><span class='ocrx_word' id='word_1_20' title='bbox 892 3288 973 3352; x_wconf 90' lang='lat'>16</span> 
     </span>
     <span class='ocr_line' id='line_1_21' title="bbox 891 3387 970 3450; baseline 0 0"><span class='ocrx_word' id='word_1_21' title='bbox 891 3387 970 3450; x_wconf 84' lang='lat'>21</span> 
     </span>
    </p>
   </div>
   <div class='ocr_carea' id='block_1_13' title="bbox 896 3583 981 3646">
    <p class='ocr_par' dir='ltr' id='par_1_13' title="bbox 896 3583 981 3646">
     <span class='ocr_line' id='line_1_22' title="bbox 896 3583 981 3646; baseline 0.012 -1"><span class='ocrx_word' id='word_1_22' title='bbox 896 3583 981 3646; x_wconf 90' lang='grc'>22</span> 
     </span>
    </p>
   </div>
   <div class='ocr_carea' id='block_1_14' title="bbox 934 604 1267 610">
    <p class='ocr_par' dir='ltr' id='par_1_14' title="bbox 934 604 1267 610">
     <span class='ocr_line' id='line_1_23' title="bbox 934 604 1267 610; baseline 0 0"><span class='ocrx_word' id='word_1_23' title='bbox 934 604 1267 610; x_wconf 95' lang='lat' dir='ltr'> </span> 
     </span>
    </p>
   </div>
   <div class='ocr_carea' id='block_1_15' title="bbox 1155 689 1347 743">
    <p class='ocr_par' dir='ltr' id='par_1_15' title="bbox 1155 689 1347 743">
     <span class='ocr_line' id='line_1_24' title="bbox 1155 689 1347 743; baseline -0.005 0"><span class='ocrx_word' id='word_1_24' title='bbox 1155 689 1347 743; x_wconf 83' lang='lat' dir='ltr'>Mensis</span> 
     </span>
    </p>
   </div>
   <div class='ocr_carea' id='block_1_16' title="bbox 1203 760 1295 1014">
    <p class='ocr_par' dir='ltr' id='par_1_16' title="bbox 1203 760 1295 1014">
     <span class='ocr_line' id='line_1_25' title="bbox 1203 760 1295 815; baseline 0 -1"><span class='ocrx_word' id='word_1_25' title='bbox 1203 760 1295 815; x_wconf 87' lang='lat' dir='ltr'>lat.</span> 
     </span>
     <span class='ocr_line' id='line_1_26' title="bbox 1211 853 1290 916; baseline 0.025 -2"><span class='ocrx_word' id='word_1_26' title='bbox 1211 853 1290 916; x_wconf 87' lang='grc'>18</span> 
     </span>
     <span class='ocr_line' id='line_1_27' title="bbox 1208 951 1288 1014; baseline 0 0"><span class='ocrx_word' id='word_1_27' title='bbox 1208 951 1288 1014; x_wconf 93' lang='grc'>21</span> 
     </span>
    </p>
   </div>
   <div class='ocr_carea' id='block_1_17' title="bbox 1203 1148 1291 1310">
    <p class='ocr_par' dir='ltr' id='par_1_17' title="bbox 1203 1148 1291 1310">
     <span class='ocr_line' id='line_1_28' title="bbox 1206 1148 1291 1211; baseline -0.012 0"><span class='ocrx_word' id='word_1_28' title='bbox 1206 1148 1291 1211; x_wconf 92' lang='grc'>29</span> 
     </span>
     <span class='ocr_line' id='line_1_29' title="bbox 1203 1246 1291 1310; baseline 0.011 -1"><span class='ocrx_word' id='word_1_29' title='bbox 1203 1246 1291 1310; x_wconf 89' lang='lat'>30</span> 
     </span>
    </p>
   </div>
   <div class='ocr_carea' id='block_1_18' title="bbox 1098 1415 1328 1507">
    <p class='ocr_par' dir='ltr' id='par_1_18' title="bbox 1098 1415 1328 1507">
     <span class='ocr_line' id='line_1_30' title="bbox 1098 1415 1328 1507; baseline 0 0"><span class='ocrx_word' id='word_1_30' title='bbox 1098 1442 1160 1507; x_wconf 84' lang='lat'>5.</span> <span class='ocrx_word' id='word_1_31' title='bbox 1189 1415 1328 1507; x_wconf 65' lang='lat' dir='ltr'>Jassn.</span> 
     </span>
    </p>
   </div>
   <div class='ocr_carea' id='block_1_19' title="bbox 1248 1542 1289 1704">
    <p class='ocr_par' dir='ltr' id='par_1_19' title="bbox 1248 1542 1289 1704">
     <span class='ocr_line' id='line_1_31' title="bbox 1248 1542 1289 1606; baseline 0 0"><span class='ocrx_word' id='word_1_32' title='bbox 1248 1542 1289 1606; x_wconf 87' lang='lat'>6</span> 
     </span>
     <span class='ocr_line' id='line_1_32' title="bbox 1249 1641 1287 1704; baseline 0 0"><span class='ocrx_word' id='word_1_33' title='bbox 1249 1641 1287 1704; x_wconf 87' lang='lat'>7</span> 
     </span>
    </p>
   </div>
   <div class='ocr_carea' id='block_1_20' title="bbox 1251 1910 1291 1974">
    <p class='ocr_par' dir='ltr' id='par_1_20' title="bbox 1251 1910 1291 1974">
     <span class='ocr_line' id='line_1_33' title="bbox 1251 1910 1291 1974; baseline 0 0"><span class='ocrx_word' id='word_1_34' title='bbox 1251 1910 1291 1974; x_wconf 92' lang='grc'>8</span> 
     </span>
    </p>
   </div>
   <div class='ocr_carea' id='block_1_21' title="bbox 1204 2303 1287 2564">
    <p class='ocr_par' dir='ltr' id='par_1_21' title="bbox 1204 2303 1287 2564">
     <span class='ocr_line' id='line_1_34' title="bbox 1204 2303 1287 2368; baseline 0.012 -1"><span class='ocrx_word' id='word_1_35' title='bbox 1204 2303 1287 2368; x_wconf 89' lang='grc'>10</span> 
     </span>
     <span class='ocr_line' id='line_1_35' title="bbox 1208 2403 1282 2465; baseline 0.014 -1"><span class='ocrx_word' id='word_1_36' title='bbox 1208 2403 1282 2465; x_wconf 94' lang='grc'>11</span> 
     </span>
     <span class='ocr_line' id='line_1_36' title="bbox 1207 2500 1287 2564; baseline 0.013 -1"><span class='ocrx_word' id='word_1_37' title='bbox 1207 2500 1287 2564; x_wconf 88' lang='grc'>13</span> 
     </span>
    </p>
   </div>
   <div class='ocr_carea' id='block_1_22' title="bbox 1201 2797 1287 3157">
    <p class='ocr_par' dir='ltr' id='par_1_22' title="bbox 1201 2797 1287 3157">
     <span class='ocr_line' id='line_1_37' title="bbox 1205 2797 1285 2859; baseline 0 0"><span class='ocrx_word' id='word_1_38' title='bbox 1205 2797 1285 2859; x_wconf 86' lang='grc'>17</span> 
     </span>
     <span class='ocr_line' id='line_1_38' title="bbox 1204 2895 1285 2960; baseline 0.025 -2"><span class='ocrx_word' id='word_1_39' title='bbox 1204 2895 1285 2960; x_wconf 89' lang='grc'>18</span> 
     </span>
     <span class='ocr_line' id='line_1_39' title="bbox 1205 2994 1286 3057; baseline 0 0"><span class='ocrx_word' id='word_1_40' title='bbox 1205 2994 1286 3057; x_wconf 92' lang='grc'>19</span> 
     </span>
     <span class='ocr_line' id='line_1_40' title="bbox 1201 3092 1287 3157; baseline 0.012 -1"><span class='ocrx_word' id='word_1_41' title='bbox 1201 3092 1287 3157; x_wconf 89' lang='grc'>20</span> 
     </span>
    </p>
   </div>
   <div class='ocr_carea' id='block_1_23' title="bbox 1201 3288 1289 3452">
    <p class='ocr_par' dir='ltr' id='par_1_23' title="bbox 1201 3288 1289 3452">
     <span class='ocr_line' id='line_1_41' title="bbox 1201 3288 1285 3352; baseline 0 0"><span class='ocrx_word' id='word_1_42' title='bbox 1201 3288 1285 3352; x_wconf 86' lang='grc'>23</span> 
     </span>
     <span class='ocr_line' id='line_1_42' title="bbox 1206 3387 1289 3452; baseline 0.024 -2"><span class='ocrx_word' id='word_1_43' title='bbox 1206 3387 1289 3452; x_wconf 92' lang='grc'>28</span> 
     </span>
    </p>
   </div>
   <div class='ocr_carea' id='block_1_24' title="bbox 1208 3583 1293 3648">
    <p class='ocr_par' dir='ltr' id='par_1_24' title="bbox 1208 3583 1293 3648">
     <span class='ocr_line' id='line_1_43' title="bbox 1208 3583 1293 3648; baseline 0 0"><span class='ocrx_word' id='word_1_44' title='bbox 1208 3583 1293 3648; x_wconf 90' lang='grc'>29</span> 
     </span>
    </p>
   </div>
   <div class='ocr_carea' id='block_1_25' title="bbox 1104 3696 1273 3703">
    <p class='ocr_par' dir='ltr' id='par_1_25' title="bbox 1104 3696 1273 3703">
     <span class='ocr_line' id='line_1_44' title="bbox 1104 3696 1273 3703; baseline 0 1688"><span class='ocrx_word' id='word_1_45' title='bbox 1104 3696 1273 3703; x_wconf 95' lang='lat' dir='ltr'> </span> 
     </span>
    </p>
   </div>
   <div class='ocr_carea' id='block_1_26' title="bbox 1502 492 2435 564">
    <p class='ocr_par' dir='ltr' id='par_1_26' title="bbox 1502 492 2435 564">
     <span class='ocr_line' id='line_1_45' title="bbox 1502 492 2435 564; baseline 0.002 -18"><span class='ocrx_word' id='word_1_46' title='bbox 1502 493 1679 546; x_wconf 90' lang='lat' dir='ltr'>Annus</span> <span class='ocrx_word' id='word_1_47' title='bbox 1718 493 2101 548; x_wconf 83' lang='lat' dir='ltr'>ecclesiasticus</span> <span class='ocrx_word' id='word_1_48' title='bbox 2140 492 2435 564; x_wconf 86' lang='lat' dir='ltr'>Coptorum.</span> 
     </span>
    </p>
   </div>
   <div class='ocr_carea' id='block_1_27' title="bbox 1658 605 3088 618">
    <p class='ocr_par' dir='ltr' id='par_1_27' title="bbox 1658 605 3088 618">
     <span class='ocr_line' id='line_1_46' title="bbox 1658 605 3088 618; baseline 0.004 -8"><span class='ocrx_word' id='word_1_49' title='bbox 1658 605 2546 613; x_wconf 42' lang='lat' dir='ltr'>ffl——Q———ss—</span> <span class='ocrx_word' id='word_1_50' title='bbox 2557 606 2928 618; x_wconf 67' lang='lat'><strong>.--———-——</strong></span> <span class='ocrx_word' id='word_1_51' title='bbox 2989 612 3088 616; x_wconf 59' lang='lat'>„—</span> 
     </span>
    </p>
   </div>
   <div class='ocr_carea' id='block_1_28' title="bbox 1436 605 1645 611">
    <p class='ocr_par' dir='ltr' id='par_1_28' title="bbox 1436 605 1645 611">
     <span class='ocr_line' id='line_1_47' title="bbox 1436 605 1645 611; baseline 0 0"><span class='ocrx_word' id='word_1_52' title='bbox 1436 605 1645 611; x_wconf 95' lang='lat' dir='ltr'> </span> 
     </span>
    </p>
   </div>
   <div class='ocr_carea' id='block_1_29' title="bbox 1380 850 3097 1710">
    <p class='ocr_par' dir='ltr' id='par_1_29' title="bbox 1384 850 2614 938">
     <span class='ocr_line' id='line_1_48' title="bbox 1384 850 2614 938; baseline 0.001 -22"><span class='ocrx_word' id='word_1_53' title='bbox 1384 850 1446 918; x_wconf 83' lang='lat' dir='ltr'>S.</span> <span class='ocrx_word' id='word_1_54' title='bbox 1498 853 1691 935; x_wconf 88' lang='lat' dir='ltr'>patris</span> <span class='ocrx_word' id='word_1_55' title='bbox 1737 852 2002 930; x_wconf 79' lang='lat' dir='ltr'>Nicolai,</span> <span class='ocrx_word' id='word_1_56' title='bbox 2053 854 2326 938; x_wconf 79' lang='lat' dir='ltr'>episcopi</span> <span class='ocrx_word' id='word_1_57' title='bbox 2377 853 2614 937; x_wconf 84' lang='lat' dir='ltr'>Myrae.</span> 
     </span>
    </p>

    <p class='ocr_par' dir='ltr' id='par_1_30' title="bbox 1385 949 3075 1119">
     <span class='ocr_line' id='line_1_49' title="bbox 1385 949 3075 1040; baseline 0.004 -26"><span class='ocrx_word' id='word_1_58' title='bbox 1385 949 1794 1015; x_wconf 79' lang='lat' dir='ltr'>Immaculata</span> <span class='ocrx_word' id='word_1_59' title='bbox 1826 950 2163 1036; x_wconf 86' lang='lat' dir='ltr'>Conceptio</span> <span class='ocrx_word' id='word_1_60' title='bbox 2194 951 2498 1037; x_wconf 88' lang='lat' dir='ltr'>Deiparae</span> <span class='ocrx_word' id='word_1_61' title='bbox 2534 953 2809 1040; x_wconf 81' lang='lat' dir='ltr'>Virginis</span> <span class='ocrx_word' id='word_1_62' title='bbox 2833 953 3075 1021; x_wconf 83' lang='lat' dir='ltr'>Mariae</span> 
     </span>
     <span class='ocr_line' id='line_1_50' title="bbox 1476 1049 1802 1119; baseline 0.025 -8"><span class='ocrx_word' id='word_1_63' title='bbox 1476 1049 1530 1111; x_wconf 91' lang='lat' dir='ltr'>V</span> <span class='ocrx_word' id='word_1_64' title='bbox 1551 1056 1744 1115; x_wconf 84' lang='lat' dir='ltr'>acat.</span> <span class='ocrx_word' id='word_1_65' title='bbox 1793 1110 1802 1119; x_wconf 95' lang='lat'><strong>.</strong></span> 
     </span>
    </p>

    <p class='ocr_par' dir='ltr' id='par_1_31' title="bbox 1385 1148 2175 1233">
     <span class='ocr_line' id='line_1_51' title="bbox 1385 1148 2175 1233; baseline 0.003 -22"><span class='ocrx_word' id='word_1_66' title='bbox 1385 1148 1447 1211; x_wconf 77' lang='lat' dir='ltr'>S.</span> <span class='ocrx_word' id='word_1_67' title='bbox 1500 1148 1825 1214; x_wconf 76' lang='lat' dir='ltr'>Barnabae</span> <span class='ocrx_word' id='word_1_68' title='bbox 1872 1148 2175 1233; x_wconf 82' lang='lat' dir='ltr'>Apostoli.</span> 
     </span>
    </p>

    <p class='ocr_par' dir='ltr' id='par_1_32' title="bbox 1382 1245 3097 1332">
     <span class='ocr_line' id='line_1_52' title="bbox 1382 1245 3097 1332; baseline 0.002 -21"><span class='ocrx_word' id='word_1_69' title='bbox 1382 1245 1446 1311; x_wconf 88' lang='lat' dir='ltr'>S.</span> <span class='ocrx_word' id='word_1_70' title='bbox 1497 1245 1805 1312; x_wconf 89' lang='lat' dir='ltr'>Gabrielis</span> <span class='ocrx_word' id='word_1_71' title='bbox 1851 1246 2232 1332; x_wconf 77' lang='lat' dir='ltr'>Archangeli</span> <span class='ocrx_word' id='word_1_72' title='bbox 2290 1253 2354 1313; x_wconf 90' lang='lat' dir='ltr'>et</span> <span class='ocrx_word' id='word_1_73' title='bbox 2399 1271 2447 1315; x_wconf 77' lang='lat' dir='ltr'>s,</span> <span class='ocrx_word' id='word_1_74' title='bbox 2497 1248 2820 1314; x_wconf 89' lang='lat' dir='ltr'>Pachomii</span> <span class='ocrx_word' id='word_1_75' title='bbox 2881 1255 2946 1314; x_wconf 92' lang='lat' dir='ltr'>et</span> <span class='ocrx_word' id='word_1_76' title='bbox 2993 1270 3097 1314; x_wconf 88' lang='lat' dir='ltr'>so·</span> 
     </span>
    </p>

    <p class='ocr_par' dir='ltr' id='par_1_33' title="bbox 1380 1344 2148 1429">
     <span class='ocr_line' id='line_1_53' title="bbox 1380 1344 2148 1429; baseline 0.003 -20"><span class='ocrx_word' id='word_1_77' title='bbox 1380 1346 1539 1409; x_wconf 88' lang='lat' dir='ltr'>roris</span> <span class='ocrx_word' id='word_1_78' title='bbox 1588 1344 1720 1429; x_wconf 88' lang='lat' dir='ltr'>ejus</span> <span class='ocrx_word' id='word_1_79' title='bbox 1768 1345 2053 1411; x_wconf 73' lang='lat' dir='ltr'>Talosam</span> <span class='ocrx_word' id='word_1_80' title='bbox 2079 1346 2148 1429; x_wconf 89' lang='lat'>¹).</span> 
     </span>
    </p>

    <p class='ocr_par' dir='ltr' id='par_1_34' title="bbox 1382 1442 2578 1528">
     <span class='ocr_line' id='line_1_54' title="bbox 1382 1442 2578 1528; baseline 0.005 -22"><span class='ocrx_word' id='word_1_81' title='bbox 1382 1442 1610 1528; x_wconf 86' lang='lat' dir='ltr'>Vigilia</span> <span class='ocrx_word' id='word_1_82' title='bbox 1655 1444 2013 1510; x_wconf 83' lang='lat' dir='ltr'>Nativitatis</span> <span class='ocrx_word' id='word_1_83' title='bbox 2062 1442 2139 1509; x_wconf 91' lang='lat' dir='ltr'>D.</span> <span class='ocrx_word' id='word_1_84' title='bbox 2188 1445 2270 1511; x_wconf 92' lang='lat' dir='ltr'>N.</span> <span class='ocrx_word' id='word_1_85' title='bbox 2320 1446 2379 1510; x_wconf 88' lang='lat' dir='ltr'>J.</span> <span class='ocrx_word' id='word_1_86' title='bbox 2431 1446 2578 1512; x_wconf 86' lang='lat' dir='ltr'>Chr.</span> 
     </span>
    </p>

    <p class='ocr_par' dir='ltr' id='par_1_35' title="bbox 1382 1541 3093 1616">
     <span class='ocr_line' id='line_1_55' title="bbox 1382 1541 3093 1616; baseline 0.002 -9"><span class='ocrx_word' id='word_1_87' title='bbox 1382 1541 1690 1607; x_wconf 85' lang='lat' dir='ltr'>Nativitas</span> <span class='ocrx_word' id='word_1_88' title='bbox 1737 1542 1990 1608; x_wconf 88' lang='lat' dir='ltr'>Domini</span> <span class='ocrx_word' id='word_1_89' title='bbox 2038 1542 2254 1608; x_wconf 82' lang='lat' dir='ltr'>Nostri</span> <span class='ocrx_word' id='word_1_90' title='bbox 2303 1544 2456 1610; x_wconf 89' lang='lat' dir='ltr'>Jesu</span> <span class='ocrx_word' id='word_1_91' title='bbox 2490 1543 2742 1616; x_wconf 82' lang='lat' dir='ltr'>Christi.</span> <span class='ocrx_word' id='word_1_92' title='bbox 2813 1544 3093 1610; x_wconf 86' lang='lat' dir='ltr'>Vacat.</span> 
     </span>
    </p>

    <p class='ocr_par' dir='ltr' id='par_1_36' title="bbox 1384 1640 2857 1710">
     <span class='ocr_line' id='line_1_56' title="bbox 1384 1640 2857 1710; baseline 0.003 -5"><span class='ocrx_word' id='word_1_93' title='bbox 1384 1641 1534 1706; x_wconf 89' lang='lat' dir='ltr'>Dies</span> <span class='ocrx_word' id='word_1_94' title='bbox 1581 1641 1891 1707; x_wconf 89' lang='lat' dir='ltr'>secundus</span> <span class='ocrx_word' id='word_1_95' title='bbox 1937 1640 2294 1708; x_wconf 85' lang='lat' dir='ltr'>Nativitatis</span> <span class='ocrx_word' id='word_1_96' title='bbox 2342 1643 2417 1708; x_wconf 92' lang='lat' dir='ltr'>D.</span> <span class='ocrx_word' id='word_1_97' title='bbox 2469 1643 2549 1710; x_wconf 91' lang='lat' dir='ltr'>N.</span> <span class='ocrx_word' id='word_1_98' title='bbox 2600 1643 2658 1709; x_wconf 89' lang='lat' dir='ltr'>J.</span> <span class='ocrx_word' id='word_1_99' title='bbox 2711 1641 2857 1709; x_wconf 85' lang='lat' dir='ltr'>Chr.</span> 
     </span>
    </p>
   </div>
   <div class='ocr_carea' id='block_1_30' title="bbox 1621 1808 2320 1870">
    <p class='ocr_par' dir='ltr' id='par_1_37' title="bbox 1621 1808 2320 1870">
     <span class='ocr_line' id='line_1_57' title="bbox 1621 1808 2320 1870; baseline 0.001 -3"><span class='ocrx_word' id='word_1_100' title='bbox 1621 1808 1832 1868; x_wconf 86' lang='lat' dir='ltr'>Tobi.</span> <span class='ocrx_word' id='word_1_101' title='bbox 1899 1810 2320 1870; x_wconf 76' lang='lat' dir='ltr'>Januarius.</span> 
     </span>
    </p>
   </div>
   <div class='ocr_carea' id='block_1_31' title="bbox 1379 1908 3101 3671">
    <p class='ocr_par' dir='ltr' id='par_1_38' title="bbox 1385 1908 3101 2291">
     <span class='ocr_line' id='line_1_58' title="bbox 1385 1908 3101 1996; baseline 0.003 -24"><span class='ocrx_word' id='word_1_102' title='bbox 1385 1908 1448 1977; x_wconf 82' lang='lat' dir='ltr'>S.</span> <span class='ocrx_word' id='word_1_103' title='bbox 1512 1908 1814 1994; x_wconf 86' lang='lat' dir='ltr'>Stephani</span> <span class='ocrx_word' id='word_1_104' title='bbox 1878 1909 2295 1977; x_wconf 87' lang='lat' dir='ltr'>archidiaeoni</span> <span class='ocrx_word' id='word_1_105' title='bbox 2372 1916 2434 1976; x_wconf 88' lang='lat' dir='ltr'>et</span> <span class='ocrx_word' id='word_1_106' title='bbox 2491 1913 2971 1996; x_wconf 82' lang='lat' dir='ltr'>protomartyris</span> <span class='ocrx_word' id='word_1_107' title='bbox 3037 1917 3101 1977; x_wconf 87' lang='lat' dir='ltr'>et</span> 
     </span>
     <span class='ocr_line' id='line_1_59' title="bbox 1469 2007 3095 2095; baseline 0.001 -22"><span class='ocrx_word' id='word_1_108' title='bbox 1469 2028 1551 2074; x_wconf 80' lang='lat' dir='ltr'>ss,</span> <span class='ocrx_word' id='word_1_109' title='bbox 1586 2007 1971 2092; x_wconf 84' lang='lat' dir='ltr'>Ischyrionis</span> <span class='ocrx_word' id='word_1_110' title='bbox 2019 2013 2081 2074; x_wconf 87' lang='lat' dir='ltr'>et</span> <span class='ocrx_word' id='word_1_111' title='bbox 2104 2008 2461 2093; x_wconf 87' lang='lat' dir='ltr'>Aesculapii</span> <span class='ocrx_word' id='word_1_112' title='bbox 2495 2013 2557 2075; x_wconf 89' lang='lat' dir='ltr'>et</span> <span class='ocrx_word' id='word_1_113' title='bbox 2584 2011 2894 2076; x_wconf 86' lang='lat' dir='ltr'>sociorum</span> <span class='ocrx_word' id='word_1_114' title='bbox 2923 2011 3095 2095; x_wconf 89' lang='lat' dir='ltr'>ipso-</span> 
     </span>
     <span class='ocr_line' id='line_1_60' title="bbox 1469 2106 3096 2195; baseline 0.002 -24"><span class='ocrx_word' id='word_1_115' title='bbox 1469 2127 1607 2171; x_wconf 91' lang='lat' dir='ltr'>rum</span> <span class='ocrx_word' id='word_1_116' title='bbox 1656 2111 1795 2172; x_wconf 82' lang='lat' dir='ltr'>octo</span> <span class='ocrx_word' id='word_1_117' title='bbox 1842 2106 2012 2172; x_wconf 91' lang='lat' dir='ltr'>mille</span> <span class='ocrx_word' id='word_1_118' title='bbox 2059 2111 2310 2173; x_wconf 87' lang='lat' dir='ltr'>eentum</span> <span class='ocrx_word' id='word_1_119' title='bbox 2360 2111 2421 2173; x_wconf 90' lang='lat' dir='ltr'>et</span> <span class='ocrx_word' id='word_1_120' title='bbox 2467 2109 2879 2195; x_wconf 85' lang='lat' dir='ltr'>quadraginta</span> <span class='ocrx_word' id='word_1_121' title='bbox 2926 2129 3096 2174; x_wconf 86' lang='lat' dir='ltr'>mar-</span> 
     </span>
     <span class='ocr_line' id='line_1_61' title="bbox 1468 2205 2740 2291; baseline 0.004 -22"><span class='ocrx_word' id='word_1_122' title='bbox 1468 2211 1676 2289; x_wconf 82' lang='lat' dir='ltr'>tyrum</span> <span class='ocrx_word' id='word_1_123' title='bbox 1723 2206 1788 2270; x_wconf 91' lang='lat' dir='ltr'>in</span> <span class='ocrx_word' id='word_1_124' title='bbox 1834 2207 1991 2272; x_wconf 88' lang='lat' dir='ltr'>urbe</span> <span class='ocrx_word' id='word_1_125' title='bbox 2038 2206 2338 2291; x_wconf 90' lang='lat' dir='ltr'>Panopoli</span> <span class='ocrx_word' id='word_1_126' title='bbox 2387 2205 2740 2291; x_wconf 82' lang='lat' dir='ltr'>(Achmin).</span> 
     </span>
    </p>

    <p class='ocr_par' dir='ltr' id='par_1_39' title="bbox 1380 2303 3004 2373">
     <span class='ocr_line' id='line_1_62' title="bbox 1380 2303 3004 2373; baseline 0.002 -5"><span class='ocrx_word' id='word_1_127' title='bbox 1380 2303 1617 2370; x_wconf 78' lang='lat' dir='ltr'>Caedes</span> <span class='ocrx_word' id='word_1_128' title='bbox 1664 2305 1994 2369; x_wconf 86' lang='lat' dir='ltr'>infantium</span> <span class='ocrx_word' id='word_1_129' title='bbox 2039 2307 2103 2371; x_wconf 91' lang='lat' dir='ltr'>in</span> <span class='ocrx_word' id='word_1_130' title='bbox 2151 2305 2526 2371; x_wconf 81' lang='lat' dir='ltr'>Bethlehem</span> <span class='ocrx_word' id='word_1_131' title='bbox 2573 2305 2688 2370; x_wconf 85' lang='lat' dir='ltr'>sub</span> <span class='ocrx_word' id='word_1_132' title='bbox 2727 2306 3004 2373; x_wconf 88' lang='lat' dir='ltr'>Herode.</span> 
     </span>
    </p>

    <p class='ocr_par' dir='ltr' id='par_1_40' title="bbox 1379 2402 2694 2491">
     <span class='ocr_line' id='line_1_63' title="bbox 1379 2402 2694 2491; baseline 0.003 -23"><span class='ocrx_word' id='word_1_133' title='bbox 1379 2402 1443 2468; x_wconf 81' lang='lat' dir='ltr'>S.</span> <span class='ocrx_word' id='word_1_134' title='bbox 1492 2402 1750 2468; x_wconf 84' lang='lat' dir='ltr'>Joannis</span> <span class='ocrx_word' id='word_1_135' title='bbox 1797 2403 2082 2488; x_wconf 86' lang='lat' dir='ltr'>Apostoli</span> <span class='ocrx_word' id='word_1_136' title='bbox 2130 2413 2193 2468; x_wconf 88' lang='lat' dir='ltr'>et</span> <span class='ocrx_word' id='word_1_137' title='bbox 2237 2404 2694 2491; x_wconf 85' lang='lat' dir='ltr'>Evangelistae.</span> 
     </span>
    </p>

    <p class='ocr_par' dir='ltr' id='par_1_41' title="bbox 1380 2496 3094 2784">
     <span class='ocr_line' id='line_1_64' title="bbox 1380 2496 3094 2587; baseline 0.001 -20"><span class='ocrx_word' id='word_1_138' title='bbox 1380 2496 1783 2567; x_wconf 82' lang='lat' dir='ltr'>Circumcisio</span> <span class='ocrx_word' id='word_1_139' title='bbox 1830 2501 1908 2567; x_wconf 92' lang='lat' dir='ltr'>D.</span> <span class='ocrx_word' id='word_1_140' title='bbox 1957 2500 2039 2568; x_wconf 89' lang='lat' dir='ltr'>N.</span> <span class='ocrx_word' id='word_1_141' title='bbox 2091 2502 2149 2568; x_wconf 89' lang='lat' dir='ltr'>J.</span> <span class='ocrx_word' id='word_1_142' title='bbox 2202 2500 2350 2568; x_wconf 83' lang='lat' dir='ltr'>Chr.</span> <span class='ocrx_word' id='word_1_143' title='bbox 2398 2507 2461 2568; x_wconf 91' lang='lat' dir='ltr'>et</span> <span class='ocrx_word' id='word_1_144' title='bbox 2506 2523 2556 2569; x_wconf 80' lang='lat' dir='ltr'>s,</span> <span class='ocrx_word' id='word_1_145' title='bbox 2605 2502 2909 2568; x_wconf 89' lang='lat' dir='ltr'>Marciani</span> <span class='ocrx_word' id='word_1_146' title='bbox 2958 2503 3094 2587; x_wconf 88' lang='lat' dir='ltr'>(oc-</span> 
     </span>
     <span class='ocr_line' id='line_1_65' title="bbox 1467 2599 3094 2684; baseline 0.002 -21"><span class='ocrx_word' id='word_1_147' title='bbox 1467 2599 1619 2683; x_wconf 86' lang='lat' dir='ltr'>tavi)</span> <span class='ocrx_word' id='word_1_148' title='bbox 1694 2599 2087 2684; x_wconf 81' lang='lat' dir='ltr'>patriarchae</span> <span class='ocrx_word' id='word_1_149' title='bbox 2152 2600 2566 2666; x_wconf 79' lang='lat' dir='ltr'>Alexandriae</span> <span class='ocrx_word' id='word_1_150' title='bbox 2631 2606 2695 2666; x_wconf 89' lang='lat' dir='ltr'>et</span> <span class='ocrx_word' id='word_1_151' title='bbox 2761 2621 2810 2666; x_wconf 80' lang='lat' dir='ltr'>s,</span> <span class='ocrx_word' id='word_1_152' title='bbox 2875 2601 3094 2666; x_wconf 88' lang='lat' dir='ltr'>Basilii</span> 
     </span>
     <span class='ocr_line' id='line_1_66' title="bbox 1468 2698 2895 2784; baseline 0.001 -21"><span class='ocrx_word' id='word_1_153' title='bbox 1468 2698 1684 2783; x_wconf 84' lang='lat' dir='ltr'>Magni</span> <span class='ocrx_word' id='word_1_154' title='bbox 1732 2703 1795 2764; x_wconf 89' lang='lat' dir='ltr'>et</span> <span class='ocrx_word' id='word_1_155' title='bbox 1841 2719 1892 2766; x_wconf 79' lang='lat' dir='ltr'>a.</span> <span class='ocrx_word' id='word_1_156' title='bbox 1943 2698 2115 2765; x_wconf 77' lang='lat' dir='ltr'>Eliae</span> <span class='ocrx_word' id='word_1_157' title='bbox 2162 2699 2528 2784; x_wconf 86' lang='lat' dir='ltr'>prophetae.</span> <span class='ocrx_word' id='word_1_158' title='bbox 2621 2699 2895 2765; x_wconf 84' lang='lat' dir='ltr'>Vacat.</span> 
     </span>
    </p>

    <p class='ocr_par' dir='ltr' id='par_1_42' title="bbox 1380 2796 2608 2882">
     <span class='ocr_line' id='line_1_67' title="bbox 1380 2796 2608 2882; baseline 0.003 -23"><span class='ocrx_word' id='word_1_159' title='bbox 1380 2797 1610 2882; x_wconf 89' lang='lat' dir='ltr'>Vigilia</span> <span class='ocrx_word' id='word_1_160' title='bbox 1655 2797 2042 2881; x_wconf 83' lang='lat' dir='ltr'>Epiphaniae</span> <span class='ocrx_word' id='word_1_161' title='bbox 2089 2797 2168 2864; x_wconf 94' lang='lat' dir='ltr'>D.</span> <span class='ocrx_word' id='word_1_162' title='bbox 2217 2797 2301 2865; x_wconf 90' lang='lat' dir='ltr'>N.</span> <span class='ocrx_word' id='word_1_163' title='bbox 2350 2797 2412 2864; x_wconf 89' lang='lat' dir='ltr'>J.</span> <span class='ocrx_word' id='word_1_164' title='bbox 2462 2796 2608 2863; x_wconf 85' lang='lat' dir='ltr'>Ohr.</span> 
     </span>
    </p>

    <p class='ocr_par' dir='ltr' id='par_1_43' title="bbox 1379 2895 2670 2980">
     <span class='ocr_line' id='line_1_68' title="bbox 1379 2895 2670 2980; baseline 0.001 -21"><span class='ocrx_word' id='word_1_165' title='bbox 1379 2896 1738 2980; x_wconf 88' lang='lat' dir='ltr'>Baptismus</span> <span class='ocrx_word' id='word_1_166' title='bbox 1786 2895 1864 2962; x_wconf 91' lang='lat' dir='ltr'>D.</span> <span class='ocrx_word' id='word_1_167' title='bbox 1913 2896 1994 2961; x_wconf 92' lang='lat' dir='ltr'>N.</span> <span class='ocrx_word' id='word_1_168' title='bbox 2044 2895 2109 2962; x_wconf 92' lang='lat' dir='ltr'>J.</span> <span class='ocrx_word' id='word_1_169' title='bbox 2160 2895 2306 2964; x_wconf 82' lang='lat' dir='ltr'>Chr.</span> <span class='ocrx_word' id='word_1_170' title='bbox 2408 2895 2670 2962; x_wconf 88' lang='lat' dir='ltr'>Vacat.</span> 
     </span>
    </p>

    <p class='ocr_par' dir='ltr' id='par_1_44' title="bbox 1379 2993 2183 3061">
     <span class='ocr_line' id='line_1_69' title="bbox 1379 2993 2183 3061; baseline 0.003 -3"><span class='ocrx_word' id='word_1_171' title='bbox 1379 2993 1442 3060; x_wconf 83' lang='lat' dir='ltr'>S.</span> <span class='ocrx_word' id='word_1_172' title='bbox 1492 2993 1802 3060; x_wconf 85' lang='lat' dir='ltr'>Theodori</span> <span class='ocrx_word' id='word_1_173' title='bbox 1850 2995 2183 3061; x_wconf 82' lang='lat' dir='ltr'>orientalis,</span> 
     </span>
    </p>

    <p class='ocr_par' dir='ltr' id='par_1_45' title="bbox 1381 3090 3092 3275">
     <span class='ocr_line' id='line_1_70' title="bbox 1381 3090 3092 3177; baseline -0.001 -20"><span class='ocrx_word' id='word_1_174' title='bbox 1381 3091 1902 3157; x_wconf 86' lang='lat' dir='ltr'>Commemoratio</span> <span class='ocrx_word' id='word_1_175' title='bbox 1962 3094 2144 3177; x_wconf 89' lang='lat' dir='ltr'>primi</span> <span class='ocrx_word' id='word_1_176' title='bbox 2207 3092 2519 3169; x_wconf 81' lang='lat' dir='ltr'>miraculi,</span> <span class='ocrx_word' id='word_1_177' title='bbox 2586 3092 2753 3177; x_wconf 88' lang='lat' dir='ltr'>quod</span> <span class='ocrx_word' id='word_1_178' title='bbox 2801 3090 3092 3158; x_wconf 83' lang='lat' dir='ltr'>Christus</span> 
     </span>
     <span class='ocr_line' id='line_1_71' title="bbox 1466 3189 2786 3275; baseline -0.001 -19"><span class='ocrx_word' id='word_1_179' title='bbox 1466 3190 1772 3256; x_wconf 86' lang='lat' dir='ltr'>Dominus</span> <span class='ocrx_word' id='word_1_180' title='bbox 1819 3191 1882 3256; x_wconf 89' lang='lat' dir='ltr'>in</span> <span class='ocrx_word' id='word_1_181' title='bbox 1931 3189 2101 3257; x_wconf 85' lang='lat' dir='ltr'>Cana</span> <span class='ocrx_word' id='word_1_182' title='bbox 2147 3191 2457 3259; x_wconf 85' lang='lat' dir='ltr'>Galilaeae</span> <span class='ocrx_word' id='word_1_183' title='bbox 2505 3190 2786 3275; x_wconf 81' lang='lat' dir='ltr'>patravit.</span> 
     </span>
    </p>

    <p class='ocr_par' dir='ltr' id='par_1_46' title="bbox 1379 3288 2166 3374">
     <span class='ocr_line' id='line_1_72' title="bbox 1379 3288 2166 3374; baseline 0.004 -20"><span class='ocrx_word' id='word_1_184' title='bbox 1379 3288 1441 3356; x_wconf 87' lang='lat' dir='ltr'>S.</span> <span class='ocrx_word' id='word_1_185' title='bbox 1491 3288 1806 3355; x_wconf 89' lang='lat' dir='ltr'>Philothei</span> <span class='ocrx_word' id='word_1_186' title='bbox 1852 3290 2166 3374; x_wconf 80' lang='lat' dir='ltr'>martyris,</span> 
     </span>
    </p>

    <p class='ocr_par' dir='ltr' id='par_1_47' title="bbox 1383 3386 3088 3572">
     <span class='ocr_line' id='line_1_73' title="bbox 1383 3386 3088 3471; baseline 0 -19"><span class='ocrx_word' id='word_1_187' title='bbox 1383 3386 1780 3453; x_wconf 84' lang='lat' dir='ltr'>Consecratio</span> <span class='ocrx_word' id='word_1_188' title='bbox 1827 3389 2066 3471; x_wconf 91' lang='lat' dir='ltr'>primae</span> <span class='ocrx_word' id='word_1_189' title='bbox 2114 3388 2412 3454; x_wconf 85' lang='lat' dir='ltr'>ecclesiae</span> <span class='ocrx_word' id='word_1_190' title='bbox 2472 3388 2588 3453; x_wconf 90' lang='lat' dir='ltr'>sub</span> <span class='ocrx_word' id='word_1_191' title='bbox 2636 3388 2887 3453; x_wconf 76' lang='lat' dir='ltr'>nomine</span> <span class='ocrx_word' id='word_1_192' title='bbox 2935 3387 3088 3453; x_wconf 90' lang='lat' dir='ltr'>Dei-</span> 
     </span>
     <span class='ocr_line' id='line_1_74' title="bbox 1471 3485 2360 3572; baseline 0.003 -22"><span class='ocrx_word' id='word_1_193' title='bbox 1471 3506 1653 3571; x_wconf 89' lang='lat' dir='ltr'>pa-rae</span> <span class='ocrx_word' id='word_1_194' title='bbox 1702 3485 1978 3572; x_wconf 86' lang='lat' dir='ltr'>Virginis</span> <span class='ocrx_word' id='word_1_195' title='bbox 2025 3487 2264 3553; x_wconf 88' lang='lat' dir='ltr'>Mariae</span> <span class='ocrx_word' id='word_1_196' title='bbox 2285 3486 2360 3571; x_wconf 55' lang='grc' dir='ltr'>ἲ).</span> 
     </span>
    </p>

    <p class='ocr_par' dir='ltr' id='par_1_48' title="bbox 1387 3582 2948 3671">
     <span class='ocr_line' id='line_1_75' title="bbox 1387 3582 2948 3671; baseline 0 -20"><span class='ocrx_word' id='word_1_197' title='bbox 1387 3585 1448 3651; x_wconf 82' lang='lat' dir='ltr'>S.</span> <span class='ocrx_word' id='word_1_198' title='bbox 1500 3584 1752 3650; x_wconf 87' lang='lat' dir='ltr'>Antonii</span> <span class='ocrx_word' id='word_1_199' title='bbox 1804 3582 2039 3671; x_wconf 89' lang='lat' dir='ltr'>Magni,</span> <span class='ocrx_word' id='word_1_200' title='bbox 2091 3584 2311 3651; x_wconf 89' lang='lat' dir='ltr'>sideris</span> <span class='ocrx_word' id='word_1_201' title='bbox 2358 3585 2607 3651; x_wconf 87' lang='lat' dir='ltr'>deserti.</span> <span class='ocrx_word' id='word_1_202' title='bbox 2686 3584 2948 3651; x_wconf 86' lang='lat' dir='ltr'>Vacat.</span> 
     </span>
    </p>
   </div>
   <div class='ocr_carea' id='block_1_32' title="bbox 1022 3695 3085 3798">
    <p class='ocr_par' dir='ltr' id='par_1_49' title="bbox 1022 3695 3085 3798">
     <span class='ocr_line' id='line_1_76' title="bbox 1022 3695 3085 3798; baseline -0.002 -14"><span class='ocrx_word' id='word_1_203' title='bbox 1022 3695 1255 3795; x_wconf 46' lang='lat' dir='ltr'>ffvide,</span> <span class='ocrx_word' id='word_1_204' title='bbox 1302 3730 1345 3783; x_wconf 88' lang='lat' dir='ltr'>si</span> <span class='ocrx_word' id='word_1_205' title='bbox 1383 3728 1583 3798; x_wconf 81' lang='lat' dir='ltr'>placet,</span> <span class='ocrx_word' id='word_1_206' title='bbox 1634 3744 1767 3797; x_wconf 83' lang='lat' dir='ltr'>quae</span> <span class='ocrx_word' id='word_1_207' title='bbox 1804 3728 1866 3782; x_wconf 89' lang='lat' dir='ltr'>de</span> <span class='ocrx_word' id='word_1_208' title='bbox 1903 3744 1947 3782; x_wconf 80' lang='lat' dir='ltr'>s.</span> <span class='ocrx_word' id='word_1_209' title='bbox 1986 3726 2224 3782; x_wconf 65' lang='lat' dir='ltr'>Talosam</span> <span class='ocrx_word' id='word_1_210' title='bbox 2262 3728 2471 3798; x_wconf 82' lang='lat' dir='ltr'>ejusque</span> <span class='ocrx_word' id='word_1_211' title='bbox 2508 3727 2820 3781; x_wconf 85' lang='lat' dir='ltr'>monasterio</span> <span class='ocrx_word' id='word_1_212' title='bbox 2856 3742 2923 3780; x_wconf 81' lang='lat' dir='ltr'>ex</span> <span class='ocrx_word' id='word_1_213' title='bbox 2957 3742 3085 3781; x_wconf 84' lang='lat' dir='ltr'>msc.</span> 
     </span>
    </p>
   </div>
   <div class='ocr_carea' id='block_1_33' title="bbox 842 3806 3085 3959">
    <p class='ocr_par' dir='ltr' id='par_1_50' title="bbox 842 3806 3085 3959">
     <span class='ocr_line' id='line_1_77' title="bbox 843 3806 3085 3944; baseline -0.001 -82"><span class='ocrx_word' id='word_1_214' title='bbox 843 3807 1283 3944; x_wconf 47' lang='lat' dir='ltr'>Coptggatigxo</span> <span class='ocrx_word' id='word_1_215' title='bbox 1329 3813 1478 3862; x_wconf 87' lang='lat' dir='ltr'>eruta</span> <span class='ocrx_word' id='word_1_216' title='bbox 1515 3807 1745 3862; x_wconf 85' lang='lat' dir='ltr'>dedimus</span> <span class='ocrx_word' id='word_1_217' title='bbox 1782 3808 1834 3862; x_wconf 91' lang='lat' dir='ltr'>in</span> <span class='ocrx_word' id='word_1_218' title='bbox 1872 3807 2207 3877; x_wconf 80' lang='lat' dir='ltr'>„zeitschrift</span> <span class='ocrx_word' id='word_1_219' title='bbox 2256 3808 2339 3861; x_wconf 76' lang='lat' dir='ltr'>fur</span> <span class='ocrx_word' id='word_1_220' title='bbox 2375 3807 2516 3861; x_wconf 82' lang='lat' dir='ltr'>kath.</span> <span class='ocrx_word' id='word_1_221' title='bbox 2556 3806 2887 3876; x_wconf 79' lang='lat' dir='ltr'>Theologie“,</span> <span class='ocrx_word' id='word_1_222' title='bbox 2927 3807 3085 3861; x_wconf 74' lang='lat'><strong>1882.</strong></span> 
     </span>
     <span class='ocr_line' id='line_1_78' title="bbox 842 3904 1264 3959; baseline 0.005 -2"><span class='ocrx_word' id='word_1_223' title='bbox 842 3904 926 3959; x_wconf 73' lang='lat'>1³1³·</span> <span class='ocrx_word' id='word_1_224' title='bbox 1075 3920 1138 3926; x_wconf 84' lang='grc'><strong>-</strong></span> <span class='ocrx_word' id='word_1_225' title='bbox 1251 3929 1264 3943; x_wconf 86' lang='grc'><em>·</em></span> 
     </span>
    </p>
   </div>
   <div class='ocr_carea' id='block_1_34' title="bbox 1022 3966 3084 4038">
    <p class='ocr_par' dir='ltr' id='par_1_51' title="bbox 1022 3966 3084 4038">
     <span class='ocr_line' id='line_1_79' title="bbox 1022 3966 3084 4038; baseline -0.002 -13"><span class='ocrx_word' id='word_1_226' title='bbox 1022 3967 1067 4035; x_wconf 79' lang='lat'>²)</span> <span class='ocrx_word' id='word_1_227' title='bbox 1105 3968 1536 4035; x_wconf 85' lang='lat' dir='ltr'>Quemadmodum</span> <span class='ocrx_word' id='word_1_228' title='bbox 1573 3968 1623 4022; x_wconf 88' lang='lat' dir='ltr'>in</span> <span class='ocrx_word' id='word_1_229' title='bbox 1660 3968 1890 4038; x_wconf 88' lang='lat' dir='ltr'>pluribus</span> <span class='ocrx_word' id='word_1_230' title='bbox 1925 3968 2148 4022; x_wconf 83' lang='lat' dir='ltr'>vetustis</span> <span class='ocrx_word' id='word_1_231' title='bbox 2184 3967 2509 4022; x_wconf 79' lang='lat' dir='ltr'>Kalendariis</span> <span class='ocrx_word' id='word_1_232' title='bbox 2557 3966 2958 4021; x_wconf 81' lang='lat' dir='ltr'>occidentalibus</span> <span class='ocrx_word' id='word_1_233' title='bbox 2993 3969 3084 4037; x_wconf 83' lang='lat' dir='ltr'>se·</span> 
     </span>
    </p>
   </div>
   <div class='ocr_carea' id='block_1_35' title="bbox 840 4047 3082 4522">
    <p class='ocr_par' dir='ltr' id='par_1_52' title="bbox 840 4047 3082 4522">
     <span class='ocr_line' id='line_1_80' title="bbox 840 4047 3082 4117; baseline 0 -16"><span class='ocrx_word' id='word_1_234' title='bbox 840 4052 982 4103; x_wconf 80' lang='lat' dir='ltr'>stum</span> <span class='ocrx_word' id='word_1_235' title='bbox 1025 4049 1445 4103; x_wconf 79' lang='lat' dir='ltr'>Obdormitionis</span> <span class='ocrx_word' id='word_1_236' title='bbox 1481 4052 1534 4102; x_wconf 80' lang='lat' dir='ltr'>et</span> <span class='ocrx_word' id='word_1_237' title='bbox 1572 4048 1974 4117; x_wconf 79' lang='lat' dir='ltr'>Assumptionis</span> <span class='ocrx_word' id='word_1_238' title='bbox 2009 4048 2081 4102; x_wconf 89' lang='lat' dir='ltr'>B.</span> <span class='ocrx_word' id='word_1_239' title='bbox 2108 4048 2185 4102; x_wconf 81' lang='lat' dir='ltr'>M.</span> <span class='ocrx_word' id='word_1_240' title='bbox 2226 4048 2279 4101; x_wconf 82' lang='lat' dir='ltr'>V.</span> <span class='ocrx_word' id='word_1_241' title='bbox 2316 4063 2491 4101; x_wconf 87' lang='lat' dir='ltr'>mense</span> <span class='ocrx_word' id='word_1_242' title='bbox 2527 4047 2775 4102; x_wconf 71' lang='lat' dir='ltr'>,Ianuario</span> <span class='ocrx_word' id='word_1_243' title='bbox 2813 4048 3082 4117; x_wconf 79' lang='lat' dir='ltr'>consigna·</span> 
     </span>
     <span class='ocr_line' id='line_1_81' title="bbox 844 4127 3082 4199; baseline 0 -17"><span class='ocrx_word' id='word_1_244' title='bbox 844 4135 948 4182; x_wconf 88' lang='lat' dir='ltr'>tum</span> <span class='ocrx_word' id='word_1_245' title='bbox 988 4129 1206 4184; x_wconf 87' lang='lat' dir='ltr'>vidimus</span> <span class='ocrx_word' id='word_1_246' title='bbox 1243 4135 1379 4184; x_wconf 90' lang='lat' dir='ltr'>tomo</span> <span class='ocrx_word' id='word_1_247' title='bbox 1420 4132 1468 4195; x_wconf 81' lang='lat'>1,</span> <span class='ocrx_word' id='word_1_248' title='bbox 1505 4145 1554 4197; x_wconf 68' lang='lat' dir='ltr'>p,</span> <span class='ocrx_word' id='word_1_249' title='bbox 1593 4130 1717 4197; x_wconf 83' lang='lat'>249,</span> <span class='ocrx_word' id='word_1_250' title='bbox 1757 4129 1832 4182; x_wconf 87' lang='lat' dir='ltr'>ita</span> <span class='ocrx_word' id='word_1_251' title='bbox 1869 4133 1923 4183; x_wconf 89' lang='lat' dir='ltr'>et</span> <span class='ocrx_word' id='word_1_252' title='bbox 1961 4129 2290 4199; x_wconf 83' lang='lat' dir='ltr'>synaxarium</span> <span class='ocrx_word' id='word_1_253' title='bbox 2315 4128 2596 4198; x_wconf 83' lang='lat' dir='ltr'>Coptorum</span> <span class='ocrx_word' id='word_1_254' title='bbox 2632 4128 2744 4197; x_wconf 84' lang='lat' dir='ltr'>ipso</span> <span class='ocrx_word' id='word_1_255' title='bbox 2769 4128 2864 4183; x_wconf 85' lang='lat' dir='ltr'>hoc</span> <span class='ocrx_word' id='word_1_256' title='bbox 2889 4127 2970 4182; x_wconf 86' lang='lat' dir='ltr'>die</span> <span class='ocrx_word' id='word_1_257' title='bbox 2993 4128 3082 4183; x_wconf 77' lang='lat'>21.</span> 
     </span>
     <span class='ocr_line' id='line_1_82' title="bbox 841 4207 3081 4279; baseline -0 -16"><span class='ocrx_word' id='word_1_258' title='bbox 841 4210 1112 4265; x_wconf 81' lang='lat' dir='ltr'>annuntiat</span> <span class='ocrx_word' id='word_1_259' title='bbox 1148 4211 1409 4279; x_wconf 79' lang='lat' dir='ltr'>Requiem</span> <span class='ocrx_word' id='word_1_260' title='bbox 1437 4210 1720 4279; x_wconf 81' lang='lat' dir='ltr'>Deiparae</span> <span class='ocrx_word' id='word_1_261' title='bbox 1761 4208 2000 4279; x_wconf 74' lang='lat' dir='ltr'>Virqinis</span> <span class='ocrx_word' id='word_1_262' title='bbox 2024 4208 2264 4275; x_wconf 82' lang='lat' dir='ltr'>Mariae,</span> <span class='ocrx_word' id='word_1_263' title='bbox 2299 4208 2588 4262; x_wconf 75' lang='lat' dir='ltr'>maliet-nm</span> <span class='ocrx_word' id='word_1_264' title='bbox 2615 4207 2903 4274; x_wconf 74' lang='lat' dir='ltr'>Dominae,</span> <span class='ocrx_word' id='word_1_265' title='bbox 2938 4208 3081 4279; x_wconf 67' lang='lat' dir='ltr'>ejus-</span> 
     </span>
     <span class='ocr_line' id='line_1_83' title="bbox 843 4288 3080 4361; baseline 0 -19"><span class='ocrx_word' id='word_1_266' title='bbox 843 4305 943 4356; x_wconf 82' lang='lat' dir='ltr'>que</span> <span class='ocrx_word' id='word_1_267' title='bbox 979 4290 1225 4361; x_wconf 81' lang='lat' dir='ltr'>corporis</span> <span class='ocrx_word' id='word_1_268' title='bbox 1261 4290 1694 4360; x_wconf 74' lang='lat' dir='ltr'>Assumptionem</span> <span class='ocrx_word' id='word_1_269' title='bbox 1732 4290 1788 4343; x_wconf 81' lang='lat' dir='ltr'>in</span> <span class='ocrx_word' id='word_1_270' title='bbox 1828 4289 2028 4344; x_wconf 80' lang='lat' dir='ltr'>coelum</span> <span class='ocrx_word' id='word_1_271' title='bbox 2043 4305 2064 4342; x_wconf 90' lang='lat'>.·</span> <span class='ocrx_word' id='word_1_272' title='bbox 2101 4289 2234 4361; x_wconf 89' lang='lat' dir='ltr'>quod</span> <span class='ocrx_word' id='word_1_273' title='bbox 2271 4289 2404 4344; x_wconf 90' lang='lat' dir='ltr'>idem</span> <span class='ocrx_word' id='word_1_274' title='bbox 2440 4288 2743 4359; x_wconf 79' lang='lat' dir='ltr'>mysterium</span> <span class='ocrx_word' id='word_1_275' title='bbox 2781 4293 2836 4343; x_wconf 85' lang='lat' dir='ltr'>et</span> <span class='ocrx_word' id='word_1_276' title='bbox 2873 4288 2956 4343; x_wconf 86' lang='lat' dir='ltr'>die</span> <span class='ocrx_word' id='word_1_277' title='bbox 2996 4290 3080 4343; x_wconf 80' lang='lat'>16.</span> 
     </span>
     <span class='ocr_line' id='line_1_84' title="bbox 842 4368 3080 4441; baseline 0 -21"><span class='ocrx_word' id='word_1_278' title='bbox 842 4372 1028 4423; x_wconf 83' lang='lat' dir='ltr'>mensis</span> <span class='ocrx_word' id='word_1_279' title='bbox 1066 4371 1285 4440; x_wconf 83' lang='lat' dir='ltr'>Augusti</span> <span class='ocrx_word' id='word_1_280' title='bbox 1335 4370 1541 4441; x_wconf 87' lang='lat' dir='ltr'>repetit.</span> <span class='ocrx_word' id='word_1_281' title='bbox 1629 4370 1686 4423; x_wconf 87' lang='lat' dir='ltr'>ln</span> <span class='ocrx_word' id='word_1_282' title='bbox 1734 4370 1978 4424; x_wconf 89' lang='lat' dir='ltr'>hodierno</span> <span class='ocrx_word' id='word_1_283' title='bbox 2031 4370 2306 4441; x_wconf 76' lang='lat' dir='ltr'>synaxario</span> <span class='ocrx_word' id='word_1_284' title='bbox 2355 4374 2528 4424; x_wconf 86' lang='lat' dir='ltr'>autem</span> <span class='ocrx_word' id='word_1_285' title='bbox 2577 4374 2823 4422; x_wconf 81' lang='lat' dir='ltr'>narratur</span> <span class='ocrx_word' id='word_1_286' title='bbox 2866 4368 3080 4422; x_wconf 72' lang='lat' dir='ltr'>historin.</span> 
     </span>
     <span class='ocr_line' id='line_1_85' title="bbox 842 4446 3080 4522; baseline 0.001 -22"><span class='ocrx_word' id='word_1_287' title='bbox 842 4446 1056 4504; x_wconf 87' lang='lat' dir='ltr'>hominis</span> <span class='ocrx_word' id='word_1_288' title='bbox 1086 4452 1290 4521; x_wconf 84' lang='lat' dir='ltr'>judaei,</span> <span class='ocrx_word' id='word_1_289' title='bbox 1341 4452 1426 4521; x_wconf 93' lang='lat' dir='ltr'>qui</span> <span class='ocrx_word' id='word_1_290' title='bbox 1464 4452 1713 4506; x_wconf 84' lang='lat' dir='ltr'>feretrum</span> <span class='ocrx_word' id='word_1_291' title='bbox 1750 4450 2010 4522; x_wconf 85' lang='lat' dir='ltr'>Deiparae</span> <span class='ocrx_word' id='word_1_292' title='bbox 2059 4451 2291 4506; x_wconf 86' lang='lat' dir='ltr'>detinere</span> <span class='ocrx_word' id='word_1_293' title='bbox 2341 4465 2516 4521; x_wconf 83' lang='lat' dir='ltr'>ausus,</span> <span class='ocrx_word' id='word_1_294' title='bbox 2564 4448 2812 4505; x_wconf 74' lang='lat' dir='ltr'>ambabus</span> <span class='ocrx_word' id='word_1_295' title='bbox 2849 4448 3080 4504; x_wconf 76' lang='lat' dir='ltr'>manibus</span> 
     </span>
    </p>
   </div>
   <div class='ocr_carea' id='block_1_36' title="bbox 3187 5338 3414 5367">
    <p class='ocr_par' dir='ltr' id='par_1_53' title="bbox 3187 5338 3414 5367">
     <span class='ocr_line' id='line_1_86' title="bbox 3187 5338 3414 5367; baseline 0 0"><span class='ocrx_word' id='word_1_296' title='bbox 3187 5366 3190 5367; x_wconf 58' lang='grc'>.</span> <span class='ocrx_word' id='word_1_297' title='bbox 3205 5338 3414 5367; x_wconf 53' lang='lat' dir='ltr'>—nss</span> 
     </span>
    </p>
   </div>
   <div class='ocr_carea' id='block_1_37' title="bbox 3432 1608 3440 4778">
    <p class='ocr_par' dir='ltr' id='par_1_54' title="bbox 3432 1608 3440 4778">
     <span class='ocr_line' id='line_1_87' title="bbox 3432 1608 3440 4778; baseline 0 0"><span class='ocrx_word' id='word_1_298' title='bbox 3432 1608 3440 4778; x_wconf 95' lang='lat' dir='ltr'> </span> 
     </span>
    </p>
   </div>
  </div>
 </body>
</html>
