3514 5391
777 504 884 561 144
1429 506 1588 561 Festa
1623 507 1833 562 mobilia
1871 506 1922 561 in
1960 506 2382 577 Quadragesima.

1285 617 1556 624 -—-—...r.---

774 708 1115 771 Dominica
1182 703 1500 791 quoddam
1567 706 1983 769 recreationis
2049 705 2351 770 solatium
2419 707 2879 792 interponitur,
2957 716 3028 769 ut

776 806 1072 870 anaeietas
1120 812 1468 890 temperata
1516 801 1714 868 levius
1762 801 2125 890 sufferatur.
2222 803 2622 870 Hodiernum
2675 805 2840 869 enim
2886 803 3025 891 offi-

774 894 938 971 cium
986 912 1181 967 totum
1218 900 1480 988 plenum
1525 912 1618 966 est
1666 899 1938 983 laetitia,
1990 912 2184 967 totum
2214 901 2451 988 qaudio
2485 902 2885 970 cumulatum.
2921 957 2934 969 .
2967 955 2979 969 .
3008 955 3022 969 .

775 1003 955 1067 Haec
989 1001 1248 1089 pariter
1294 999 1709 1087 designantur
1753 1001 1826 1064 in
1844 1001 2357 1088 proprietatibus
2393 1003 2579 1093 liujus
2586 1002 2800 1090 floris,
2849 1023 3027 1088 quem

773 1101 949 1167 vobis
993 1096 1329 1165 visibiliter
1362 1108 1868 1184 praesentamus.
1973 1097 2228 1166 Caritas
2275 1100 2343 1164 in
2388 1099 2612 1181 colore,
2646 1100 3027 1190 jucunditas

773 1202 844 1265 in
891 1199 1102 1277 odore,
1148 1199 1416 1262 satietas
1459 1201 1530 1261 in
1576 1220 1808 1285 sapore
1820 1223 1847 1272 ,·
1892 1220 2044 1262 rosa
2082 1199 2315 1285 quippe
2351 1221 2519 1285 prae
2548 1200 2814 1263 caeteris
2841 1198 3026 1286 flori·

777 1299 890 1363 bus
935 1296 1140 1363 colore
1188 1295 1478 1374 delectat,
1527 1295 1720 1360 odore
1766 1306 2030 1379 recreat,
2078 1319 2307 1384 sapore
2354 1296 2713 1384 confortat‚·
2758 1297 3027 1362 delectat

774 1400 848 1462 in
891 1398 1051 1476 visu,
1098 1404 1343 1460 recreat
1388 1394 1459 1457 in
1505 1391 1769 1480 olfactu,
1819 1392 2143 1482 confortat
2188 1390 2259 1459 in
2302 1405 2508 1480 quem.

961 1510 1133 1587 Quia
1176 1533 1323 1575 vero
1369 1511 1636 1598 spiritus
1683 1512 1979 1597 vivificat,
2029 1535 2176 1577 caro
2223 1535 2351 1578 non
2372 1511 2644 1600 prodest
2664 1511 3027 1599 quidquam,

777 1613 855 1678 de
901 1610 1269 1677 carnalibus
1332 1609 1421 1673 ad
1478 1608 1858 1696 spiritualia
1920 1621 2336 1677 transeamus.
2431 1607 2588 1675 Flos
2653 1611 2772 1675 iste
2797 1610 3030 1699 florem

777 1710 960 1775 illum
1009 1707 1344 1799 εἰρηῇἰφαε,
1408 1710 1518 1793 qui
1562 1709 1640 1773 de
1688 1730 1751 1772 se
1801 1709 1960 1774 dicit
2007 1710 2075 1775 in
2122 1710 2422 1775 canticis:
2481 1710 2617 1795 qu
2645 1710 2776 1798 flos
2820 1713 3030 1796 campi

778 1819 837 1872 et
882 1806 1089 1872 lilium
1134 1804 1531 1871 convallium.
1572 1861 1584 1873 .
1624 1859 1636 1872 .
1674 1861 1686 1874 .
1747 1808 1809 1871 T
1799 1807 2016 1894 ripleae
2064 1819 2156 1873 est
2201 1819 2408 1873 autem
2452 1810 2523 1872 in
2566 1809 2678 1873 boc
2703 1809 2872 1896 flore
2898 1832 3030 1873 ma·

780 1907 963 1985 teria,
1010 1903 1303 1969 videlicet
1346 1928 1591 1980 aurum,
1641 1928 1904 1986 muscus,
1955 1906 2322 1974 balsamum.
2397 1905 2525 1971 Sed
2550 1906 2869 1972 mediante
2898 1907 3029 1972 bal-

778 2026 952 2070 samo
998 2026 1243 2068 muscus
1289 2003 1692 2094 conjungitur
1739 2026 1934 2082 auro,
2001 2005 2155 2091 quia
2218 2003 2459 2090 triplex
2507 2015 2607 2084 est.
2658 2007 2728 2070 in
2782 2002 3032 2070 Clu-isto

780 2102 1171 2167 substant—ia:
1241 2101 1468 2180 deitas,
1537 2124 1766 2189 corpus
1831 2113 1891 2167 et
1937 2105 2189 2183 anima,
2256 2103 2369 2167 sed
2426 2103 2742 2169 mediante
2808 2105 3033 2169 anima

780 2224 1006 2288 corpus
1052 2201 1452 2288 conjunqitur
1497 2200 1745 2275 deitati,
1796 2201 1947 2286 quia
1996 2211 2213 2265 tantae
2261 2200 2637 2266 subtilitatis
2682 2212 2773 2267 est
2806 2202 3029 2287 divina

780 2309 1041 2378 natura,
1107 2309 1177 2363 ut
1224 2299 1477 2385 corpori
1536 2298 1613 2362 de
1675 2297 1824 2363 limo
1891 2310 2095 2364 terrae
2135 2298 2427 2385 formato
2492 2323 2621 2364 non
2667 2312 3035 2387 congrueret

781 2399 976 2478 uniri,
1023 2398 1153 2461 nisi
1197 2394 1510 2461 rationali
1553 2397 1792 2483 spiritu
1835 2397 2174 2463 mediante.

959 2538 1057 2597 De
1106 2555 1245 2597 rosa
1294 2554 1483 2597 aurea
1532 2544 1862 2599 tractatum
1922 2540 2218 2601 eruditum
2283 2540 2475 2598 edidit
2529 2539 2691 2614 Ray
2710 2540 3032 2607 naudus,

781 2628 918 2678 tom.
958 2619 1046 2678 10.
1122 2619 1282 2692 Quos
1319 2618 1616 2692 posterior
1655 2624 1827 2677 aetas
1866 2618 2009 2677 tulit
2048 2619 2120 2677 de
2161 2620 2362 2693 eodem
2405 2626 2756 2693 argumento
2783 2621 3032 2694 scripto-

781 2721 914 2770 res,
967 2701 1263 2760 indicatos
1302 2699 1568 2775 reperies
1621 2701 1777 2775 apud
1815 2701 2136 2772 Mol-oni,
2193 2702 2544 2776 Die-ionario.
2594 2708 2749 2760 tomo
2785 2704 2876 2765 69,
2931 2704 3028 2775 qui

784 2784 909 2858 ipse
949 2789 1148 2842 tamen
1188 2798 1388 2839 omnes
1438 2786 1558 2839 tam
1601 2788 1841 2839 veteres
1894 2798 2066 2854 quam
2105 2783 2474 2859 recentiores
2513 2782 2683 2858 eopia
2735 2789 2798 2841 et
2835 2784 3029 2842 erudi·

782 2865 945 2924 tione
996 2869 1272 2936 superat,
1314 2861 1562 2934 paginis
1615 2878 1729 2918 non
1783 2862 1972 2919 minus
2022 2863 2094 2919 38
2132 2878 2304 2920 rosae
2354 2877 2574 2922 aureae
2630 2864 3028 2923 illustrandae

785 2945 1065 3020 impensis
1103 2942 1455 3014 (nl—149).
2254 2973 2261 2980 ι

965 3122 1208 3190 Νεᾱὲῑε
1257 3121 1592 3187 ἅωὲεὒπή.
1672 3123 2013 3190 Smrtelnd.
2096 3123 2529 3191 Fsmerdniza.
2619 3123 3026 3211 Sommertaq.

790 3225 1098 3289 Fontana.

965 3367 1063 3431 Ad
1110 3367 1264 3431 ritus
1312 3386 1433 3430 non
1482 3384 1711 3444 saerOS,
1774 3367 1835 3431 in
1885 3385 1952 3431 se
2000 3373 2208 3431 tamen
2259 3365 2699 3443 indifferenteS‚
2764 3367 3028 3453 ideoque

785 3466 959 3544 taleS‚
1028 3485 1185 3549 quos
1245 3464 1364 3530 sibi
1426 3465 1700 3550 permitti
1763 3465 1985 3550 vulgus
2046 3465 2299 3549 impune
2361 3466 2650 3550 postulet,
2718 3466 3029 3549 pertinent

787 3565 988 3632 variae
1036 3564 1462 3630 caeremoniae
1509 3563 1858 3649 popillareS‚
1909 3565 2135 3648 quibus
2164 3564 2310 3629 olim
2344 3564 2602 3628 servatis
2633 3564 2693 3628 in
2726 3564 3027 3630 Bohemia

778 3665 1058 3748 juvene8‚
1110 3662 1574 3728 matrimonium
1621 3667 1762 3747 post
1811 3667 2061 3747 peraeta
2093 3663 2250 3727 festa
2284 3661 2603 3746 paschalia
2631 3664 3026 3728 eontraeturi.

787 3761 969 3826 hodio
1031 3765 1262 3825 certam
1322 3761 1655 3844 quamdam
1704 3760 2040 3826 foeminam
2104 3760 2221 3826 sibi
2269 3779 2523 3827 uxorem
2586 3761 3027 3845 deposcebant,

787 3858 1081 3924 adhibitis
1113 3857 1375 3923 honesto
1401 3860 1754 3944 nuptiarum
1784 3859 2178 3925 conciliatore
2203 3858 2507 3943 (drukba)
2535 3858 2792 3943 aliisque
2821 3860 3030 3924 multis

788 3956 1149 4041 aequalibus
1196 3963 1259 4020 et
1305 3958 1595 4023 fidelibus
1641 3958 1859 4023 amieis
1906 3957 2320 4043 (druibove'),·
2364 3958 2527 4022 unde
2575 3960 2637 4023 et
2666 3957 3029 4023 Dominieae

789 4076 1013 4121 nomen
1067 4053 1307 4119 Nedele
1338 4055 1657 4121 druiebnci
1695 4056 1928 4122 factum
1958 4076 2082 4134 ese,
2132 4058 2467 4140 scriptores
2500 4054 2749 4120 bohemi
2782 4056 3025 4122 doc-ent.

788 4155 956 4235 Quae
1005 4153 1081 4218 ab
1116 4153 1214 4217 his
1262 4153 1460 4219 aliena
1508 4155 1695 4219 tradit
1727 4155 2054 4226 Brandl,
2106 4153 2515 4220 indicabimus
2549 4153 2705 4217 infra
2740 4154 2813 4218 ad
2842 4153 3025 4218 Doni.

788 4253 848 4317 in
901 4251 1101 4317 Albis.

967 4359 1150 4443 Apud
1216 4359 1439 4423 multos
1489 4361 1837 4425 Germanos
1903 4381 1973 4424 ae
2023 4359 2239 4425 Slavos
2304 4357 2819 4443 septentrionales
2880 4379 3029 4423 usus

791 4458 1102 4542 popularis
1152 4457 1433 4534 obtinuit,
1503 4464 1568 4522 ut
1616 4459 1748 4542 ipsa
1796 4458 1912 4522 hae
1964 4458 2289 4523 Dominiea
2338 4456 2661 4522 molestam
2712 4455 3026 4539 hyemem.
