3514 5391
1029 547 1163 601 Ordo
1201 550 1450 602 festorum
1489 547 1733 603 ecclesiae
1775 564 2032 602 armenae.

868 746 1040 801 Sectio
1078 745 1164 799 IV.
1225 745 1600 799 Hoke-Kalust.
1658 745 1925 799 Adventus
1964 744 2201 814 Spiritus

408 934 751 1000 catholicus
802 936 947 1000 ·sive
995 935 1378 1020 patriarcha-3
1449 936 1559 999 sed
1621 941 1761 1019 post
1787 935 1941 1018 'ejus
1998 935 2234 1000 obitum
2285 942 2428 1000 marl

407 1053 628 1117 passus
678 1039 773 1098 est
823 1057 855 1098 a
903 1035 1169 1099 barbara
1200 1033 1698 1118 Massagetarum
1729 1037 1936 1119 gente,
1988 1033 2211 1098 ferocis
2242 1034 2384 1117 equi
2417 1057 2428 1095 ι

405 1132 715 1217 alligatus,
770 1172 851 1179 —
901 1129 1141 1197 Daniel
1187 1152 1328 1198 vero
1378 1137 1507 1197 erat
1556 1133 1883 1216 episcopus
1930 1133 2279 1216 provinciae
2328 1132 2428 1196 Ta]

401 1251 563 1295 unus
630 1252 705 1296 ex
767 1231 1083 1315 discipulis
1145 1253 1192 1296 S.
1246 1232 1527 1316 Gregorii
1578 1229 2055 1307 lllumina-toris,
2124 1231 2226 1315 qui
2290 1231 2428 1315 Tyn

351 1317 359 1325 ’
403 1332 826 1395 Armenorum
874 1350 1083 1417 regem
1136 1350 1245 1413 pro
1294 1330 1518 1412 injusta
1564 1328 1862 1412 Hesychii
1915 1348 2062 1393 nece
2113 1329 2428 1413 corripiem

401 1429 717 1493 secatione
765 1429 841 1492 ab
891 1449 963 1494 eo
1010 1429 1374 1512 martyrium
1406 1448 1627 1512 passus
1658 1432 1769 1492 est.
1868 1426 2103 1491 Horum
2141 1427 2416 1491 omnium

400 1525 611 1593 Men.
667 1529 866 1592 Arm.
920 1529 1026 1592 dat
1072 1529 1129 1593 d.
1186 1529 1241 1592 1.
1296 1527 1680 1592 Decembris

581 1805 641 1869 F
662 1808 826 1871 eria
876 1806 946 1869 V.
998 1807 1251 1869 Festum
1301 1804 1550 1869 [elisaei
1585 1806 1956 1891 pvmophetae

580 1915 900 2014 Elisaeum
952 1949 1318 2033 prophetam
1371 1947 1696 2031 Ma1··.ty1
1749 1948 1956 2014 Rom.
2010 1955 2071 2012 et
2120 1949 2317 2016 Men.
2369 1951 2422 2014 G

397 2052 647 2132 ponunt
693 2050 754 2113 d.
807 2049 907 2115 14.
959 2047 1147 2112 Iunii.
1200 2049 1398 2112 Arm.
1450 2066 1593 2111 vero
1642 2050 1720 2113 d.
1759 2047 1857 2112 17.
1910 2047 2103 2128 ejusd.
2157 2048 2404 2113 mensis,

585 2371 984 2468 sabbate„
1016 2373 1271 2436 Festum
1316 2394 1397 2436 ss.
1453 2367 1799 2434 Duodecim
1847 2370 2293 2456 Apostolorum
2341 2396 2414 2434 ac

399 2470 713 2556 cipalium
758 2471 935 2534 Petri
981 2480 1041 2532 ct
1088 2469 1294 2534 Pauli.

585 2632 658 2695 In
708 2633 1080 2720 assignando
1144 2631 1328 2713 hujus
1377 2631 1497 2694 diei
1560 2631 1717 2694 festo
1786 2631 2140 2715 discrepant
2200 2635 2361 2695 inter
2409 2652 2428 2695 ε

398 2732 595 2809 dices,
647 2730 925 2796 nonnulli
976 2731 1139 2794 enim
1186 2729 1452 2794 habent:
1504 2729 1893 2794 Sabbato:
1944 2730 2201 2793 Festum
2231 2728 2346 2795 SS.
2383 2731 2428 2793 A

398 2828 606 2893 lorum
658 2830 832 2893 Petri
878 2840 937 2891 et
983 2826 1211 2906 Pauli‚·
1262 2828 1359 2892 alii
1412 2848 1586 2892 vero:
1648 2828 1904 2891 Festum
1955 2826 2068 2891 SS.
2121 2827 2428 2891 Duodeciv

397 2951 471 2991 ac
522 2926 992 3015 fflvzcipal·ium
1024 2928 1200 2992 Petri
1247 2938 1304 2989 et
1356 2927 1562 2993 Pauli.
1645 2927 1880 2992 Verum
1912 2947 2021 2991 cur
2049 2926 2150 2990 hic
2180 2929 2428 3009 ponatm

398 3027 767 3091 memoratio
815 3025 1257 3110 Apostolorum
1309 3025 1478 3090 Petri
1546 3033 1607 3090 et
1655 3025 1865 3103 Pauli,
1938 3029 2210 3103 constat;
2277 3025 2423 3090 licet

399 3125 684 3190 ordinem
733 3126 931 3190 nostri
978 3123 1330 3190 Kalendarii
1382 3145 1592 3190 eorum
1645 3125 1872 3190 festum
1923 3125 2259 3190 solemnius
2300 3122 2428 3188 cele

398 3223 635 3289 ultimis
681 3225 902 3289 diebus
953 3223 1316 3288 Decembris
1381 3245 1521 3288 cum
1570 3224 1703 3288 aliis
1754 3224 2283 3297 solemnitatibus,
2354 3243 2428 3306 qu

400 3323 458 3386 in
509 3323 935 3388 testimonium
998 3322 1353 3387 Nativitatis
1404 3321 1635 3387 Christi
1703 3329 2103 3409 peraguntur.
2212 3323 2415 3403 Quum

400 3441 476 3484 ex
522 3420 894 3506 Menologiis
961 3423 1234 3486 omnium
1295 3421 1425 3487 fere
1473 3422 1789 3486 nationum
1844 3427 2077 3505 pateat,
2147 3442 2360 3487 eorum
2408 3442 2428 3484 1

403 3520 561 3583 rium
609 3518 944 3604 contigisse
992 3521 1050 3585 d.
1103 3520 1206 3585 29.
1254 3519 1445 3595 Junii‚
1497 3541 1618 3603 quo
1666 3520 1765 3584 die
1798 3520 1998 3585 Latini
2033 3520 2380 3603 Graecique

402 3617 698 3683 solemnia
757 3618 882 3700 jam
946 3618 1292 3693 celebrant,
1377 3619 1813 3684 convenienter
1879 3618 1980 3684 hic
2043 3620 2231 3683 etiam
2294 3620 2428 3702 assi1

404 3736 614 3781 eorum
678 3718 927 3793 festum,
995 3737 1117 3781 non
1179 3717 1265 3780 ita
1328 3717 1536 3800 procul
1604 3716 1678 3780 ab
1729 3717 1831 3781 illo
1880 3718 1997 3784 die.
2096 3715 2423 3783 Caeterum

406 3813 678 3898 plerique
728 3813 988 3881 Codices
1056 3816 1302 3882 eodemv
1337 3815 1435 3879 die
1500 3816 1728 3880 addant
1791 3837 1908 3880 uua
1959 3818 2140 3880 etiam
2195 3811 2428 3902 comme

402 3912 628 3978 tionem
658 3914 989 3978 duodecIm
1019 3913 1480 3998 Apostolorum,
1533 3914 1875 3990 sciendum,
1927 3916 2200 3980 Graecos
2234 3918 2373 3997 post
2407 3914 2428 3977 f

409 4010 563 4094 App.
615 4010 782 4074 Petri
831 4017 892 4075 et
938 4011 1110 4076 Pauli
1177 4012 1368 4096 (quod
1418 4011 1522 4075 29.
1568 4006 1743 4075 'Junii
1807 4013 2184 4096 celebrant),
2256 4013 2428 4077 alter(

409 4108 533 4179 die,
600 4128 823 4193 nempe
888 4109 989 4175 30.
1062 4110 1340 4191 ejusdem
1405 4111 1667 4185 mensiS‚
1739 4113 2390 4178 commemorationem

413 4206 491 4266 12
537 4206 1006 4291 Apostolorum:
1076 4210 1136 4274 id
1199 4211 1359 4291 quod
1427 4209 1829 4275 observantes
1899 4210 2195 4295 praedicti
2261 4206 2428 4272 Cocli«

412 4303 525 4368 hoc
568 4304 725 4370 festo
774 4306 1120 4372 exhibendo
1179 4328 1301 4371 non
1352 4307 1551 4372 solum
1599 4308 1769 4373 Petri
1819 4313 1879 4373 et
1926 4307 2102 4373 Pauli
2163 4311 2428 4391 (quorun

416 4400 632 4480 festus,
699 4409 767 4467 ut
805 4406 937 4488 Jam
984 4406 1219 4471 dictum
1267 4410 1389 4482 est,
1455 4408 1722 4471 occurrit
1769 4426 1982 4472 meuse
2035 4404 2426 4487 Decembris)

415 4502 676 4565 omnium
733 4501 814 4565 122
864 4503 1299 4587 Apostolorum
1375 4507 2025 4570 commemorationem
2095 4504 2275 4568 simul
2343 4507 2428 4567 rel

2550 547 2652 600 587
