3514 5391
695 530 770 586 ‘11
804 531 938 601 ιέγία
976 536 1063 586 καὶ
1101 532 1315 605 μεγάλη
1352 533 1683 605 παρασκευή,
1738 533 1859 589 ΕΘΓ.
1897 532 1984 588 VI.
2023 535 2073 614 in
2110 533 2421 589 Parasceve.
2580 535 2686 590 255

428 731 570 796 inde
617 734 816 816 repeti
866 734 1180 798 innuimus
1227 756 1286 818 p.
1339 735 1457 809 87,
1525 725 1687 816 quod
1737 752 1810 798 eo
1858 733 1957 797 die
2004 731 2228 797 ²ludaei
2285 757 2451 818 puro
2501 754 2680 817 pane,

428 830 491 895 h.
543 851 596 894 e.
650 832 917 915 azymiS,
980 832 1101 916 ipsi
1140 833 1300 917 puri
1347 838 1763 897 vescerentur.
1859 831 1983 896 Sed
2045 831 2351 896 uberioris
2411 832 2683 915 explica-

430 929 617 994 tionis
665 931 929 1013 cupidus
976 931 1183 1015 ipsum
1232 929 1515 996 consulat
1559 930 1694 995 loco
1740 930 1973 995 ibidem
2025 930 2231 996 citato.

606 1046 683 1112 In
733 1047 1051 1113 Breviario
1097 1045 1453 1132 glagolitico
1519 1046 1675 1111 ritus
1737 1045 1908 1110 latini
1972 1046 2201 1111 slavico
2261 1047 2540 1111 redditus
2589 1051 2683 1110 ost

431 1146 548 1210 diei
598 1147 819 1211 titulus
859 1146 1051 1232 pctok
1098 1142 1291 1209 veliki
1333 1168 1422 1210 na
1458 1145 1900 1234 paracheviy‘u,
1950 1145 2014 1208 in
2061 1165 2220 1209 novo
2250 1143 2489 1209 Missali
2537 1164 2683 1209 vero

419 1244 619 1330 pctc'tk
678 1242 808 1308 veli
863 1268 953 1309 na
1000 1244 1325 1330 paraskev
1386 1245 1576 1334 gjijm
1643 1243 1704 1309 h.
1770 1262 1855 1319 e.‚
1921 1265 2153 1328 maqna
2210 1241 2387 1322 feria
2448 1242 2550 1308 VI.
2613 1243 2684 1306 in

434 1342 801 1424 Par-ascens,
852 1362 923 1407 ac
970 1344 1155 1408 simili
1200 1343 1400 1408 ferme
1450 1363 1486 1407 a
1511 1342 1947 1428 maynitudine
1982 1343 2415 1426 mysteriorum
2459 1343 2684 1408 dicitur

431 1461 466 1504 a
510 1439 1148 1506 Serbo-Oroatis
1195 1440 1388 1504 veliki
1420 1442 1656 1527 potale,
1720 1462 1771 1505 a·
1803 1440 2187 1506 Slovenis
2244 1440 2438 1505 veliki
2471 1441 2681 1527 petek,

431 1559 467 1602 a
511 1526 1048 1604 Cechoslavis
1112 1536 1288 1626 velky'
1322 1540 1553 1625 patale,
1622 1561 1659 1603 a
1703 1538 2044 1623 Polonis
2091 1538 2300 1605 wielkc‘
2336 1540 2584 1627 pinula,
2649 1533 2685 1605 a

430 1636 678 1703 Danis
727 1636 1147 1724 langfreda95
1195 1638 1271 1703 ab
1321 1638 1737 1724 Hungaris
1783 1638 2199 1724 naqype'ntek.
2294 1638 2418 1703 Alii
2469 1643 2685 1705 contra

431 1735 910 1819 appellationem
959 1755 997 1800 a
1041 1737 1380 1800 sanctitate
1427 1736 1684 1814 faciunt,
1733 1743 1822 1812 ut,
1874 1736 2137 1820 exempli
2189 1756 2397 1814 causa,
2461 1737 2680 1802 Galli

429 1833 735 1898 venandi
793 1836 1003 1914 saint,
1068 1833 1258 1899 Itali
1323 1834 1580 1899 veneral}
1639 1844 1854 1908 sanem
1923 1834 2024 1899 alii
2095 1855 2240 1899 vero
2307 1855 2345 1900 a
2403 1834 2682 1899 bonitate

428 1933 664 2016 gratiae
708 1932 894 1997 nobis
940 1931 1126 1998 hodie
1175 1934 1532 2018 acquisitae,
1600 1938 1668 1998 ut
1717 1933 1960 2018 Angli
2009 1933 2175 2019 qood
2202 1932 2466 2020 friday,
2530 1934 2680 2000 Ba·

430 2030 593 2095 tavi
640 2030 805 2115 yoed
831 2030 1121 2119 vrij'daffl
1169 2032 1267 2096 alii
1302 2030 1528 2117 cumG
1550 2050 1707 2096 erm
1729 2032 1902 2096 anis
1951 2052 1987 2095 a
2018 2030 2250 2097 Christi
2283 2038 2482 2096 morte
2510 2053 2680 2097 com-

428 2127 730 2212 ploranda
783 2125 1298 2215 Ckarfreita9¹);
1368 2130 1466 2195 alii
1519 2129 1726 2206 aliter,
1798 2135 1979 2214 prout
2041 2128 2320 2213 pluribus
2381 2132 2681 2216 exemplis

428 2227 716 2292 adductis
746 2228 1013 2312 probant
1040 2228 1171 2294 FF.
1205 2228 1311 2295 Gr
1330 2230 1346 2293 i
1366 2250 1422 2293 m
1445 2249 1540 2306 m,
1591 2228 1934 2292 Deutschcs
1966 2226 2386 2309 Wo‘rterbuch,
2413 2235 2484 2295 'v.
2509 2230 2680 2293 Kar-

412 2324 690 2412 frcitay.
734 2374 738 2378 «
2197 2329 2200 2332 ’

611 2450 818 2515 Multa
864 2450 985 2516 dici
1034 2462 1291 2536 possent
1339 2452 1416 2516 de
1464 2452 1712 2535 proprio
1761 2452 2060 2518 ecclesiae
2109 2457 2348 2528 ornatu,
2411 2452 2488 2517 de
2536 2472 2680 2536 pas·

424 2548 624 2613 sionis
674 2548 918 2627 Officio,
969 2550 1048 2614 de
1095 2549 1293 2614 Missa
1338 2550 2036 2632 praesanctificatorum,
2086 2551 2164 2615 de
2212 2549 2414 2615 crucis
2463 2550 2680 2614 adora·

424 2646 596 2712 tione
645 2648 849 2733 deque
899 2667 1004 2725 ea,
1073 2668 1231 2732 quae
1296 2653 1542 2734 praeter
1601 2649 1883 2715 rubricas
1944 2668 2308 2715 communes
2358 2648 2568 2714 multis
2614 2650 2678 2715 in

424 2746 789 2830 regionibus
837 2746 1206 2825 celebratur,
1256 2748 1457 2812 crucis
1505 2748 1899 2831 processione
1947 2749 2027 2812 ad
2072 2768 2121 2813 S.
2157 2746 2559 2831 sepulchrum
2605 2768 2679 2813 ac

426 2844 851 2929 depositione:
922 2865 1140 2911 verum
1184 2851 1357 2911 tanta
1403 2851 1499 2911 est
1544 2845 2412 2933 veterumqrecentiorumque
2462 2845 2676 2911 catho-

422 2942 688 3009 licorum
739 2945 1163 3028 expositorum
1210 2944 1541 3035 multitudo
1565 2943 1646 3029 ²),
1679 2985 1682 2988 -
1710 2950 1782 3010 ut
1834 2945 1913 3010 ab
1962 2944 2250 3009 omnibus
2310 2943 2409 3009 his
2456 2944 2677 3010 ritibus

423 3039 736 3128 liturgicis
782 3041 1176 3107 declarandis
1224 3042 1445 3107 merito
1494 3032 2031 3126 supersedeamus

609 3164 729 3238 Qui
769 3165 832 3223 in
859 3166 1050 3224 sacris
1087 3164 1262 3241 huJ'us
1287 3164 1501 3224 Tridui
1539 3165 1931 3224 caeremoniis
1959 3165 2329 3239 explicandis
2357 3171 2678 3225 versantur

423 3244 754 3318 scriptores
795 3246 1135 3318 acatholici,
1192 3246 1311 3303 dici
1350 3264 1464 3304 non
1501 3252 1730 3319 potest,
1781 3253 2061 3318 quantum
2109 3247 2169 3304 in
2209 3247 2410 3305 multis
2459 3263 2495 3304 a
2534 3263 2676 3305 vero

426 3326 737 3384 aberrent.
794 3325 893 3383 Ex
932 3326 1005 3385 iis
1045 3327 1106 3384 in
1145 3328 1472 3400 exemplum
1512 3326 1717 3400 accipe
1759 3328 2126 3386 celebratum
2166 3326 2278 3385 Dr.
2317 3328 2675 3400 Augusti,
2765 3340 2770 3345 ·

426 3405 523 3477 qui
564 3406 629 3463 in
669 3406 908 3479 erudito
946 3422 1050 3465 suo
1084 3422 1265 3480 opere
1303 3407 1855 3477 Denkwurdaequceiten
1907 3424 2011 3462 aas
2045 3407 2148 3462 der
2183 3408 2532 3462 christlichen
2570 3410 2677 3463 Ar·

423 3485 702 3555 chaaloqie
739 3492 993 3560 praeter
1012 3487 1135 3545 alia
1155 3486 1413 3545 ridicula
1439 3488 1597 3545 serio
1618 3488 1770 3546 haec
1789 3487 2001 3546 scribit
2035 3494 2192 3546 tomo
2211 3487 2276 3545 2:
2318 3488 2430 3542 Sub
2465 3504 2676 3557 vesper-

421 3565 557 3620 tinis
566 3567 837 3636 precibus
854 3566 960 3621 duo
983 3568 1225 3623 acoluthi
1244 3567 1425 3638 niqris
1442 3567 1623 3622 induti
1638 3568 1844 3623 casulis
1862 3569 2042 3623 omnia
2067 3568 2275 3623 altaria
2296 3568 2417 3622 suis
2440 3569 2678 3638 spoliant

422 3646 769 3701 ornamentis
795 3687 808 3701 .
838 3688 853 3701 .
879 3686 893 3701 .
931 3649 1180 3717 afferunt
1202 3662 1433 3703 coronas
1460 3688 1472 3702 .
1502 3688 1513 3701 .
1544 3688 1559 3703 .
1595 3648 1855 3702 candelas
1883 3648 2241 3718 extituquunt.
2275 3689 2287 3703 .
2317 3689 2329 3701 .
2367 3648 2422 3702 in
2462 3649 2675 3717 quibas-

423 3724 547 3779 dam
567 3726 819 3781 ecclesiis
837 3743 997 3782 cerea
1017 3727 1254 3798 quadam
1272 3728 1530 3799 mana‚(p.
1551 3727 1693 3797 111).
1712 3756 1779 3767 —-
1796 3728 1922 3781 Das
1936 3728 2330 3783 Fusswaschen
2346 3728 2429 3799 (in
2443 3729 2580 3791 Bom
2598 3770 2610 3782 .
2629 3770 2641 3782 .
2661 3771 2672 3782 .

422 3821 493 3859 an
543 3806 649 3861 den
702 3805 772 3860 K
764 3807 1086 3878 &niqshbfen
1136 3848 1149 3862 .
1189 3832 1217 3863 .·
1242 3807 1284 3877 .)
1337 3809 1487 3863 εἰκῆ
1541 3808 1597 3862 in
1652 3808 2022 3863 erclichlceit
2068 3810 2328 3864 zameilen
2379 3825 2453 3863 aa
2500 3810 2672 3864 eituem

608 4002 650 4071 ¹)
690 4002 891 4073 Relege
929 4019 1059 4074 quae
1097 4004 1362 4074 disputata
1398 4005 1449 4059 in
1485 4004 1927 4061 nomenclaturam
1955 4006 2280 4061 Charwoche
2317 4010 2438 4058 sunt
2474 4020 2523 4075 p.
2550 4006 2673 4060 214.

436 4154 449 4160 -
604 4083 650 4151 ²)
691 4082 890 4138 Nostro
942 4085 1038 4139 hoc
1087 4085 1293 4140 sacculo
1341 4090 1461 4156 post
1511 4085 1853 4141 Binterim
1904 4084 2490 4156 Denkwurdiqlceiten,
2543 4090 2584 4139 t.
2623 4087 2674 4151 5,

419 4169 556 4233 part.
596 4166 649 4230 1,
688 4180 734 4218 c.
773 4164 828 4230 4,
868 4164 899 4233 ξ
937 4166 988 4231 7,
1026 4165 1269 4219 sublimes
1306 4166 1485 4220 harum
1525 4167 1962 4221 caeremoniarum
1990 4168 2217 4221 rationes
2256 4181 2319 4218 ex
2344 4168 2515 4218 mente
2542 4167 2674 4220 anti·

420 4259 635 4313 quorum
678 4243 1057 4298 Rationalium
1096 4260 1285 4314 magna
1320 4245 1590 4315 diligentia
1628 4247 1868 4316 exposuit
1891 4247 1955 4300 D.
1984 4247 2109 4300 Pro
2128 4262 2214 4314 sp.
2242 4245 2672 4313 Gueranger,

419 4325 613 4377 Αιυιέε
650 4321 974 4393 liturqt'que,
1009 4324 1148 4377 viam
1184 4325 1268 4393 pio
1293 4324 1473 4379 lectori
1501 4325 1769 4394 pandendo
1799 4342 1899 4379 non
1925 4326 2087 4379 solum
2113 4325 2176 4378 ad
2203 4324 2469 4378 decentem
2492 4323 2673 4377 horum

419 4405 612 4459 rituum
653 4404 1061 4472 observantiam,
1098 4404 1285 4458 verum'
1315 4406 1472 4460 etiam
1509 4406 1574 4459 ad
1600 4422 1802 4460 omnem
1841 4407 2138 4460 interiorem
2176 4404 2331 4474 atque
2357 4403 2673 4458 reconditam

420 4484 701 4539 eorundem
741 4483 1110 4555 cognitionem.
