3514 5391
569 511 809 580 Κυριακὴ
850 515 957 565 τοῦ
1002 510 1240 565 τελώνου
1278 514 1367 563 καὶ
1403 514 1506 564 τοῦ
1542 516 1861 582 φαρισιιίου.
1919 514 2067 568 Dom.
2106 522 2227 571 anto
2253 518 2499 590 Septuag.
2630 521 2661 573 7

437 712 771 800 ποιηκότες,
826 714 1003 801 πρὸς
1049 715 1198 794 τοὺς
1244 716 1490 800 ἀγῶνας

436 810 770 898 προθύμως
789 812 1365 896 ἐπαποδύσωνται,
1381 814 1488 880 καὶ

434 911 489 976 τὸ
532 912 699 999 πρός
758 908 981 999 χρείαν
1037 913 1487 1004 περιποὴσων-

432 1034 543 1076 ται·
592 1011 913 1089 πολλάκις
962 1010 1034 1077 δὲ
1080 1012 1185 1078 καὶ
1216 1013 1346 1098 πρὸ
1378 1019 1490 1102 τῆς

433 1110 758 1200 συμβολῆς,
783 1111 891 1177 καὶ
917 1110 1164 1195 λόγους,
1189 1112 1298 1178 καὶ
1316 1107 1486 1178 ἱστο-

432 1206 574 1293 ρίας,
610 1208 721 1275 καὶ
741 1206 1239 1296 παραδείγματα
1271 1209 1489 1288 αὐτοῖς

434 1308 860 1397 ἐπιφέρουσιν,
910 1305 1005 1387 εἷς
1035 1309 1224 1397 ζῆλον
1258 1309 1486 1398 ὑπερε-

434 1403 716 1489 θίζοντες
771 1407 888 1485 τὰς
946 1403 1203 1474 ἐκείνων
1258 1409 1489 1498 ψυχάς,

434 1506 530 1571 τόν
566 1530 641 1572 τε
671 1505 880 1590 ὄκνον,
927 1507 1038 1571 καὶ
1072 1503 1337 1593 δειλίαν,
1384 1508 1491 1573 καὶ

431 1600 766 1691 ῥαθυμίαν,
813 1604 924 1670 καὶ
954 1605 1112 1670 ὔλλο
1157 1602 1226 1672 εἷ’
1264 1631 1329 1671 τι
1360 1631 1490 1671 κιν-

432 1703 697 1783 δυνῶδες
740 1703 1286 1790 ἀποτρεπόμενοι·
1326 1704 1492 1770 οὕτω

432 1802 525 1867 καὶ
573 1797 635 1869 οἱ
682 1806 856 1869 θεῖοι
884 1801 1172 1887 Πατέρες
1201 1804 1493 1891 προσαλ-

436 1897 689 1982 πίζουσι
737 1901 852 1990 τὴν
890 1900 1199 1990 ἐσομένην
1242 1907 1354 1990 τῆς
1388 1928 1492 1990 νη-

441 1996 643 2078 στείας
725 1999 892 2065 κατὰ
969 2005 1099 2065 τιῑν
1172 1999 1495 2085 δαιμόνων

440 2099 808 2186 παράταξιν,
870 2096 958 2175 ὥς
1005 2094 1082 2162 ἂν
1126 2094 1195 2164 εἷ’
1232 2122 1297 2164 τι
1351 2102 1496 2176 ταῖς

444 2202 663 2285 Ψυχαῖς
722 2195 898 2285 ἡμῶν
944 2196 1495 2286 προκατειλημμέ-

443 2319 538 2359 νον
577 2294 829 2373 πάθος,
878 2294 988 2360 καὶ
1022 2290 1124 2361 ἶὸν
1151 2301 1245 2381 τῷ
1272 2300 1497 2382 μακρῷ

440 2390 858 2481 ἐργασάμενον
902 2393 1109 2478 χρόνῳ
1155 2391 1495 2460 ἀποκαθά-

439 2515 664 2575 ρανι-ες·
715 2488 815 2557 ἔτι
863 2490 954 2575 δὲ,
1003 2490 1112 2556 καὶ
1158 2488 1195 2557 ὃ
1239 2491 1326 2579 μὴ
1353 2487 1493 2574 ἔχο·

438 2617 537 2675 μεν
580 2598 713 2657 τῶν
744 2590 1035 2675 ἀγαθῶν,
1084 2589 1497 2656 σπουδάσαν-

438 2716 527 2769 τες
570 2689 921 2780 κτήσωμεν,
970 2688 1079 2755 καὶ
1125 2678 1212 2768 ὧς
1257 2695 1495 2780 apocri}-

441 2815 538 2856 κον
610 2789 1218 2871 καθοπλισάμενοι,
1300 2788 1500 2867 οὕτως

442 2888 678 2974 ἕτοιμοι
701 2887 871 2974 πρὸς
891 2887 1043 2965 τοὺς
1068 2893 1180 2976 τῆς
1212 2883 1501 2976 νηστείας

444 2986 674 3065 ἀγῶνας
720 2984 1121 3075 χωρήσωμεν.

1596 720 1809 784 ineant
1824 724 1888 784 et
1903 720 2254 784 necessaria
2270 725 2633 803 comparent
2647 742 2660 796 3

1598 837 1785 902 saepe
1802 817 1990 883 etiam
2010 822 2151 883 ante
2171 838 2446 903 pugnam
2461 819 2663 903 ipsam

1599 923 1662 982 et
1722 936 2043 982 semones
2119 920 2180 982 et
2245 917 2535 982 historias
2603 922 2664 983 et

1599 1015 1883 1100 exempla
1953 1015 2107 1101 ipsis
2171 1021 2522 1100 proponunt
2588 1018 2663 1081 ad

1598 1114 2076 1179 aemulationem
2143 1134 2355 1179 eorum
2416 1115 2666 1201 ingenia

1598 1214 1958 1291 excitanteS‚
2012 1218 2072 1278 et
2118 1213 2445 1298 segnitiem
2497 1218 2560 1278 et
2587 1213 2664 1278 ti-

1600 1332 1840 1377 morem
1874 1316 1938 1377 et
1966 1312 2296 1397 ignaviam,
2348 1317 2410 1376 et
2434 1313 2485 1377 si
2517 1312 2662 1395 quid

1602 1411 1768 1478 aliud
1817 1414 1930 1488 est,
1982 1411 2147 1493 quod
2192 1409 2527 1475 discrimen
2574 1409 2664 1474 af-

1603 1512 1766 1576 ferre
1813 1512 2048 1593 potest,
2112 1507 2511 1593 repellentes:
2576 1510 2667 1573 sic

1602 1613 1663 1674 et
1711 1608 1907 1673 sancti
1939 1607 2161 1672 Patres
2189 1607 2666 1673 subsecuturam

1593 1706 1813 1792 jejunii
1861 1710 2075 1771 contra
2102 1706 2436 1771 daemones
2469 1706 2666 1770 aciem

1602 1806 2054 1890 praeintonant,
2115 1808 2202 1882 ut,
2254 1804 2305 1868 si
2353 1805 2492 1888 quis
2540 1805 2669 1869 ani-

1600 1905 1823 1969 mabus
1887 1903 2116 1969 nostris
2173 1901 2432 1968 affectus
2489 1907 2670 1968 antea

1601 2003 1955 2068 inhaeserat
2002 2006 2063 2067 et
2098 2001 2448 2087 rubiginem
2483 2001 2669 2087 longo

1603 2107 1885 2185 tempore
1934 2104 2356 2177 contraxerat,
2427 2120 2500 2165 eo
2565 2120 2668 2165 ex-

1604 2204 1888 2284 purgato,
1956 2218 2198 2263 necnon
2262 2200 2426 2281 quod
2489 2199 2670 2263 nobis

1605 2300 1782 2363 deest
1828 2316 1902 2362 ex
1947 2297 2128 2362 bonis
2176 2296 2381 2362 studio
2430 2302 2491 2362 et
2537 2296 2673 2361 dili-

1605 2396 1818 2483 gentia
1838 2400 2288 2480 comparantes,
2318 2400 2397 2469 et,
2424 2400 2494 2459 ut
2516 2415 2672 2479 opus

1607 2500 1720 2575 est,
1771 2494 2056 2559 instructi
2105 2495 2182 2558 ad
2220 2492 2440 2576 jejunii
2471 2497 2669 2557 certa-

1606 2595 1777 2659 mina
1822 2596 2108 2676 prompte
2157 2591 2544 2657 accedamus.

445 3096 671 3163 Dicitur
718 3116 871 3182 ergo
918 3092 1454 3182 προςφωνήσιμος
1487 3115 1936 3184 praemonens,
1996 3091 2379 3155 denuntians
2439 3091 2676 3156 hebdo-

444 3217 583 3274 mas,
632 3195 813 3280 quasi
862 3194 1144 3260 indicens
1191 3195 1636 3261 subsecuturae
1685 3191 2208 3277 Quadragesimae
2257 3190 2518 3254 initium.

606 3303 745 3368 Nec
817 3300 1103 3366 dissimili
1170 3302 1407 3368 ratione
1479 3298 1958 3388 ἄρτζιβούριον,
2046 3293 2503 3384 ἅρτζηβούριον
2579 3297 2676 3362 vel

449 3398 900 3484 ἅρτζοβούριον
948 3405 1217 3476 vocatur,
1282 3401 1468 3483 quod,
1527 3403 1779 3465 notante
1827 3397 2014 3462 etiam
2062 3397 2472 3463 Asseman.
2524 3396 2676 3461 Kal.

449 3498 598 3567 Eccl.
657 3499 733 3564 U.
784 3505 955 3564 tomo
1003 3498 1064 3577 6,
1130 3519 1192 3583 p.
1240 3498 1406 3577 580,
1473 3490 1896 3565 Armenorum
1942 3494 2206 3561 dialecto
2264 3494 2682 3558 artziburium

443 3600 704 3684 (proprie
754 3597 1195 3682 aratschavor)
1245 3617 1491 3682 quoque
1519 3599 1811 3662 nuntium
1840 3593 2230 3682 (praevium)
2278 3593 2586 3678 significet
2609 3593 2677 3675 ¹).

1069 3764 1177 3823 De
1217 3764 1504 3838 jejunio
1548 3755 2046 3842 Ἀρτζιβούριον.

610 3889 669 3950 A
718 3885 924 3969 primo
970 3881 1090 3947 hoc
1138 3902 1325 3948 sensu
1373 3882 1740 3948 translatum
1789 3880 2105 3947 artziburii
2161 3837 2528 3946 vocabulum
2589 3884 2683 3942 est

440 3984 512 4048 ad
558 3984 768 4068 ipsum
810 3980 1119 4064 jejunium
1168 3982 1402 4067 primae
1451 3981 1688 4064 classis,
1757 3980 1924 4064 quod
1985 3977 2245 4043 Armeni
2311 3997 2384 4041 ea
2441 3976 2680 4040 hebdo-

619 4153 657 4220 ¹)
698 4152 789 4207 Sic
828 4155 883 4204 et
921 4148 1233 4217 IsaaouS,
1282 4136 1638 4206 Armeniae
1678 4148 2105 4212 catholicuS,
2145 4146 2351 4199 saeculo
2373 4144 2458 4208 12,
2504 4143 2685 4197 obscu-

441 4248 559 4286 rum
594 4229 909 4288 artzz'burii
927 4229 1207 4298 jejunium
1245 4228 1443 4284 dictum
1467 4228 1980 4300 prosphonesimum
2018 4225 2144 4297 (τὴν
2168 4226 2553 4292 ἐσκοτισμένην
2590 4241 2685 4287 νη-

442 4317 624 4365 στείαν
662 4314 768 4364 τοῦ
806 4308 1202 4378 ἅρῐζηβουριόυ
1239 4308 1338 4373 τὴν
1373 4310 1678 4379 λεγομένην
1714 4305 2217 4378 προσφωνήσιμον)
2253 4308 2408 4358 vocat
2450 4304 2601 4355 Orat.
2628 4305 2682 4355 3.

439 4397 623 4448 contra
663 4395 965 4456 Armenoc,
1002 4389 1225 4446 haeresi
1258 4389 1354 4458 23,
1404 4390 1539 4462 apud
1576 4390 1765 4462 Migne,
1805 4388 1946 4442 Patr.
1986 4404 2065 4458 gr.
2104 4392 2225 4441 tom.
2267 4385 2386 4448 132,
2424 4397 2506 4452 pp.
2547 4382 2688 4438 1233
