3514 5391
801 516 872 569 32
998 570 1005 576 ,
1389 514 1548 569 Festa
1584 515 1793 569 mobilia
1830 520 1950 569 ante
1987 514 2460 586 Quadragesimam.

809 716 1197 801 dragesimae
1244 715 1495 779 demum
1544 712 1818 800 πρώτην,
1849 718 1979 779 τῶν
2025 719 2345 800 νηστειῶν.
2445 715 2601 783 Vide
2633 736 2806 800 quae
2853 717 3048 781 ea'de

805 835 872 879 re
921 814 1169 897 scripsit
1214 812 1601 877 Petavius
1661 812 1724 876 in
1772 807 2171 898 Προθεωρίᾳ
2218 813 2305 878 ad
2352 813 2754 897 Breviarium
2797 814 3050 878 histori-

808 935 944 976 cum
990 932 1039 978 s,
1089 911 1432 1074 Νἰοὸθξὲιοτί
1481 909 1818 989 cpolitani,
1869 912 2032 996 apud
2064 912 2299 997 Migne‚
2349 911 2518 977 Patr.
2566 930 2660 999 gr.
2711 918 2862 980 tom.
2904 911 3046 989 100,

810 1032 910 1095 pp.
963 1011 1179 1075 871—
1324 1062 1337 1076 .
1819 1050 1824 1054 -

988 1212 1051 1271 K
1052 1200 1415 1293 ρεωφαγιάς
1463 1202 1708 1293 ἡμέραι.

984 1350 1100 1417 Est
1142 1350 1332 1436 igitur
1380 1344 1416 1435 ἡ
1460 1347 1722 1436 κυριακῇ·
1783 1351 1894 1433 τῆς
1942 1346 2239 1434 ἅπόκρεω
2300 1336 2430 1415 sire
2478 1346 2517 1436 ἡ
2562 1344 3052 1432 ἀποκρεώσιμος

807 1446 990 1536 ἑορτή
1020 1449 1367 1533 ¹)-ultimus
1413 1447 1548 1512 dies
1592 1450 1704 1533 τῆς
1750 1441 2181 1534 κρεωφαγιάςε
2231 1468 2353 1532 quo
2396 1449 2648 1513 nominc
2695 1448 2756 1512 in
2785 1445 3049 1531 pascha-

808 1549 903 1614 liis
966 1546 1344 1615 Graecorum
1412 1551 1660 1630 tempus
1719 1547 1889 1613 venit
1948 1567 1986 1611 a
2032 1546 2239 1612 Natali
2308 1548 2383 1611 ad
2421 1546 2611 1612 ‘hanc
2655 1546 3050 1611 Dominicam

809 1647 1282 1732 Sexagesimae,
1367 1663 1489 1728 quo
1556 1644 1836 1710 carnium
1904 1665 2047 1711 esus
2113 1645 2499 1731 indulgetur,
2582 1638 2670 1711 uti
2729 1636 2864 1730 ipso
2935 1644 3052 1708 hoc

810 1765 971 1810 anno
1034 1743 1203 1809 1896
1268 1747 1548 1808 notatum
1614 1744 1919 1826 reperies:
2001 1740 2037 1830 ἡ
2098 1740 2409 1825 ἄποκρέα’
2469 1735 2873 1827 Ἰανουαρίου
2934 1740 3053 1830 κη’,

809 1849 994 1927 atque
1040 1843 1217 1907 inde:
1281 1833 1682 1925 κρεωφαγίας
1727 1838 1953 1928 ἡμέραι
2002 1840 2113 1908 λε’.
2209 1842 2578 1927 Appellatur
2633 1844 2695 1907 in
2743 1843 3053 1909 Kalenda-

813 1942 920 2008 riis
967 1939 1308 2006 slavi'cis
1354 1942 1685 2028 mjasojast
1732 1940 1863 2006 sive
1909 1938 2376 2030 ny'aeojasttjm
2422 1942 2483 2005 in
2522 1943 2874 2007 rumenis
2922 1940 3054 2005 dul-

811 2037 935 2103 σεῖό
982 2039 1110 2103 sive
1156 2058 1450 2101 mancare
1497 2037 1574 2100 de
1621 2061 1848 2117 carim,-
1896 2039 1956 2103 in
2006 2038 2369 2104 arabicis
2417 2034 2784 2125 Effert-chet.

1171 2250 1558 2309 Dominica
1608 2250 1917 2309 secundi
1964 2250 2339 2310 adventus
2379 2246 2708 2339 Domini.

992 2386 1399 2473 Synaxarium
1467 2388 1652 2472 hujus
1715 2389 1836 2453 diei
1901 2389 2293 2453 inscribitur:
2365 2393 2457 2476 Τῇ
2506 2386 2659 2476 αι’τῖ,
2707 2386 2905 2476 ἡμέρᾳ
2949 2392 3061 2475 τῆς

815 2485 1113 2570 δευτέρας
1156 2482 1264 2549 καὶ
1314 2482 1668 2550 ἀδεκάστου
1714 2481 2078 2571 παρουσίας
2137 2491 2253 2550 τοῦ
2300 2490 2590 2573 Χριστοῦ
2634 2481 2857 2571 μνείαν
2901 2510 3058 2551 ποι-

815 2584 1089 2669 ούμεθα,
1150 2589 1475 2668 totumque
1522 2586 1798 2653 officium
1849 2587 1935 2651 de*
1976 2587 2192 2651 eodem
2251 2585 2369 2652 hoc
2418 2576 2689 2650 secundo
2751 2597 2811 2650 et
2854 2609 3057 2651 mune·

815 2685 990 2750 vibus
1052 2706 1181 2749 non
1241 2695 1535 2770 corrupto
1599 2684 1875 2749 adventu
1930 2682 2165 2749 Christi
2223 2686 2313 2750 fit.
2407 2685 2505 2751 Ne
2561 2688 2920 2770 'peccatores
2971 2684 3060 2749 'de

818 2783 1058 2849 infinita
1104 2783 1217 2848 Dei
1270 2784 1712 2862 misericordia,
1765 2784 2280 2868 praecedentibus
2327 2784 2671 2850 Dominicis
2717 2784 2885 2849 varie
2923 2782 3060 2848 illu-

817 2887 1026 2960 strata,
1089 2882 1278 2966 impie
1326 2888 1796 2967 praesumentes
1845 2902 2102 2966 peccare
2150 2887 2514 2967 pergerent,
2584 2883 2888 2948 sancitum
2947 2888 3060 2952 est,

818 2986 885 3047 ut
944 2982 1064 3048 hoc
1121 2982 1220 3046 die
1269 2982 1576 3046 secundus
1642 2992 1702 3045 et
1756 2981 2117 3045 muneribus
2173 3004 2303 3045 non
2361 2992 2693 3068 corruptus
2715 2981 2769 3066 2)
2835 2981 3060 3046 summi

813 3080 1040 3162 judicis
1089 3079 1394 3144 adventus
1456 3080 1905 3145 celebraretur:
1971 3080 2259 3148 omnibus
2306 3079 2619 3157 nimirum,
2688 3079 2792 3163 qui
2850 3099 3065 3144 conse-

822 3178 975 3261 pulti
1023 3181 1167 3242 sunt
1212 3178 1393 3254 vitiis,
1445 3179 1705 3242 districti
1748 3177 1966 3262 judicii
2015 3182 2185 3243 metu
2227 3177 2628 3243 vehementer
2676 3178 2955 3242 excitatis
2987 3177 3062 3256 ad

820 3277 1073 3362 dignam
1121 3276 1566 3360 poenitentiam
1610 3275 1731 3340 hoc
1780 3281 2057 3360 tempore
2107 3277 2324 3341 salutis
2373 3277 2699 3361 agendam.
2793 3275 2862 3339 Id
2911 3295 3063 3358 quo-

824 3376 1008 3439 modo
1057 3375 1421 3442 auctoritate
1470 3375 1727 3440 Patrum
1776 3376 1876 3460 pie
1924 3374 2336 3459 religioseque
2385 3381 2683 3451 servetur,
2752 3393 2826 3438 ex
2872 3374 3066 3457 ipsius

830 3474 1139 3557 synaxarii
1187 3474 1390 3558 priore
1439 3479 1613 3558 parte
1662 3474 1873 3558 accipe
1895 3472 1966 3557 ³).

1011 3745 1049 3809 ⁸)
1090 3741 1171 3795 Ita
1195 3740 1327 3795 diem
1352 3741 1486 3794 hunc
1513 3740 1820 3794 dominicum
1845 3739 2075 3809 appellat
2100 3755 2140 3792 s,
2169 3739 2406 3794 Maxim
2422 3755 2493 3792 us
2517 3753 2569 3793 m
2585 3743 2804 3810 artyr‚
2834 3738 3070 3809 Comput.

824 3822 1030 3888 eccles„
1067 3838 1110 3875 c,
1149 3822 1236 3888 21,
1275 3822 1549 3890 desinitque
1588 3820 1685 3885 τὴν
1722 3824 2076 3890 παρείςβασιν
2112 3822 2222 3873 τῶν
2258 3817 2436 3887 ἁγίων
2474 3822 2750 3885 νηστειῶν,
2789 3820 3069 3874 introitum

823 3905 1133 3957 sanctorum
1157 3901 1502 3971 jejuniorum
1516 3916 1541 3968 ,·
1603 3905 1921 3972 quapropter
1985 3902 2196 3955 eandem
2262 3901 2658 3970 appellationem
2718 3906 2862 3955 recte
2912 3900 3073 3955 vertit

824 3984 1152 4037 Petavius
1199 3983 1438 4036 ineuntis
1460 3982 1678 4051 jejunii
1698 3985 1911 4053 festum
1950 3981 2129 4048 diem,·
2179 3980 2313 4051 apud
2351 3981 2554 4051 Migne,
2605 3981 2749 4036 Patr.
2787 3998 2868 4050 gr.
2907 3989 2948 4035 t.
2987 3982 3073 4040 19,

1006 4143 1050 4212 ²)
1088 4142 1421 4204 Ἀδέκασιος,
1457 4142 1554 4212 qui
1586 4159 1691 4197 non
1730 4145 1816 4198 est
1850 4146 2139 4212 corruptus
2175 4141 2503 4212 accipiendis
2534 4142 2869 4208 muneribus,
2921 4159 2953 4197 a
2989 4140 3075 4195 δε-

824 4222 982 4286 κάζω,
1021 4239 1306 4293 corrumpo
1325 4224 1638 4293 Iarqitione,
1665 4241 1912 4290 munere,
1948 4224 2080 4295 quod
2108 4224 2386 4280 secundum
2410 4224 2688 4278 Curtius
2725 4223 2760 4276 l.
2781 4239 2842 4289 c.,
2881 4239 2929 4293 p.
2952 4224 3075 4290 497,

829 4304 1192 4374 frequentativi
1231 4304 1397 4357 instar
1432 4305 1657 4357 refertur
1694 4304 1760 4358 ad
1796 4306 2007 4358 verbum
2046 4304 2304 4374 δέχομαι,
2342 4304 2513 4374 (sapic,
2551 4303 2768 4373 accipio·

1011 4382 1056 4452 ⁸)
1096 4384 1329 4439 Selectos
1368 4389 1544 4439 textus
1582 4401 1770 4453 graece
1808 4386 1948 4439 lectu
1985 4385 2168 4454 dignos
2204 4401 2306 4439 non
2343 4399 2546 4454 semper
2583 4401 2695 4440 cum
2733 4384 2895 4440 latino
2932 4401 2960 4438 e
2999 4400 3077 4437 re-

828 4466 979 4534 gione
1020 4464 1380 4535 imprimendos
1419 4481 1684 4532 curamue,
1734 4471 1794 4519 ut-
1845 4467 2076 4537 utrisque
2127 4466 2407 4521 lectoribus
2454 4464 2851 4530 satisfaciamu3‚
2903 4467 2956 4516 et
2993 4463 3078 4516 do-
