<?xml version="1.0" encoding="UTF-8"?>
<!DOCTYPE html PUBLIC "-//W3C//DTD XHTML 1.0 Transitional//EN"
    "http://www.w3.org/TR/xhtml1/DTD/xhtml1-transitional.dtd">
<html xmlns="http://www.w3.org/1999/xhtml" xml:lang="en" lang="en">
 <head>
  <title>
</title>
<meta http-equiv="Content-Type" content="text/html;charset=utf-8" />
  <meta name='ocr-system' content='tesseract 3.04.00' />
  <meta name='ocr-capabilities' content='ocr_page ocr_carea ocr_par ocr_line ocrx_word'/>
</head>
<body>
  <div class='ocr_page' id='page_1' title='image "./kalendariummanu00nillgoog_0728.png"; bbox 0 0 3514 5391; ppageno 0'>
   <div class='ocr_carea' id='block_1_1' title="bbox 855 528 961 586">
    <p class='ocr_par' dir='ltr' id='par_1_1' title="bbox 855 528 961 586">
     <span class='ocr_line' id='line_1_1' title="bbox 855 528 961 586; baseline 0.009 -1"><span class='ocrx_word' id='word_1_1' title='bbox 855 528 961 586; x_wconf 86' lang='grc'>686</span> 
     </span>
    </p>
   </div>
   <div class='ocr_carea' id='block_1_2' title="bbox 856 725 962 1290">
    <p class='ocr_par' dir='ltr' id='par_1_2' title="bbox 856 725 962 1290">
     <span class='ocr_line' id='line_1_2' title="bbox 856 725 961 790; baseline 0.019 -3"><span class='ocrx_word' id='word_1_2' title='bbox 856 725 961 790; x_wconf 82' lang='grc'>25.</span> 
     </span>
     <span class='ocr_line' id='line_1_3' title="bbox 856 849 961 914; baseline 0 -1"><span class='ocrx_word' id='word_1_3' title='bbox 856 849 961 914; x_wconf 83' lang='grc'>26.</span> 
     </span>
     <span class='ocr_line' id='line_1_4' title="bbox 857 974 960 1039; baseline 0.019 -3"><span class='ocrx_word' id='word_1_4' title='bbox 857 974 960 1039; x_wconf 83' lang='grc'>27.</span> 
     </span>
     <span class='ocr_line' id='line_1_5' title="bbox 857 1099 962 1163; baseline 0.01 -1"><span class='ocrx_word' id='word_1_5' title='bbox 857 1099 962 1163; x_wconf 82' lang='grc'>28.</span> 
     </span>
     <span class='ocr_line' id='line_1_6' title="bbox 858 1226 962 1290; baseline 0.029 -3"><span class='ocrx_word' id='word_1_6' title='bbox 858 1226 962 1290; x_wconf 86' lang='grc'>29.</span> 
     </span>
    </p>
   </div>
   <div class='ocr_carea' id='block_1_3' title="bbox 864 3036 971 3724">
    <p class='ocr_par' dir='ltr' id='par_1_3' title="bbox 864 3036 971 3724">
     <span class='ocr_line' id='line_1_7' title="bbox 865 3036 970 3102; baseline 0 -1"><span class='ocrx_word' id='word_1_7' title='bbox 865 3036 970 3102; x_wconf 86' lang='grc'>30.</span> 
     </span>
     <span class='ocr_line' id='line_1_8' title="bbox 864 3162 968 3226; baseline 0 0"><span class='ocrx_word' id='word_1_8' title='bbox 864 3162 968 3226; x_wconf 89' lang='grc'>31.</span> 
     </span>
     <span class='ocr_line' id='line_1_9' title="bbox 864 3287 969 3352; baseline 0.029 -3"><span class='ocrx_word' id='word_1_9' title='bbox 864 3287 969 3352; x_wconf 81' lang='lat'>32.</span> 
     </span>
     <span class='ocr_line' id='line_1_10' title="bbox 864 3411 971 3477; baseline 0.009 -1"><span class='ocrx_word' id='word_1_10' title='bbox 864 3411 971 3477; x_wconf 86' lang='lat'>33.</span> 
     </span>
     <span class='ocr_line' id='line_1_11' title="bbox 864 3535 968 3599; baseline 0 0"><span class='ocrx_word' id='word_1_11' title='bbox 864 3535 968 3599; x_wconf 86' lang='lat'>34.</span> 
     </span>
     <span class='ocr_line' id='line_1_12' title="bbox 865 3660 968 3724; baseline 0 -1"><span class='ocrx_word' id='word_1_12' title='bbox 865 3660 968 3724; x_wconf 75' lang='lat'>35.</span> 
     </span>
    </p>
   </div>
   <div class='ocr_carea' id='block_1_4' title="bbox 1543 524 2422 584">
    <p class='ocr_par' dir='ltr' id='par_1_4' title="bbox 1543 524 2422 584">
     <span class='ocr_line' id='line_1_13' title="bbox 1543 524 2422 584; baseline 0.001 -1"><span class='ocrx_word' id='word_1_13' title='bbox 1543 530 1720 584; x_wconf 78' lang='lat' dir='ltr'>Annus</span> <span class='ocrx_word' id='word_1_14' title='bbox 1760 525 1942 584; x_wconf 73' lang='lat' dir='ltr'>eccles-</span> <span class='ocrx_word' id='word_1_15' title='bbox 1981 524 2030 583; x_wconf 86' lang='lat' dir='ltr'>N</span> <span class='ocrx_word' id='word_1_16' title='bbox 2032 525 2422 584; x_wconf 74' lang='lat' dir='ltr'>satorianorum.</span> 
     </span>
    </p>
   </div>
   <div class='ocr_carea' id='block_1_5' title="bbox 1012 723 3081 1182">
    <p class='ocr_par' dir='ltr' id='par_1_5' title="bbox 1012 723 2102 807">
     <span class='ocr_line' id='line_1_14' title="bbox 1012 723 2102 807; baseline -0.003 -18"><span class='ocrx_word' id='word_1_17' title='bbox 1012 725 1338 798; x_wconf 84' lang='lat' dir='ltr'>Dominica</span> <span class='ocrx_word' id='word_1_18' title='bbox 1384 725 1651 807; x_wconf 83' lang='lat' dir='ltr'>septima</span> <span class='ocrx_word' id='word_1_19' title='bbox 1695 723 2102 807; x_wconf 79' lang='lat' dir='ltr'>Epiphaniae.</span> 
     </span>
    </p>

    <p class='ocr_par' dir='ltr' id='par_1_6' title="bbox 1013 847 3081 1056">
     <span class='ocr_line' id='line_1_15' title="bbox 1014 847 3081 932; baseline -0 -19"><span class='ocrx_word' id='word_1_20' title='bbox 1014 848 1244 914; x_wconf 80' lang='lat' dir='ltr'>Octava</span> <span class='ocrx_word' id='word_1_21' title='bbox 1271 849 1425 912; x_wconf 87' lang='lat' dir='ltr'>feria</span> <span class='ocrx_word' id='word_1_22' title='bbox 1474 847 1578 912; x_wconf 91' lang='lat' dir='ltr'>VI.</span> <span class='ocrx_word' id='word_1_23' title='bbox 1612 848 2020 932; x_wconf 82' lang='lat' dir='ltr'>Epiphaniae,</span> <span class='ocrx_word' id='word_1_24' title='bbox 2074 847 2581 912; x_wconf 79' lang='lat' dir='ltr'>commemoratio</span> <span class='ocrx_word' id='word_1_25' title='bbox 2611 847 2703 911; x_wconf 90' lang='lat'>40</span> <span class='ocrx_word' id='word_1_26' title='bbox 2732 853 3081 932; x_wconf 84' lang='lat' dir='ltr'>martyrum.</span> 
     </span>
     <span class='ocr_line' id='line_1_16' title="bbox 1013 972 2059 1056; baseline 0.001 -18"><span class='ocrx_word' id='word_1_27' title='bbox 1013 973 1340 1038; x_wconf 90' lang='lat' dir='ltr'>Dominica</span> <span class='ocrx_word' id='word_1_28' title='bbox 1386 979 1599 1038; x_wconf 82' lang='lat' dir='ltr'>octava</span> <span class='ocrx_word' id='word_1_29' title='bbox 1652 972 2059 1056; x_wconf 79' lang='lat' dir='ltr'>Epiphaniae.</span> 
     </span>
    </p>

    <p class='ocr_par' dir='ltr' id='par_1_7' title="bbox 1014 1098 3032 1182">
     <span class='ocr_line' id='line_1_17' title="bbox 1014 1098 3032 1182; baseline 0 -19"><span class='ocrx_word' id='word_1_30' title='bbox 1014 1099 1197 1163; x_wconf 86' lang='lat' dir='ltr'>Nona</span> <span class='ocrx_word' id='word_1_31' title='bbox 1246 1099 1399 1164; x_wconf 88' lang='lat' dir='ltr'>feria</span> <span class='ocrx_word' id='word_1_32' title='bbox 1434 1098 1538 1162; x_wconf 84' lang='lat' dir='ltr'>VI.</span> <span class='ocrx_word' id='word_1_33' title='bbox 1591 1098 1978 1182; x_wconf 80' lang='lat' dir='ltr'>Epiphaniae</span> <span class='ocrx_word' id='word_1_34' title='bbox 2028 1098 2536 1162; x_wconf 80' lang='lat' dir='ltr'>commemoratio</span> <span class='ocrx_word' id='word_1_35' title='bbox 2586 1100 3032 1164; x_wconf 76' lang='lat' dir='ltr'>defunctorum.</span> 
     </span>
    </p>
   </div>
   <div class='ocr_carea' id='block_1_6' title="bbox 1013 1223 3111 2294">
    <p class='ocr_par' dir='ltr' id='par_1_8' title="bbox 1014 1223 3090 1407">
     <span class='ocr_line' id='line_1_18' title="bbox 1014 1223 3090 1309; baseline -0 -21"><span class='ocrx_word' id='word_1_36' title='bbox 1014 1226 1346 1289; x_wconf 83' lang='lat' dir='ltr'>Dominica</span> <span class='ocrx_word' id='word_1_37' title='bbox 1393 1225 1713 1306; x_wconf 70' lang='lat' dir='ltr'>ingressus</span> <span class='ocrx_word' id='word_1_38' title='bbox 1754 1224 1970 1307; x_wconf 88' lang='lat' dir='ltr'>jejunii</span> <span class='ocrx_word' id='word_1_39' title='bbox 2024 1241 2130 1287; x_wconf 85' lang='lat' dir='ltr'>sen</span> <span class='ocrx_word' id='word_1_40' title='bbox 2183 1224 2382 1307; x_wconf 88' lang='lat' dir='ltr'>prima</span> <span class='ocrx_word' id='word_1_41' title='bbox 2421 1224 2635 1308; x_wconf 87' lang='lat' dir='ltr'>jejunii</span> <span class='ocrx_word' id='word_1_42' title='bbox 2688 1223 3090 1309; x_wconf 76' lang='lat' dir='ltr'>Quadi-agesi-</span> 
     </span>
     <span class='ocr_line' id='line_1_19' title="bbox 1014 1313 2114 1407; baseline 0.002 -21"><span class='ocrx_word' id='word_1_43' title='bbox 1014 1324 1192 1388; x_wconf 87' lang='lat' dir='ltr'>malis</span> <span class='ocrx_word' id='word_1_44' title='bbox 1243 1322 1884 1407; x_wconf 76' lang='lat' dir='ltr'>(Quinquagesimae).</span> <span class='ocrx_word' id='word_1_45' title='bbox 2107 1313 2114 1320; x_wconf 57' lang='lat'><em>⁰</em></span> 
     </span>
    </p>

    <p class='ocr_par' dir='ltr' id='par_1_9' title="bbox 1023 1421 3093 1603">
     <span class='ocr_line' id='line_1_20' title="bbox 1160 1421 3093 1506; baseline -0.001 -21"><span class='ocrx_word' id='word_1_46' title='bbox 1160 1421 1517 1504; x_wconf 83' lang='lat' dir='ltr'>Sequuntur</span> <span class='ocrx_word' id='word_1_47' title='bbox 1565 1422 1929 1486; x_wconf 85' lang='lat' dir='ltr'>Dominicae</span> <span class='ocrx_word' id='word_1_48' title='bbox 1978 1425 2038 1485; x_wconf 90' lang='lat' dir='ltr'>et</span> <span class='ocrx_word' id='word_1_49' title='bbox 2085 1421 2275 1486; x_wconf 86' lang='lat' dir='ltr'>feriae</span> <span class='ocrx_word' id='word_1_50' title='bbox 2317 1421 2530 1503; x_wconf 82' lang='lat' dir='ltr'>jejunii</span> <span class='ocrx_word' id='word_1_51' title='bbox 2580 1440 2780 1504; x_wconf 87' lang='lat' dir='ltr'>usque</span> <span class='ocrx_word' id='word_1_52' title='bbox 2810 1424 2887 1486; x_wconf 86' lang='lat' dir='ltr'>ad</span> <span class='ocrx_word' id='word_1_53' title='bbox 2915 1421 3093 1506; x_wconf 87' lang='lat' dir='ltr'>septi-</span> 
     </span>
     <span class='ocr_line' id='line_1_21' title="bbox 1023 1520 2217 1603; baseline 0 -19"><span class='ocrx_word' id='word_1_54' title='bbox 1023 1540 1208 1596; x_wconf 90' lang='lat' dir='ltr'>mam,</span> <span class='ocrx_word' id='word_1_55' title='bbox 1259 1539 1417 1603; x_wconf 85' lang='lat' dir='ltr'>quae</span> <span class='ocrx_word' id='word_1_56' title='bbox 1468 1520 1925 1583; x_wconf 68' lang='lat' dir='ltr'>Hosannarum</span> <span class='ocrx_word' id='word_1_57' title='bbox 1972 1520 2217 1584; x_wconf 80' lang='lat' dir='ltr'>dicitur.</span> 
     </span>
    </p>

    <p class='ocr_par' dir='ltr' id='par_1_10' title="bbox 1013 1617 3103 1997">
     <span class='ocr_line' id='line_1_22' title="bbox 1179 1617 3098 1701; baseline 0 -19"><span class='ocrx_word' id='word_1_58' title='bbox 1179 1618 1334 1682; x_wconf 85' lang='lat' dir='ltr'>Tum</span> <span class='ocrx_word' id='word_1_59' title='bbox 1388 1617 1801 1682; x_wconf 75' lang='lat' dir='ltr'>Hebdomada</span> <span class='ocrx_word' id='word_1_60' title='bbox 1849 1618 2183 1700; x_wconf 85' lang='lat' dir='ltr'>passionis,</span> <span class='ocrx_word' id='word_1_61' title='bbox 2249 1618 2425 1700; x_wconf 88' lang='lat' dir='ltr'>cujus</span> <span class='ocrx_word' id='word_1_62' title='bbox 2473 1618 2629 1682; x_wconf 87' lang='lat' dir='ltr'>feria</span> <span class='ocrx_word' id='word_1_63' title='bbox 2675 1618 2950 1682; x_wconf 85' lang='lat' dir='ltr'>secunda</span> <span class='ocrx_word' id='word_1_64' title='bbox 2994 1638 3098 1701; x_wconf 87' lang='lat' dir='ltr'>ap-</span> 
     </span>
     <span class='ocr_line' id='line_1_23' title="bbox 1013 1715 3100 1805; baseline -0.001 -24"><span class='ocrx_word' id='word_1_65' title='bbox 1013 1717 1277 1800; x_wconf 83' lang='lat' dir='ltr'>pellatur</span> <span class='ocrx_word' id='word_1_66' title='bbox 1308 1715 1498 1801; x_wconf 80' lang='lat' dir='ltr'>feria</span> <span class='ocrx_word' id='word_1_67' title='bbox 1525 1716 1804 1779; x_wconf 76' lang='lat' dir='ltr'>secunda</span> <span class='ocrx_word' id='word_1_68' title='bbox 1849 1716 2076 1780; x_wconf 77' lang='lat' dir='ltr'>ultima</span> <span class='ocrx_word' id='word_1_69' title='bbox 2109 1716 2352 1805; x_wconf 77' lang='lat' dir='ltr'>jejunii</span> <span class='ocrx_word' id='word_1_70' title='bbox 2367 1739 2388 1795; x_wconf 89' lang='lat'><em>;</em></span> <span class='ocrx_word' id='word_1_71' title='bbox 2436 1717 2652 1799; x_wconf 84' lang='lat' dir='ltr'>quinta</span> <span class='ocrx_word' id='word_1_72' title='bbox 2677 1715 2858 1799; x_wconf 77' lang='lat' dir='ltr'>feria</span> <span class='ocrx_word' id='word_1_73' title='bbox 2885 1719 3100 1802; x_wconf 80' lang='lat' dir='ltr'>quinta</span> 
     </span>
     <span class='ocr_line' id='line_1_24' title="bbox 1014 1814 3103 1900; baseline 0 -22"><span class='ocrx_word' id='word_1_74' title='bbox 1014 1816 1383 1886; x_wconf 79' lang='lat' dir='ltr'>Paschatis,·</span> <span class='ocrx_word' id='word_1_75' title='bbox 1430 1817 1604 1878; x_wconf 77' lang='lat' dir='ltr'>sexta</span> <span class='ocrx_word' id='word_1_76' title='bbox 1633 1814 1824 1899; x_wconf 81' lang='lat' dir='ltr'>feria</span> <span class='ocrx_word' id='word_1_77' title='bbox 1872 1824 2055 1877; x_wconf 78' lang='lat' dir='ltr'>seoeta</span> <span class='ocrx_word' id='word_1_78' title='bbox 2094 1816 2429 1899; x_wconf 72' lang='lat' dir='ltr'>passionis</span> <span class='ocrx_word' id='word_1_79' title='bbox 2477 1825 2536 1876; x_wconf 82' lang='lat' dir='ltr'>et</span> <span class='ocrx_word' id='word_1_80' title='bbox 2583 1818 2950 1900; x_wconf 72' lang='lat' dir='ltr'>mysterium</span> <span class='ocrx_word' id='word_1_81' title='bbox 2979 1815 3103 1878; x_wconf 81' lang='lat' dir='ltr'>Pa-</span> 
     </span>
     <span class='ocr_line' id='line_1_25' title="bbox 1014 1911 2350 1997; baseline 0.001 -23"><span class='ocrx_word' id='word_1_82' title='bbox 1014 1914 1284 1992; x_wconf 77' lang='lat' dir='ltr'>schatis;</span> <span class='ocrx_word' id='word_1_83' title='bbox 1332 1913 1597 1995; x_wconf 83' lang='lat' dir='ltr'>sept-ima</span> <span class='ocrx_word' id='word_1_84' title='bbox 1645 1911 1993 1975; x_wconf 81' lang='lat' dir='ltr'>Sabbatum</span> <span class='ocrx_word' id='word_1_85' title='bbox 2039 1935 2350 1997; x_wconf 75' lang='lat' dir='ltr'>maynum.</span> 
     </span>
    </p>

    <p class='ocr_par' dir='ltr' id='par_1_11' title="bbox 1015 2011 3111 2294">
     <span class='ocr_line' id='line_1_26' title="bbox 1180 2011 3108 2095; baseline 0 -20"><span class='ocrx_word' id='word_1_86' title='bbox 1180 2012 1419 2076; x_wconf 88' lang='lat' dir='ltr'>Deinde</span> <span class='ocrx_word' id='word_1_87' title='bbox 1467 2011 1866 2076; x_wconf 85' lang='lat' dir='ltr'>hebdomada</span> <span class='ocrx_word' id='word_1_88' title='bbox 1913 2011 2426 2086; x_wconf 68' lang='lat' dir='ltr'>ResurrectioniS,</span> <span class='ocrx_word' id='word_1_89' title='bbox 2478 2011 2654 2094; x_wconf 86' lang='lat' dir='ltr'>cujus</span> <span class='ocrx_word' id='word_1_90' title='bbox 2702 2011 2856 2076; x_wconf 88' lang='lat' dir='ltr'>feria</span> <span class='ocrx_word' id='word_1_91' title='bbox 2904 2012 3108 2095; x_wconf 89' lang='lat' dir='ltr'>prima</span> 
     </span>
     <span class='ocr_line' id='line_1_27' title="bbox 1015 2109 3111 2195; baseline -0 -21"><span class='ocrx_word' id='word_1_92' title='bbox 1015 2112 1240 2175; x_wconf 82' lang='lat' dir='ltr'>dicitur</span> <span class='ocrx_word' id='word_1_93' title='bbox 1300 2111 1640 2173; x_wconf 79' lang='lat' dir='ltr'>Dominica</span> <span class='ocrx_word' id='word_1_94' title='bbox 1705 2111 2251 2183; x_wconf 63' lang='lat' dir='ltr'>Restarreotioni3‚·</span> <span class='ocrx_word' id='word_1_95' title='bbox 2313 2109 2588 2192; x_wconf 87' lang='lat' dir='ltr'>reliquae</span> <span class='ocrx_word' id='word_1_96' title='bbox 2635 2109 2864 2174; x_wconf 85' lang='lat' dir='ltr'>feriae:</span> <span class='ocrx_word' id='word_1_97' title='bbox 2916 2109 3111 2195; x_wconf 79' lang='lat' dir='ltr'>feria</span> 
     </span>
     <span class='ocr_line' id='line_1_28' title="bbox 1015 2205 3111 2294; baseline 0 -23"><span class='ocrx_word' id='word_1_98' title='bbox 1015 2209 1293 2272; x_wconf 76' lang='lat' dir='ltr'>secunda</span> <span class='ocrx_word' id='word_1_99' title='bbox 1342 2206 1611 2271; x_wconf 65' lang='lat' dir='ltr'>Sabbata·</span> <span class='ocrx_word' id='word_1_100' title='bbox 1658 2205 2116 2286; x_wconf 75' lang='lat' dir='ltr'>Sabbatorum3</span> <span class='ocrx_word' id='word_1_101' title='bbox 2157 2208 2347 2294; x_wconf 74' lang='lat' dir='ltr'>feria</span> <span class='ocrx_word' id='word_1_102' title='bbox 2395 2210 2584 2271; x_wconf 79' lang='lat' dir='ltr'>tertia</span> <span class='ocrx_word' id='word_1_103' title='bbox 2635 2205 2906 2271; x_wconf 72' lang='lat' dir='ltr'>Sabbati</span> <span class='ocrx_word' id='word_1_104' title='bbox 2954 2206 3111 2272; x_wconf 78' lang='lat' dir='ltr'>Sab-</span> 
     </span>
    </p>
   </div>
   <div class='ocr_carea' id='block_1_7' title="bbox 996 2305 3111 2392">
    <p class='ocr_par' dir='ltr' id='par_1_12' title="bbox 996 2305 3111 2392">
     <span class='ocr_line' id='line_1_29' title="bbox 996 2305 3111 2392; baseline -0 -22"><span class='ocrx_word' id='word_1_105' title='bbox 996 2307 1301 2371; x_wconf 73' lang='lat' dir='ltr'>batorum</span> <span class='ocrx_word' id='word_1_106' title='bbox 1346 2313 1407 2371; x_wconf 87' lang='lat' dir='ltr'>et</span> <span class='ocrx_word' id='word_1_107' title='bbox 1456 2308 1545 2372; x_wconf 90' lang='lat' dir='ltr'>sic</span> <span class='ocrx_word' id='word_1_108' title='bbox 1578 2327 1797 2390; x_wconf 82' lang='lat' dir='ltr'>porr03</span> <span class='ocrx_word' id='word_1_109' title='bbox 1849 2312 2021 2372; x_wconf 82' lang='lat' dir='ltr'>sexta</span> <span class='ocrx_word' id='word_1_110' title='bbox 2056 2328 2199 2372; x_wconf 86' lang='lat' dir='ltr'>vero</span> <span class='ocrx_word' id='word_1_111' title='bbox 2232 2306 2421 2392; x_wconf 79' lang='lat' dir='ltr'>feria</span> <span class='ocrx_word' id='word_1_112' title='bbox 2445 2316 2628 2370; x_wconf 72' lang='lat' dir='ltr'>semia</span> <span class='ocrx_word' id='word_1_113' title='bbox 2657 2305 3111 2392; x_wconf 63' lang='lat' dir='ltr'>covffessomm.</span> 
     </span>
    </p>
   </div>
   <div class='ocr_carea' id='block_1_8' title="bbox 1016 2415 3124 2985">
    <p class='ocr_par' dir='ltr' id='par_1_13' title="bbox 1016 2415 3124 2985">
     <span class='ocr_line' id='line_1_30' title="bbox 1184 2415 3113 2502; baseline -0.001 -22"><span class='ocrx_word' id='word_1_114' title='bbox 1184 2417 1451 2480; x_wconf 90' lang='lat' dir='ltr'>Demum</span> <span class='ocrx_word' id='word_1_115' title='bbox 1484 2415 1861 2479; x_wconf 75' lang='lat' dir='ltr'>Dominicae</span> <span class='ocrx_word' id='word_1_116' title='bbox 1887 2418 2155 2502; x_wconf 76' lang='lat' dir='ltr'>quinque</span> <span class='ocrx_word' id='word_1_117' title='bbox 2187 2415 2696 2480; x_wconf 64' lang='lat' dir='ltr'>Restm-rectionis</span> <span class='ocrx_word' id='word_1_118' title='bbox 2745 2416 2934 2498; x_wconf 87' lang='lat' dir='ltr'>(quae</span> <span class='ocrx_word' id='word_1_119' title='bbox 2966 2435 3113 2479; x_wconf 88' lang='lat' dir='ltr'>cum</span> 
     </span>
     <span class='ocr_line' id='line_1_31' title="bbox 1016 2513 3114 2596; baseline -0.001 -17"><span class='ocrx_word' id='word_1_120' title='bbox 1016 2514 1342 2580; x_wconf 87' lang='lat' dir='ltr'>Dominica</span> <span class='ocrx_word' id='word_1_121' title='bbox 1406 2513 1734 2578; x_wconf 72' lang='lat' dir='ltr'>Paschatis</span> <span class='ocrx_word' id='word_1_122' title='bbox 1802 2534 1910 2578; x_wconf 76' lang='lat' dir='ltr'>sex</span> <span class='ocrx_word' id='word_1_123' title='bbox 1971 2516 2404 2596; x_wconf 80' lang='lat' dir='ltr'>numerantur)</span> <span class='ocrx_word' id='word_1_124' title='bbox 2471 2514 2856 2596; x_wconf 89' lang='lat' dir='ltr'>totidemque</span> <span class='ocrx_word' id='word_1_125' title='bbox 2915 2513 3114 2577; x_wconf 78' lang='lat' dir='ltr'>seriae</span> 
     </span>
     <span class='ocr_line' id='line_1_32' title="bbox 1024 2611 3117 2697; baseline -0.002 -17"><span class='ocrx_word' id='word_1_126' title='bbox 1024 2621 1251 2692; x_wconf 79' lang='lat' dir='ltr'>sextae,</span> <span class='ocrx_word' id='word_1_127' title='bbox 1301 2615 1362 2677; x_wconf 91' lang='lat' dir='ltr'>in</span> <span class='ocrx_word' id='word_1_128' title='bbox 1413 2613 1640 2697; x_wconf 87' lang='lat' dir='ltr'>quibus</span> <span class='ocrx_word' id='word_1_129' title='bbox 1685 2613 1930 2678; x_wconf 81' lang='lat' dir='ltr'>diversa</span> <span class='ocrx_word' id='word_1_130' title='bbox 1962 2622 2316 2677; x_wconf 83' lang='lat' dir='ltr'>sanctorum</span> <span class='ocrx_word' id='word_1_131' title='bbox 2349 2613 2510 2676; x_wconf 81' lang='lat' dir='ltr'>festa</span> <span class='ocrx_word' id='word_1_132' title='bbox 2538 2611 2952 2678; x_wconf 78' lang='lat' dir='ltr'>celebrantur,</span> <span class='ocrx_word' id='word_1_133' title='bbox 3007 2631 3117 2676; x_wconf 82' lang='lat' dir='ltr'>ex-</span> 
     </span>
     <span class='ocr_line' id='line_1_33' title="bbox 1020 2711 3122 2799; baseline -0.002 -19"><span class='ocrx_word' id='word_1_134' title='bbox 1020 2720 1198 2799; x_wconf 87' lang='lat' dir='ltr'>cepto</span> <span class='ocrx_word' id='word_1_135' title='bbox 1247 2714 1407 2778; x_wconf 86' lang='lat' dir='ltr'>festo</span> <span class='ocrx_word' id='word_1_136' title='bbox 1456 2736 1502 2779; x_wconf 81' lang='lat'>8.</span> <span class='ocrx_word' id='word_1_137' title='bbox 1546 2712 1808 2796; x_wconf 72' lang='lat' dir='ltr'>Georyii</span> <span class='ocrx_word' id='word_1_138' title='bbox 1850 2712 2116 2796; x_wconf 76' lang='lat' dir='ltr'>qlorioei</span> <span class='ocrx_word' id='word_1_139' title='bbox 2159 2713 2484 2798; x_wconf 66' lang='lat' dir='ltr'>martyris,</span> <span class='ocrx_word' id='word_1_140' title='bbox 2533 2711 2696 2794; x_wconf 89' lang='lat' dir='ltr'>quod</span> <span class='ocrx_word' id='word_1_141' title='bbox 2732 2729 2982 2793; x_wconf 87' lang='lat' dir='ltr'>semper</span> <span class='ocrx_word' id='word_1_142' title='bbox 3014 2712 3122 2775; x_wconf 92' lang='lat' dir='ltr'>die</span> 
     </span>
     <span class='ocr_line' id='line_1_34' title="bbox 1023 2808 3124 2896; baseline -0.003 -19"><span class='ocrx_word' id='word_1_143' title='bbox 1023 2815 1125 2879; x_wconf 81' lang='lat'>24.</span> <span class='ocrx_word' id='word_1_144' title='bbox 1179 2812 1414 2896; x_wconf 85' lang='lat' dir='ltr'>Aprilis</span> <span class='ocrx_word' id='word_1_145' title='bbox 1463 2811 1683 2895; x_wconf 84' lang='lat' dir='ltr'>agitur,</span> <span class='ocrx_word' id='word_1_146' title='bbox 1747 2811 1864 2874; x_wconf 90' lang='lat' dir='ltr'>nisi</span> <span class='ocrx_word' id='word_1_147' title='bbox 1916 2812 1975 2873; x_wconf 91' lang='lat' dir='ltr'>in</span> <span class='ocrx_word' id='word_1_148' title='bbox 2024 2810 2242 2875; x_wconf 83' lang='lat' dir='ltr'>feriam</span> <span class='ocrx_word' id='word_1_149' title='bbox 2292 2811 2352 2873; x_wconf 88' lang='grc'>6.</span> <span class='ocrx_word' id='word_1_150' title='bbox 2404 2810 2828 2874; x_wconf 81' lang='lat' dir='ltr'>confessorum</span> <span class='ocrx_word' id='word_1_151' title='bbox 2878 2808 3124 2872; x_wconf 73' lang='lat' dir='ltr'>incide-</span> 
     </span>
     <span class='ocr_line' id='line_1_35' title="bbox 1020 2909 2485 2985; baseline -0.002 -10"><span class='ocrx_word' id='word_1_152' title='bbox 1020 2913 1129 2985; x_wconf 86' lang='lat' dir='ltr'>rit;</span> <span class='ocrx_word' id='word_1_153' title='bbox 1182 2915 1326 2974; x_wconf 86' lang='lat' dir='ltr'>tunc</span> <span class='ocrx_word' id='word_1_154' title='bbox 1376 2910 1537 2974; x_wconf 90' lang='lat' dir='ltr'>enim</span> <span class='ocrx_word' id='word_1_155' title='bbox 1591 2910 1963 2975; x_wconf 81' lang='lat' dir='ltr'>transfertur</span> <span class='ocrx_word' id='word_1_156' title='bbox 2010 2911 2070 2974; x_wconf 93' lang='lat' dir='ltr'>in</span> <span class='ocrx_word' id='word_1_157' title='bbox 2121 2909 2485 2974; x_wconf 81' lang='lat' dir='ltr'>Sabbatum.</span> 
     </span>
    </p>
   </div>
   <div class='ocr_carea' id='block_1_9' title="bbox 1020 3034 3120 3743">
    <p class='ocr_par' dir='ltr' id='par_1_14' title="bbox 1022 3034 2309 3101">
     <span class='ocr_line' id='line_1_36' title="bbox 1022 3034 2309 3101; baseline -0.002 -1"><span class='ocrx_word' id='word_1_158' title='bbox 1022 3036 1323 3101; x_wconf 86' lang='lat' dir='ltr'>Ascensio</span> <span class='ocrx_word' id='word_1_159' title='bbox 1373 3035 1623 3098; x_wconf 88' lang='lat' dir='ltr'>Domini</span> <span class='ocrx_word' id='word_1_160' title='bbox 1670 3035 1886 3099; x_wconf 87' lang='lat' dir='ltr'>Nostri</span> <span class='ocrx_word' id='word_1_161' title='bbox 1937 3036 1998 3098; x_wconf 93' lang='lat' dir='ltr'>in</span> <span class='ocrx_word' id='word_1_162' title='bbox 2047 3034 2309 3098; x_wconf 87' lang='lat' dir='ltr'>coelum.</span> 
     </span>
    </p>

    <p class='ocr_par' dir='ltr' id='par_1_15' title="bbox 1020 3159 2067 3225">
     <span class='ocr_line' id='line_1_37' title="bbox 1020 3159 2067 3225; baseline 0 0"><span class='ocrx_word' id='word_1_163' title='bbox 1020 3161 1231 3225; x_wconf 87' lang='lat' dir='ltr'>Prima</span> <span class='ocrx_word' id='word_1_164' title='bbox 1281 3160 1432 3223; x_wconf 85' lang='lat' dir='ltr'>feria</span> <span class='ocrx_word' id='word_1_165' title='bbox 1488 3159 1589 3225; x_wconf 76' lang='lat' dir='ltr'>vl.</span> <span class='ocrx_word' id='word_1_166' title='bbox 1641 3161 2067 3225; x_wconf 71' lang='lat' dir='ltr'>Ascensionis</span> 
     </span>
    </p>

    <p class='ocr_par' dir='ltr' id='par_1_16' title="bbox 1022 3286 2054 3368">
     <span class='ocr_line' id='line_1_38' title="bbox 1022 3286 2054 3368; baseline -0.002 -18"><span class='ocrx_word' id='word_1_167' title='bbox 1022 3286 1347 3350; x_wconf 85' lang='lat' dir='ltr'>Dominica</span> <span class='ocrx_word' id='word_1_168' title='bbox 1394 3292 1536 3368; x_wconf 86' lang='lat' dir='ltr'>post</span> <span class='ocrx_word' id='word_1_169' title='bbox 1582 3286 2054 3350; x_wconf 83' lang='lat' dir='ltr'>Ascensionem.</span> 
     </span>
    </p>

    <p class='ocr_par' dir='ltr' id='par_1_17' title="bbox 1024 3410 2141 3475">
     <span class='ocr_line' id='line_1_39' title="bbox 1024 3410 2141 3475; baseline 0.001 -1"><span class='ocrx_word' id='word_1_170' title='bbox 1024 3410 1311 3475; x_wconf 82' lang='lat' dir='ltr'>Secunda</span> <span class='ocrx_word' id='word_1_171' title='bbox 1357 3410 1509 3474; x_wconf 87' lang='lat' dir='ltr'>feria</span> <span class='ocrx_word' id='word_1_172' title='bbox 1560 3410 1663 3475; x_wconf 82' lang='lat' dir='ltr'>VI.</span> <span class='ocrx_word' id='word_1_173' title='bbox 1716 3410 2141 3475; x_wconf 69' lang='lat' dir='ltr'>Ascensionis</span> 
     </span>
    </p>

    <p class='ocr_par' dir='ltr' id='par_1_18' title="bbox 1020 3534 3120 3743">
     <span class='ocr_line' id='line_1_40' title="bbox 1020 3534 2986 3619; baseline 0.001 -21"><span class='ocrx_word' id='word_1_174' title='bbox 1020 3535 1349 3599; x_wconf 87' lang='lat' dir='ltr'>Dominica</span> <span class='ocrx_word' id='word_1_175' title='bbox 1396 3535 1839 3611; x_wconf 83' lang='lat' dir='ltr'>Pentecost-es;</span> <span class='ocrx_word' id='word_1_176' title='bbox 1890 3535 2209 3619; x_wconf 84' lang='lat' dir='ltr'>ingressus</span> <span class='ocrx_word' id='word_1_177' title='bbox 2252 3534 2465 3616; x_wconf 80' lang='lat' dir='ltr'>jejunii</span> <span class='ocrx_word' id='word_1_178' title='bbox 2517 3535 2986 3618; x_wconf 79' lang='lat' dir='ltr'>Apostolorum.</span> 
     </span>
     <span class='ocr_line' id='line_1_41' title="bbox 1020 3658 3120 3743; baseline 0.001 -20"><span class='ocrx_word' id='word_1_179' title='bbox 1020 3660 1234 3724; x_wconf 86' lang='lat' dir='ltr'>Prima</span> <span class='ocrx_word' id='word_1_180' title='bbox 1284 3659 1433 3723; x_wconf 86' lang='lat' dir='ltr'>feria</span> <span class='ocrx_word' id='word_1_181' title='bbox 1466 3658 1566 3723; x_wconf 74' lang='lat' dir='ltr'>VI.</span> <span class='ocrx_word' id='word_1_182' title='bbox 1618 3664 1759 3742; x_wconf 88' lang='lat' dir='ltr'>post</span> <span class='ocrx_word' id='word_1_183' title='bbox 1795 3658 2227 3734; x_wconf 75' lang='lat' dir='ltr'>Pentecosten,</span> <span class='ocrx_word' id='word_1_184' title='bbox 2279 3679 2436 3742; x_wconf 88' lang='lat' dir='ltr'>quae</span> <span class='ocrx_word' id='word_1_185' title='bbox 2470 3658 2901 3743; x_wconf 79' lang='lat' dir='ltr'>diciturferia</span> <span class='ocrx_word' id='word_1_186' title='bbox 2927 3671 3120 3726; x_wconf 68' lang='lat' dir='ltr'>sexta</span> 
     </span>
    </p>
   </div>
   <div class='ocr_carea' id='block_1_10' title="bbox 1020 3757 2335 3839">
    <p class='ocr_par' dir='ltr' id='par_1_19' title="bbox 1020 3757 2335 3839">
     <span class='ocr_line' id='line_1_42' title="bbox 1020 3757 2335 3839; baseline 0.001 -18"><span class='ocrx_word' id='word_1_187' title='bbox 1020 3759 1184 3838; x_wconf 61' lang='lat' dir='ltr'>aem-i,</span> <span class='ocrx_word' id='word_1_188' title='bbox 1234 3765 1295 3822; x_wconf 91' lang='lat' dir='ltr'>et</span> <span class='ocrx_word' id='word_1_189' title='bbox 1343 3766 1635 3839; x_wconf 83' lang='lat' dir='ltr'>tanquam</span> <span class='ocrx_word' id='word_1_190' title='bbox 1688 3758 1915 3821; x_wconf 84' lang='lat' dir='ltr'>festum</span> <span class='ocrx_word' id='word_1_191' title='bbox 1966 3757 2335 3824; x_wconf 81' lang='lat' dir='ltr'>celebratur.</span> 
     </span>
    </p>
   </div>
   <div class='ocr_carea' id='block_1_11' title="bbox 1020 3864 3120 4538">
    <p class='ocr_par' dir='ltr' id='par_1_20' title="bbox 1020 3864 3120 4538">
     <span class='ocr_line' id='line_1_43' title="bbox 1184 3864 3120 3951; baseline 0 -22"><span class='ocrx_word' id='word_1_192' title='bbox 1184 3865 1341 3929; x_wconf 85' lang='lat' dir='ltr'>Tum</span> <span class='ocrx_word' id='word_1_193' title='bbox 1396 3864 1755 3929; x_wconf 84' lang='lat' dir='ltr'>Dominicae</span> <span class='ocrx_word' id='word_1_194' title='bbox 1806 3886 1912 3929; x_wconf 82' lang='lat' dir='ltr'>sex</span> <span class='ocrx_word' id='word_1_195' title='bbox 1962 3872 2102 3948; x_wconf 88' lang='lat' dir='ltr'>post</span> <span class='ocrx_word' id='word_1_196' title='bbox 2148 3865 2580 3940; x_wconf 77' lang='lat' dir='ltr'>Pentecosten,</span> <span class='ocrx_word' id='word_1_197' title='bbox 2632 3884 2791 3947; x_wconf 86' lang='lat' dir='ltr'>quae</span> <span class='ocrx_word' id='word_1_198' title='bbox 2845 3865 3120 3951; x_wconf 70' lang='lat' dir='ltr'>Aposto-</span> 
     </span>
     <span class='ocr_line' id='line_1_44' title="bbox 1020 3963 3118 4047; baseline 0.001 -21"><span class='ocrx_word' id='word_1_199' title='bbox 1020 3964 1221 4026; x_wconf 80' lang='lat' dir='ltr'>lorum</span> <span class='ocrx_word' id='word_1_200' title='bbox 1271 3968 1583 4038; x_wconf 81' lang='lat' dir='ltr'>vocantur‚</span> <span class='ocrx_word' id='word_1_201' title='bbox 1636 3968 1696 4027; x_wconf 87' lang='lat' dir='ltr'>et</span> <span class='ocrx_word' id='word_1_202' title='bbox 1742 3983 2008 4027; x_wconf 74' lang='lat' dir='ltr'>unacum</span> <span class='ocrx_word' id='word_1_203' title='bbox 2055 3963 2381 4028; x_wconf 85' lang='lat' dir='ltr'>Dominica</span> <span class='ocrx_word' id='word_1_204' title='bbox 2411 3963 2820 4027; x_wconf 82' lang='lat' dir='ltr'>Pentecostes</span> <span class='ocrx_word' id='word_1_205' title='bbox 2868 3972 3118 4047; x_wconf 84' lang='lat' dir='ltr'>septem</span> 
     </span>
     <span class='ocr_line' id='line_1_45' title="bbox 1020 4061 3120 4144; baseline 0 -19"><span class='ocrx_word' id='word_1_206' title='bbox 1020 4066 1454 4137; x_wconf 82' lang='lat' dir='ltr'>numerantur,</span> <span class='ocrx_word' id='word_1_207' title='bbox 1522 4081 1784 4144; x_wconf 85' lang='lat' dir='ltr'>quarum</span> <span class='ocrx_word' id='word_1_208' title='bbox 1844 4066 2160 4144; x_wconf 84' lang='lat' dir='ltr'>postrema</span> <span class='ocrx_word' id='word_1_209' title='bbox 2207 4061 2712 4125; x_wconf 83' lang='lat' dir='ltr'>commemoratio</span> <span class='ocrx_word' id='word_1_210' title='bbox 2762 4061 3120 4126; x_wconf 79' lang='lat' dir='ltr'>Ezechielis</span> 
     </span>
     <span class='ocr_line' id='line_1_46' title="bbox 1022 4158 3115 4242; baseline 0.001 -19"><span class='ocrx_word' id='word_1_211' title='bbox 1022 4158 1447 4235; x_wconf 77' lang='lat' dir='ltr'>Dakukensis3</span> <span class='ocrx_word' id='word_1_212' title='bbox 1516 4159 1900 4242; x_wconf 81' lang='lat' dir='ltr'>totidemque</span> <span class='ocrx_word' id='word_1_213' title='bbox 1963 4160 2154 4224; x_wconf 79' lang='lat' dir='ltr'>seriae</span> <span class='ocrx_word' id='word_1_214' title='bbox 2217 4165 2461 4236; x_wconf 77' lang='lat' dir='ltr'>sextae,</span> <span class='ocrx_word' id='word_1_215' title='bbox 2539 4179 2800 4242; x_wconf 88' lang='lat' dir='ltr'>quarum</span> <span class='ocrx_word' id='word_1_216' title='bbox 2870 4160 3115 4227; x_wconf 84' lang='lat' dir='ltr'>ultima.</span> 
     </span>
     <span class='ocr_line' id='line_1_47' title="bbox 1021 4256 3118 4342; baseline 0.001 -24"><span class='ocrx_word' id='word_1_217' title='bbox 1021 4278 1176 4340; x_wconf 80' lang='lat' dir='ltr'>quae</span> <span class='ocrx_word' id='word_1_218' title='bbox 1212 4260 1616 4321; x_wconf 85' lang='lat' dir='ltr'>memoratam</span> <span class='ocrx_word' id='word_1_219' title='bbox 1654 4256 2044 4321; x_wconf 75' lang='lat' dir='ltr'>Dominicam</span> <span class='ocrx_word' id='word_1_220' title='bbox 2081 4258 2380 4340; x_wconf 85' lang='lat' dir='ltr'>sequitur,</span> <span class='ocrx_word' id='word_1_221' title='bbox 2431 4261 2683 4322; x_wconf 80' lang='lat' dir='ltr'>vocatur</span> <span class='ocrx_word' id='word_1_222' title='bbox 2704 4256 2894 4342; x_wconf 79' lang='lat' dir='ltr'>feria</span> <span class='ocrx_word' id='word_1_223' title='bbox 2927 4269 3118 4321; x_wconf 71' lang='lat' dir='ltr'>sexta</span> 
     </span>
     <span class='ocr_line' id='line_1_48' title="bbox 1024 4354 3120 4441; baseline -0.001 -24"><span class='ocrx_word' id='word_1_224' title='bbox 1024 4354 1456 4440; x_wconf 60' lang='lat' dir='ltr'>complemento?</span> <span class='ocrx_word' id='word_1_225' title='bbox 1533 4354 1960 4419; x_wconf 78' lang='lat' dir='ltr'>hebdomadae</span> <span class='ocrx_word' id='word_1_226' title='bbox 2033 4355 2518 4441; x_wconf 72' lang='lat' dir='ltr'>Apostolorum,</span> <span class='ocrx_word' id='word_1_227' title='bbox 2602 4358 3120 4420; x_wconf 74' lang='lat' dir='ltr'>commemoratio</span> 
     </span>
     <span class='ocr_line' id='line_1_49' title="bbox 1022 4454 2255 4538; baseline 0.005 -25"><span class='ocrx_word' id='word_1_228' title='bbox 1022 4454 1411 4535; x_wconf 72' lang='lat' dir='ltr'>septuaginta</span> <span class='ocrx_word' id='word_1_229' title='bbox 1473 4454 1735 4517; x_wconf 80' lang='lat' dir='ltr'>(luorum</span> <span class='ocrx_word' id='word_1_230' title='bbox 1789 4455 2255 4538; x_wconf 73' lang='lat' dir='ltr'>discipulorum.</span> 
     </span>
    </p>
   </div>
   <div class='ocr_carea' id='block_1_12' title="bbox 3452 2757 3460 5369">
    <p class='ocr_par' dir='ltr' id='par_1_21' title="bbox 3452 2757 3460 5369">
     <span class='ocr_line' id='line_1_50' title="bbox 3452 2757 3460 5369; baseline 0 0"><span class='ocrx_word' id='word_1_231' title='bbox 3452 2757 3460 5369; x_wconf 95' lang='lat' dir='ltr'> </span> 
     </span>
    </p>
   </div>
  </div>
 </body>
</html>
