3514 5391
1210 524 1290 580 De
1327 525 1439 595 ipsa
1474 523 1897 594 Quadragesima.
2606 529 2673 588 77

430 634 560 640 ———
651 636 706 641 --.
723 636 908 642 —-———;
1008 637 1044 641 —-
1085 638 1122 642 --
1217 638 1226 641 -
1247 638 1290 641 --
1414 638 1422 642 -
1731 640 1982 644 -n---—..—.*
2006 641 2018 643 -
2050 641 2075 644 ‚0
2090 639 2463 647 -——.,——-—----

587 723 745 805 Quis
797 724 865 789 in
919 723 1179 790 ecclesia
1225 723 1503 807 Romana
1547 725 1715 790 diem
1765 725 2055 792 Ginerum
2106 730 2168 792 et
2197 731 2322 792 tres
2356 729 2489 793 dies
2522 729 2674 795 alios

426 821 585 885 initio
610 819 1152 907 Quadragesimae
1199 823 1437 905 primus
1466 823 1794 902 addiderit,
1838 828 1908 888 ut
1935 844 2232 891 numerus
2265 827 2677 893 conficeretur

426 918 505 984 40
533 920 807 998 dierum,
859 940 987 985 non
1010 920 1224 1005 liquet.
1290 921 1360 985 Id
1392 921 1454 1002 in
1490 921 1660 986 Urbe
1689 921 1889 987 Roma
1918 926 2062 987 ante
2092 927 2359 989 aetatem
2388 945 2438 991 s.
2474 925 2626 991 Gre
2647 962 2672 974 -

428 1017 636 1103 gorii
684 1017 780 1082 M.
833 1038 959 1083 non
1008 1020 1261 1097 factum,
1311 1018 1519 1103 plures
1568 1039 1711 1084 cum
1740 1020 2043 1086 Menardo
2076 1023 2409 1106 conjiciunt
2442 1042 2515 1087 ex
2543 1022 2675 1107 ejus

427 1112 684 1179 homilia
733 1119 842 1183 16.
909 1117 979 1180 in
1022 1117 1362 1202 Evanqel„
1425 1118 1530 1183 ubi
1577 1138 1627 1184 s,
1678 1119 1913 1183 Doctor
1974 1120 2157 1184 etiam
2207 1122 2507 1185 rationem
2572 1123 2676 1187 ud-

428 1216 612 1292 ducit,
664 1236 782 1281 cur
826 1215 962 1281 dies
1009 1215 1095 1280 36
1135 1216 1370 1301 jejunio
1420 1216 1944 1302 transigerentur,
2010 1220 2174 1302 quod
2222 1219 2513 1285 nimirum
2556 1244 2676 1305 per

430 1314 694 1401 triqinta
757 1323 818 1378 et
864 1335 978 1377 sex
1024 1313 1158 1377 dies
1204 1335 1322 1379 noa
1368 1313 1754 1401 affliyentea,
1824 1318 2008 1401 quasi
2063 1318 2223 1381 anni
2273 1319 2479 1382 ‘no-stoi
2539 1318 2678 1404 (qui

421 1433 540 1498 por
568 1423 879 1478 trecentos
926 1423 988 1477 ct
1014 1415 1347 1498 scaeayinta
1377 1414 1513 1477 dies
1541 1413 1796 1477 ducitur
1790 1415 1827 1498 )
1876 1414 2149 1479 decimas
2175 1416 2312 1480 Deo
2347 1416 2572 1481 damus
2591 1418 2672 1500 ¹);

434 1532 640 1577 verum
694 1513 1094 1578 doctissimus
1142 1511 1361 1577 Card.
1412 1511 1897 1577 Thomasius
1943 1518 1988 1579 t.
2045 1515 2107 1598 7,
2166 1535 2268 1598 pp.
2327 1516 2448 1580 187
2500 1535 2673 1600 seqq.
2736 1558 2742 1562 -

434 1630 552 1674 non
611 1609 1012 1694 improbabili
1072 1616 1350 1676 veterum
1416 1611 1698 1676 codicum
1763 1613 2124 1678 auctoritate
2184 1614 2364 1678 nixus
2423 1614 2672 1698 judicat.

436 1713 631 1774 aetate
679 1728 731 1774 s,
767 1708 1053 1793 Gregorii
1085 1709 1175 1773 M.
1225 1710 1744 1795 quadragesimali
1786 1710 2022 1794 jejunio
2056 1710 2296 1776 additos
2320 1711 2453 1795 jam
2485 1712 2675 1777 fuisse

434 1812 695 1890 quatuor
740 1807 873 1872 dies
920 1807 1094 1884 istos,
1145 1827 1266 1871 non
1315 1808 1565 1890 quidem
1616 1813 1686 1872 ut
1731 1813 1972 1892 partem
2020 1809 2214 1893 ipsius
2261 1808 2675 1899 Quadragesi-

433 1926 588 1982 mae,
653 1907 762 1971 sed
813 1925 960 1971 vero
1021 1911 1089 1969 ut
1135 1904 1522 1988 praeludium
1570 1907 1918 1990 quoddam,
1985 1927 2109 1992 quo
2157 1907 2419 1974 Romani
2475 1910 2672 1994 ipsam

434 2004 817 2070 decimarum
849 2003 1228 2070 oblationem
1258 2005 1757 2088 praevenissent:
1792 2006 1953 2089 quod
1987 2006 2233 2071 saeculo
2265 2007 2480 2092 quinto
2507 2009 2678 2072 iden-

434 2103 617 2167 tidem
668 2101 905 2167 factum
955 2102 1148 2186 liquet
1206 2122 1281 2168 ex
1328 2104 1682 2169 testimonio
1729 2124 1778 2168 s,
1830 2104 2088 2169 Maximi
2151 2125 2293 2170 mox
2341 2104 2672 2172 afferendo,

435 2201 850 2285 Symphos.
901 2200 1403 2282 AmalariuS,
1474 2207 1688 2272 auctor
1734 2203 1965 2268 saeculi
2011 2204 2177 2271 noni.
2238 2204 2337 2287 De
2385 2205 2669 2270 ecclesia·

434 2301 602 2364 sticis
650 2299 881 2385 officiis
929 2300 1253 2383 disputans
1303 2300 1339 2366 l.
1394 2302 1451 2379 1,
1504 2321 1555 2367 c.
1608 2303 1682 2366 7:
1750 2299 2000 2376 Quarta
2030 2302 2217 2388 feria
2261 2303 2429 2367 inter
2481 2301 2674 2376 Quin-

434 2399 856 2484 quayc'simam
904 2408 965 2460 ct
1002 2396 1567 2483 Quadraqesimam
1580 2400 1918 2489 jejunium,
1967 2400 2135 2485 quod
2156 2401 2569 2486 protenditur
2608 2403 2677 2465 in

436 2497 674 2561 Pascha
720 2497 1007 2575 Domini,
1077 2498 1438 2588 inchoamus
1463 2498 1534 2583 ²).
1655 2500 1777 2564 Ast
1836 2498 2318 2565 Ratramnus
2381 2499 2675 2566 Gorbe-

427 2595 713 2676 jensiS,
784 2595 893 2678 qui
954 2597 1157 2660 medio
1223 2596 1440 2662 eodem
1505 2596 1750 2663 saeculo
1801 2617 1962 2663 nono
2012 2598 2360 2683 apologiam
2407 2599 2676 2684 *scripsit

442 2715 543 2777 pro
592 2692 855 2759 ecclesia
909 2693 1096 2759 lat-ina
1156 2697 1452 2762 adversus
1508 2697 1968 2762 criminationes
2008 2698 2407 2776 Graecorum,
2458 2699 2679 2783 asserit

437 2790 532 2857 lib.
582 2793 646 2870 4,
698 2813 752 2857 c.
801 2793 881 2869 4,
947 2792 1260 2859 Romanos
1322 2798 1507 2880 caput
1564 2794 1775 2879 jejunii
1836 2817 1872 2859 a
1917 2796 2245 2861 Dominica
2298 2794 2348 2861 Ι.
2398 2795 2674 2878 Quadra-

436 2891 723 2974 gesimae‚
773 2911 901 2955 non
950 2912 987 2955 a
1031 2892 1186 2957 feria
1230 2891 1339 2958 IV.
1391 2893 1703 2978 cinerum,
1755 2893 2082 2960 inchoasse
2101 2894 2172 2978 ³).
2264 2894 2339 2959 In
2387 2895 2503 2961 hac
2534 2915 2674 2961 sen-

437 2989 765 3053 tentiarum
814 2990 1176 3065 diversitate
1224 3010 1366 3055 cum
1414 2991 1690 3056 Natali
1736 2991 2187 3057 Alexandro
2235 2992 2558 3060 Dissertat.
2610 2996 2671 3059 4.

440 3087 508 3150 ad
538 3106 700 3152 saec.
733 3087 797 3154 2.
835 3092 896 3152 et
920 3086 1211 3156 Ludov.
1248 3088 1772 3155 Thomassino
1813 3091 2022 3156 Tract.
2060 3090 2136 3155 de
2150 3092 2401 3181 jejunio
2426 3097 2584 3177 part.
2612 3093 2672 3159 2.

440 3212 488 3251 c.
535 3186 574 3250 2
620 3185 970 3271 generatim
1018 3186 1460 3254 affirmandum
1507 3190 1768 3266 videtur,
1820 3190 2097 3273 coepisse
2146 3190 2315 3273 prius
2349 3190 2674 3258 nonnullos

444 3282 647 3349 fideles
696 3304 773 3349 ex
819 3284 1117 3370 singulari
1179 3288 1447 3371 quadam
1495 3289 1725 3373 pietate
1773 3293 2038 3372 quatuor
2084 3288 2249 3365 dies,
2313 3289 2675 3356 Dominicae

442 3384 666 3465 primae
695 3382 1219 3469 Quadragesimae
1250 3387 1550 3468 praevios,
1600 3385 2021 3470 antepaschali
2042 3385 2278 3468 jejunio
2312 3386 2578 3470 adjicere
2597 3388 2673 3473 ⁴),

441 3598 573 3666 prius
610 3598 900 3669 incipiendo
950 3598 1004 3651 in
1043 3598 1257 3653 civitate
1294 3599 1697 3653 Mediolanensi
1744 3600 1921 3669 iisque
1958 3598 2220 3655 dioecesis
2244 3602 2536 3671 partibile,
2586 3602 2680 3656 ubi

441 3693 507 3729 ex
540 3678 651 3732 divi
685 3678 967 3732 Ambrosii
998 3679 1243 3733 instituto
1280 3679 1463 3734 divina
1502 3680 1685 3749 officia
1712 3680 2058 3735 celebrantur
2098 3682 2313 3747 (Concil.
2340 3682 2608 3737 Mediolan.
2638 3681 2676 3747 Ι,

442 3758 549 3811 anni
590 3759 745 3826 1565,
784 3762 922 3828 part.
959 3760 1009 3825 2,
1047 3760 1079 3829 ξ
1117 3760 1166 3813 7.
1242 3759 1388 3829 Apud
1427 3760 1705 3815 HardouIn.
1745 3761 1938 3816 Concil.
1977 3766 2099 3815 tom.
2141 3763 2224 3828 10,
2263 3778 2311 3831 p.
2351 3763 2496 3820 655).

613 3837 655 3906 ¹)
695 3839 844 3909 Apud
883 3838 1072 3908 Migne,
1110 3838 1253 3894 Patr.
1291 3840 1383 3894 lat.
1423 3845 1545 3894 torn.
1586 3842 1670 3907 76,
1709 3858 1757 3910 p.
1801 3836 1954 3898 1137.

612 3917 657 3989 ²)
697 3919 823 3974 lbid.
861 3924 986 3974 tom.
1026 3915 1147 3987 105,
1184 3936 1233 3989 p.
1273 3921 1429 3976 1002.

610 3997 654 4068 ⁸)
693 3999 821 4055 lbid.
859 4004 984 4055 tom.
1025 4001 1147 4069 121,
1184 4017 1233 4070 p.
1271 4003 1394 4056 321.

607 4080 651 4147 ⁴)
697 4080 837 4148 Quia
874 4080 1255 4136 nonnullorum
1294 4086 1378 4137 est
1411 4082 1756 4149 consuetudO,
1794 4084 1958 4155 inquit
1994 4101 2037 4137 ε.
2075 4084 2402 4138 Maximus
2441 4084 2675 4139 Tauri-

442 4162 692 4228 nensi8‚
744 4160 1095 4217 advenientes
1125 4162 1601 4234 ⁴Quadrayesimae
1637 4165 1756 4219 dies
1793 4164 2058 4219 devotiori
2075 4155 2298 4234 jejunio
2321 4166 2675 4235 praevenire,

441 4242 742 4297 necessario
766 4258 1049 4312 praesens
1085 4244 1352 4313 evanqelii
1386 4244 1619 4300 decursa
1646 4249 1731 4299 est
1753 4245 1928 4311 lectio,
1966 4245 2022 4299 in
2048 4261 2154 4315 qua
2180 4245 2448 4299 Dominus
2471 4248 2666 4310 noster.

441 4321 685 4378 virtutum
720 4322 1096 4394 spiritualium
1135 4324 1456 4392 retributor,
1492 4328 1737 4380 sanctam
1774 4325 1929 4380 nobis
1952 4328 2368 4395 perfectamque
2405 4325 2554 4378 dedit
2589 4341 2666 4379 re-

437 4404 609 4469 qnlam
632 4404 944 4475 jejunandi
969 4403 1187 4458 dicens:
1225 4404 1389 4470 Quum
1407 4406 1673 4476 jeJunatiS,
1700 4422 1799 4459 non
1821 4407 1965 4460 eritis
1995 4407 2128 4459 sicut
2152 4405 2452 4475 hypocritae
2478 4405 2666 4459 tristes,

445 4483 601 4551 (Apud
640 4484 829 4553 Μίςιιθ,
871 4483 1017 4538 Patr.
1056 4483 1089 4537 l.
1128 4489 1168 4539 t.
1207 4485 1291 4553 57,
1330 4501 1414 4555 pp.
1452 4487 1780 4553 301—302).
1854 4486 2046 4552 Quibus
2083 4485 2254 4539 verbis
2293 4500 2356 4537 ex
2382 4501 2422 4539 s,
2453 4484 2666 4538 Maxime
