3514 5391
864 500 970 554 628
1493 501 1669 554 Annus
1707 499 2088 555 ecclesiasticus
2125 498 2481 556 Armenorum.

2406 608 3105 619 w--ffl—

1488 696 1659 753 Sectio
1696 696 1834 752 VIII.
1890 696 2136 768 Hissnag.
2192 698 2479 753 Adventus.

1403 812 1526 819 ...ι-..-

864 893 939 938 ex
988 875 1212 957 quibus
1262 873 1505 940 Choren
1568 875 1631 939 in
1696 873 1910 952 exilio,
1979 875 2299 941 Abraham
2348 876 2414 940 in
2461 876 2796 941 solitudine
2848 874 3113 939 ascetica

866 972 990 1035 vita
1047 973 1469 1056 migraverunt
1536 972 1613 1036 ad
1663 972 2011 1049 Christum,
2059 978 2265 1057 prout
2324 977 2589 1038 testatur
2649 974 2856 1039 Men.
2912 975 3110 1036 Arm.

865 1068 968 1133 20.
1020 1069 1170 1134 Dec.
1243 1108 1326 1115 --
1397 1068 1652 1134 Cosmas
1720 1074 1927 1135 autem
1996 1078 2057 1136 et
2103 1071 2493 1153 Dammana,
2562 1072 2817 1150 fratres,
2891 1069 3112 1135 medici

864 1168 1184 1252 anargyri;
1235 1170 1576 1234 secundum
1627 1166 1753 1233 Gr.
1805 1173 1867 1233 ct
1912 1169 2118 1235 Arm.
2171 1169 2457 1236 Menol.
2507 1169 2759 1235 fuerunt
2788 1170 2915 1235 tria
2946 1167 3113 1252 paria

865 1266 1128 1330 fratrum
1175 1268 1633 1351 cognominum.
1729 1268 1925 1332 Primi
1974 1272 2150 1333 erant
2194 1268 2419 1333 fratres
2468 1268 2747 1349 Arabes,
2813 1268 2927 1353 qui
2974 1286 3110 1351 per-

831 1370 1155 1450 ,agrantes
1202 1366 1396 1451 gratis
1447 1366 1816 1430 medicinam
1866 1367 2270 1443 exercebant,
2335 1370 2395 1430 et
2443 1367 2558 1431 sub
2612 1367 3005 1432 Diocletiano
3053 1364 3107 1427 in

866 1462 1078 1529 Cilicia
1126 1465 1287 1547 capti
1351 1464 1550 1548 capite
1613 1463 1774 1547 plexi
1839 1469 1983 1529 sunt
2049 1484 2086 1529 a
2132 1464 2319 1548 Lysia
2364 1464 2662 1530 Praeside
2718 1487 2860 1533 cum
2914 1463 3107 1528 tribus

862 1562 1057 1645 ipsius
1104 1562 1400 1627 fratribus
1447 1561 1769 1634 Anthimo,
1838 1563 2098 1628 Leontio
2162 1568 2224 1627 et
2269 1563 2603 1647 EuprepiO,
2671 1584 2825 1648 quos
2878 1562 3105 1627 Mart.

865 1659 1089 1821 ξίὀοιῐὲ.Ι
1142 1661 1334 1725 refert
1399 1661 1513 1725 sub
1582 1661 1686 1727 27.
1740 1660 1948 1745 Sept,
2017 1661 2221 1727 Men.
2286 1660 2415 1727 Gr.
2488 1662 2588 1726 17.
2642 1661 2808 1739 Oct,
2883 1663 3101 1726 Arm.

912 1760 969 1822 ⁶.
1093 1758 1248 1823 artii.

1044 1864 1311 1930 Secundi
1359 1865 1612 1930 fuerunt
1660 1863 1883 1930 fratres
1930 1866 2226 1944 Romani,
2277 1867 2382 1949 qui
2432 1865 2722 1932 Carinum
2775 1865 3097 1931 Caesarem

865 1964 1111 2028 sanitati
1159 1964 1517 2028 restitutum
1565 1964 1625 2027 in
1675 1962 1908 2028 Christi
1954 1964 2145 2028 fidem
2194 1984 2336 2029 cum
2383 1970 2516 2029 tota
2561 1965 2695 2048 ejus
2724 1964 2963 2029 familia
3006 1981 3098 2026 re-

863 2062 1178 2139 ducenteS‚
1249 2063 1324 2126 ab
1387 2061 1549 2126 illius
1598 2060 1908 2127 archiatro
1970 2062 2183 2127 dolose
2241 2063 2307 2127 in
2352 2067 2627 2129 montem
2678 2063 2956 2137 abducti,
3020 2058 3095 2123 ibi

864 2159 1172 2243 lapidibus
1221 2161 1422 2224 obruti
1473 2165 1634 2237 sunt,
1686 2165 1871 2243 prout
1918 2161 2255 2226 memoriae
2302 2162 2557 2226 tradunt
2604 2162 2724 2227 Gr.
2790 2166 2853 2226 et
2896 2161 3093 2225 Arm.

867 2257 1056 2323 Men.
1108 2259 1206 2323 die
1258 2261 1313 2323 1.
1365 2257 1533 2323 Julii.

1043 2365 1350 2431 Postremi
1397 2366 1651 2431 fuerunt
1687 2366 1819 2449 filii
1851 2367 2205 2446 Theodotis,
2257 2368 2361 2451 qui
2408 2387 2532 2431 non
2565 2366 2764 2431 solum
2798 2366 3091 2439 homineS,

865 2465 978 2529 sed
1027 2464 1215 2529 etiam
1265 2465 1550 2547 jumenta
1611 2465 1946 2539 sanabant,
2014 2465 2181 2530 nulla
2243 2469 2497 2548 accepta
2551 2466 2845 2549 pecunia:
2912 2479 3089 2548 quum

868 2572 1076 2627 autem
1124 2563 1466 2628 Damianus
1534 2565 1824 2649 exiguum
1889 2564 2137 2647 aliquod
2184 2584 2410 2629 munus
2458 2565 2827 2650 recepisset,
2895 2559 3094 2649 prohi-

869 2663 1002 2728 buit
1049 2682 1192 2728 eum
1242 2661 1501 2729 Cosmus
1541 2662 1721 2746 juxta
1769 2682 1835 2728 se
1885 2664 2151 2748 sepeliri.
2247 2662 2586 2748 Postquam
2619 2684 2763 2730 vero
2791 2664 3097 2748 requieve-

867 2768 1009 2826 runt
1068 2763 1129 2826 in
1195 2782 1379 2847 pace,
1454 2763 1724 2846 primum
1788 2763 2035 2844 quidem
2103 2762 2392 2840 Cosmus,
2459 2763 2684 2828 deinde
2745 2762 3095 2830 DamianuS,

868 2859 1142 2924 camelus
1191 2862 1266 2925 ab
1318 2860 1548 2924 eisdem
1600 2865 1854 2925 sanatus
1902 2862 2122 2939 edixit,
2189 2866 2258 2925 ut
2304 2861 2677 2926 Damianum
2730 2882 2908 2926 secus
2954 2859 3098 2923 Cos-

869 2978 1034 3022 mam
1097 2959 1462 3042 sepelirent,
1531 2979 1721 3043 quum
1771 2978 1893 3024 non
1944 2980 2053 3043 pro
2102 2959 2420 3036 mercede,
2488 2961 2598 3025 sed
2644 2966 2899 3044 propter
2934 2958 3098 3040 jura-

869 3064 1148 3121 mentum
1226 3058 1530 3141 receperit
1614 3078 1873 3134 munuS‚
1969 3058 2495 3142 quemadmodum
2569 3063 2823 3122 narrant
2891 3057 3098 3121 Men.

869 3157 990 3218 Gr.
1062 3161 1121 3220 et
1192 3158 1385 3222 Arm.
1462 3157 1515 3220 1.
1568 3155 1727 3222 Nov,
1844 3155 1967 3220 Sed
2032 3155 2225 3240 relegi
2288 3154 2470 3220 velim
2549 3175 2709 3239 quae
2774 3157 2851 3221 de
2909 3154 3101 3219 tribus

869 3252 966 3318 his
1020 3254 1285 3415 peribu}
1321 3255 1582 3319 fratrum
1643 3255 2086 3339 cognominum
2137 3254 2566 3319 animadversa
2627 3259 2774 3319 sunt
2830 3259 2992 3318 tomo
3044 3251 3100 3314 1.

871 3372 970 3434 pp.
1026 3353 1239 3417 199-
1288 3353 1395 3417 00.

869 3628 913 3691 d
1049 3530 1100 3593 F
1120 3551 1195 3594 er
1217 3532 1289 3596 ia
1333 3530 1463 3596 III.
1561 3532 1815 3595 Festum
1842 3531 2139 3596 Jasbusti
2164 3533 2488 3616 martyris,
2537 3530 2707 3617 quod
2733 3542 2919 3595 sonat
2942 3530 3095 3593 Deo·

915 3637 1074 3694 atus.

1047 3754 1409 3834 Jasbustus,
1458 3755 1806 3837 Idsbustus,
1869 3760 2104 3850 martyr
2151 3776 2225 3819 ex
2272 3776 2455 3841 mago
2505 3756 2581 3820 ad
2630 3752 2860 3820 Christi
2916 3753 3087 3818 fidem

870 3873 1221 3928 conversim,
1274 3857 1332 3917 ct
1380 3875 1416 3917 a
1443 3853 1652 3918 Persis
1701 3855 1816 3919 sub
1850 3854 2122 3919 Chosroe
2171 3855 2466 3937 martyrio
2501 3858 2905 3938 consumptus
2932 3871 3086 3915 com·

873 3958 1249 4017 memoretur
1296 3953 1354 4017 in
1407 3952 1599 4017 Men.
1653 3953 1849 4017 Arm.
1900 3953 1999 4016 die
2048 3953 2154 4017 25.
2187 3952 2373 4018 Febr

1046 4131 1201 4195 Jam
1259 4154 1401 4195 vero
1464 4142 1608 4195 ante
1667 4129 2117 4194 abstinentiam
2164 4131 2587 4216 Epiphaniae
2635 4141 2905 4217 quatuor
2963 4128 3082 4192 dies

869 4252 1182 4308 enumera,
1232 4240 1494 4316 eoeccpta
1522 4229 1709 4315 feria
1759 4240 2007 4314 quarta,
2056 4240 2239 4293 sexta
2288 4239 2347 4292 et
2376 4229 2740 4308 Dominica,
2788 4230 2855 4291 in
2885 4225 3082 4314 quibus

871 4332 1117 4417 majora
1175 4350 1443 4414 perayes
1510 4327 1681 4406 festa
1745 4329 2163 4391 testimonium
2230 4327 2585 4390 Nativitati
2644 4328 2727 4392 D.
2778 4328 2863 4391 N.
2908 4325 2971 4390 ..l
3022 4319 3077 4386 C

867 4427 1286 4510 perhibentia.
