3514 5391
1190 525 1856 580 November—December.
2534 527 2636 578 711

398 731 505 797 21.

396 1033 505 1097 22.

392 1338 502 1406 23.

392 1543 503 1608 24.

393 1751 504 1817 25.

393 1857 504 1923 26.

573 730 866 796 Obdorm.
916 751 966 793 5.
1000 729 1283 815 Gregorii
1331 728 1799 813 Thaumaturgi.
1827 767 1909 774 ω
1941 727 2202 811 Mai-tyr.
2236 748 2319 793 55.
2347 726 2633 810 Alphaei‚

575 828 897 907 Zacchaei,
946 828 1209 894 Romani
1255 833 1317 893 et
1363 827 1640 892 Joannis.
1689 865 1768 874 —-
1810 827 1968 902 [tem
2000 826 2216 904 Isaaci,
2266 825 2544 891 Thomae
2577 833 2640 891 et
2694 859 2698 866 ·

576 926 844 992 Victoris
892 947 966 992 ex
1014 927 1168 992 urbe
1214 926 1542 992 Asmuniu.

578 1033 839 1118 Martyr.
909 1032 1172 1099 Gosmae
1247 1038 1309 1099 et
1373 1033 1662 1098 Damiani
1739 1052 1879 1097 cum
1952 1032 2246 1097 fratribus
2312 1031 2634 1103 Anthimo,

574 1132 855 1209 Leontio,
919 1132 1232 1217 Euprepio
1278 1153 1352 1198 ac
1398 1132 1760 1197 eorumdem
1807 1136 2006 1197 matre
2053 1130 2382 1196 Theodora
2428 1133 2490 1196 et
2537 1151 2634 1195 so-

577 1231 687 1296 ciis
735 1231 886 1297 292.
1260 1253 1267 1258 ·

581 1338 875 1403 Obdorm.
925 1336 1192 1403 Cornelii
1239 1338 1632 1403 centurionis,
1686 1375 1771 1383 —
1821 1335 2059 1402 Gomm.
2110 1356 2160 1401 s.
2191 1335 2470 1400 Marinae
2520 1335 2636 1399 vir·

576 1437 737 1523 ginis
786 1457 859 1502 ac
905 1436 1215 1520 martyliS.

577 1542 837 1608 Festum
886 1543 1102 1629 viginti
1149 1547 1413 1627 quatuor
1456 1542 1783 1620 Seniorum
1849 1542 1910 1606 in
1959 1541 2215 1607 circuitu
2265 1540 2474 1605 throni
2521 1540 2637 1606 Dei

576 1642 945 1720 sedentium,
995 1642 1097 1725 qui
1149 1646 1210 1707 et
1256 1640 1585 1726 Seraphim
1636 1643 1950 1707 vocantur.

577 1749 837 1833 Martyr.
887 1769 936 1815 s.
986 1748 1286 1814 Mercurii
1333 1749 1597 1814 Romani
1645 1749 1761 1813 sub
1811 1748 2030 1813 Decio,

577 1857 840 1941 Martyr.
887 1877 972 1922 ss.
1020 1855 1331 1924 Valeriani
1381 1860 1443 1920 et
1488 1855 1771 1921 Tiburtii.
1820 1893 1908 1901 —
1963 1853 2204 1919 comm.
2254 1874 2302 1919 5.
2354 1854 2635 1938 Gregorii

433 1996 449 2007 ·
576 1954 637 2020 N
639 1955 870 2039 ysseni.
929 1992 1014 2000 —-
1074 1952 1147 2019 In
1195 1953 1527 2037 Aethiopia
1574 1973 1798 2020 comm.
1863 1972 1914 2020 5.
1964 1952 2238 2018 Arethae
2295 1956 2357 2017 et
2403 1956 2637 2035 marty-

384 2161 505 2228 27.

398 2367 505 2431 28.

258 2622 262 2625 ⁴
400 2672 506 2737 29.

400 2778 506 2865 30.

451 3945 513 4331 50905³9³

424 4470 518 4537 10.

576 2074 717 2118 rum
762 2053 1286 2139 Nagranensium.

579 2158 817 2225 Comm.
884 2160 1092 2246 magni
1148 2160 1436 2244 martyris
1484 2158 1774 2236 victorie,
1837 2158 1946 2224 filii
1995 2158 2254 2224 Romani
2319 2157 2637 2242 principis.

578 2298 665 2306 —-
710 2258 971 2343 Martyr.
1022 2279 1072 2324 s,
1123 2258 1340 2350 Jacobi
1389 2258 1682 2323 intercisi.

582 2367 845 2450 Martyr.
892 2386 942 2431 s,
992 2365 1346 2451 Serapionis
1394 2386 1489 2449 ep.
1539 2365 1705 2430 Nicii
1752 2365 1814 2429 in
1847 2365 2135 2448 Aegypto
2184 2365 2473 2429 inferiore
2521 2364 2636 2429 sub

580 2465 964 2531 Diocletiano
1035 2485 1175 2529 cum
1223 2464 1400 2529 4800
1447 2463 1652 2529 sociis,
1720 2501 1806 2509 -—-
1883 2462 1957 2526 In
2024 2461 2353 2545 Aethiopia
2410 2481 2634 2527 comm.

579 2585 628 2628 s,
678 2563 893 2629 Licani
941 2583 1017 2628 ex
1061 2583 1287 2629 novem
1333 2563 1595 2627 Sanctis.

580 2670 839 2757 Martyr.
889 2691 939 2738 s,
990 2670 1161 2737 Petri
1207 2670 1375 2737 Patr.
1427 2669 1605 2736 Alex,

558 2779 838 2864 ·Martyr.
889 2799 938 2844 s.
990 2777 1357 2844 Oatharinae
1407 2778 1660 2863 virginis
1707 2776 2182 2841 Alexandrinae.

1102 2972 1424 3032 Koiahk.
1507 2971 1943 3032 December.

494 3165 507 3177 .
583 3111 840 3196 Martyr.
891 3133 939 3176 s.
992 3109 1328 3175 Clementis
1376 3129 1471 3205 ep.
1506 3107 1787 3173 Romani.
1839 3146 1922 3152 -——
1972 3105 2291 3171 Dedicatio
2323 3102 2638 3169 Ecclesiae

582 3209 844 3275 Gosmae
891 3214 953 3275 et
1000 3209 1306 3274 Damiani.

583 3317 822 3384 Oomm.
872 3337 922 3389 s.
972 3317 1229 3382 Macarii
1278 3316 1584 3399 martyris,
1638 3353 1711 3361 —-
1772 3313 2010 3378 Corum.
2052 3311 2203 3377 Hori
2235 3310 2498 3376 abbatis.
2551 3348 2636 3355 —-

581 3416 821 3482 Gomm.
871 3414 1154 3492 Sidrach,
1205 3413 1451 3479 Misach
1500 3418 1560 3479 et
1608 3413 1976 3497 Abdenago.

582 3524 912 3609 Ingressus
961 3523 1266 3607 Deiparae
1315 3522 1569 3606 virginis
1616 3523 1676 3585 in
1727 3518 2050 3603 templum.

582 3630 840 3715 Martyr.
891 3652 940 3695 s,
992 3630 1280 3713 Andreae
1326 3629 1449 3713 Ap.
1947 3629 1952 3635 ’

583 3737 822 3803 Comm.
854 3759 903 3803 s,
932 3737 1249 3822 Eugeniae
1296 3736 1569 3821 virginis,
1619 3733 1783 3799 filiae
1807 3731 2081 3815 Philippi
2114 3731 2431 3815 principis,
2466 3730 2642 3794 ducis

582 3836 876 3920 Aegypti.
929 3872 1010 3883 —
1063 3835 1300 3901 Comm.
1352 3834 1609 3899 Nahum
1656 3830 1877 3916 proph.

582 3942 841 4027 Maltyr.
897 3941 1158 4007 Victoris
1206 3962 1300 4025 ep.
1353 3946 1413 4005 et
1461 3939 1730 4007 Anatolii
1781 3938 2147 4022 presbyteri.

582 4049 877 4115 Obdorm.
929 4072 978 4116 5.
1026 4048 1328 4114 Heraclae
1375 4048 1543 4114 Patr.
1592 4047 1769 4113 Alex.

584 4158 842 4241 Martyr.
893 4177 976 4222 ss.
1026 4156 1336 4222 Barbarae
1385 4161 1446 4221 et
1491 4154 1800 4220 Julianae:

584 4265 841 4349 Martyr.
892 4287 941 4331 5.
990 4264 1210 4329 Sabae.
1280 4302 1358 4311 —-
1428 4262 1721 4327 Obdorm.
1786 4261 1988 4325 Pimin
2039 4259 2302 4335 abbatiS,
2353 4257 2646 4340 martyris

586 4365 820 4448 absque
867 4362 1168 4428 effusione
1215 4360 1552 4446 sanguinis,

588 4471 882 4537 Obdorm.
933 4490 981 4535 5.
1030 4468 1291 4546 Nicola‘i,
1342 4488 1438 4551 ep.
1488 4467 1726 4552 Myrae.
1779 4503 1861 4511 -
1910 4462 2169 4548 Martyr.
2219 4484 2267 4527 s,
2319 4461 2647 4529 Thalassii.
