3514 5391
986 538 1162 598 Mense
1200 538 1426 600 Octobri.
1483 541 1792 601 Solemnitas
1830 540 1909 602 Ss.
1935 541 2156 602 Rosarii.
2585 544 2690 604 527

454 652 523 660 ——-
570 654 745 663 ---Δ-...-
766 657 809 663 -.-
834 658 979 664 —w-
1040 658 1139 662 --
1226 657 1299 662 =-—
1336 658 1457 663 --—-.

620 795 719 860 De
765 798 1166 861 institutione
1213 794 1633 862 solemnitatis
1678 794 1777 862 Sa.
1827 798 2114 863 anm-ii.

623 938 713 1005 Ut
738 941 1114 1026 perinsignis
1144 940 1436 1006 victoriae
1462 940 1623 1024 apud
1650 938 2006 1004 Echinadas
2038 939 2273 1004 insulas
2300 941 2398 1005 die
2429 943 2695 1025 septima

449 1033 735 1103 Octobris
782 1039 927 1103 anni
984 1037 1173 1115 1571,
1222 1037 1891 1122 Deiparaadjuyante,
1944 1037 2022 1101 de
2055 1036 2396 1103 'Parcarum
2429 1042 2693 1122 tyranno

446 1140 798 1219 reportatae
861 1154 1134 1220 perenne
1164 1204 1169 1213 ,
1198 1140 1435 1202 extaret
1496 1141 1966 1201 monumentum
1998 1136 2065 1220 ¹),
2136 1154 2210 1214 s.‚
2236 1135 2387 1201 Pius
2434 1136 2565 1205 ΡΡ.
2615 1136 2690 1204 V.

444 1232 503 1297 in
564 1234 1021 1319 Martyrologio
1084 1233 1363 1299 Romano
1432 1234 2085 1300 commemorationem
2158 1232 2220 1299 S.
2274 1233 2514 1298 Mariae
2576 1235 2691 1299 sub

443 1330 621 1406 titulo
672 1332 751 1395 de
790 1332 1095 1397 Victoria
1143 1332 1277 1397 fieri
1317 1332 1523 1415 jussit.
1618 1334 1707 1398 At
1754 1332 2095 1418 Gregorius
2142 1330 2270 1398 ΡΡ.
2319 1331 2492 1397 XIII.
2542 1352 2693 1416 pon-

442 1428 670 1496 derans
722 1432 1045 1499 victoriam
1092 1429 1259 1495 illam
1310 1431 1506 1496 fuisse
1554 1429 1817 1495 relatam
1866 1429 2197 1495 Dominica
2257 1429 2457 1513 prima
2507 1428 2691 1494 Octo-

443 1526 589 1606 bris,
642 1548 767 1612 qua
814 1528 1173 1594 sodalitates
1208 1528 1321 1607 88.
1358 1528 1598 1594 Rosarii
1647 1528 2131 1613 supplicationes
2163 1548 2274 1612 pro
2307 1528 2693 1612 principibus

440 1624 803 1693 christianis
851 1632 1069 1693 contra
1116 1627 1351 1692 Turcas
1400 1627 1689 1713 agebant,
1740 1626 2256 1711 hisceprecibus
2304 1626 2404 1711 pie
2453 1627 2694 1691 censuit

439 1724 956 1804 adscribendam-3
1023 1745 1216 1809 quare
1280 1729 1349 1789 ut
1410 1745 1520 1811 pro
1568 1729 1697 1789 tam
1745 1723 2046 1809 singulari
2105 1723 2412 1791 beneficio
2462 1725 2692 1789 Beatae

444 1820 688 1908 Virgini
739 1823 854 1888 sub
905 1823 1315 1908 appellatione
1364 1822 1604 1888 Rosarii
1654 1842 1960 1907 perennes
2005 1822 2242 1908 gratiae
2291 1823 2520 1907 ubique
2569 1828 2686 1887 ter-

437 1939 654 1985 rarum
704 1920 1100 1999 haberentur,
1151 1922 1212 1986 in
1262 1919 1541 1986 ecclesiis
1590 1920 1899 1996 omnibus,
1949 1921 2010 1984 in
2061 1919 2286 2004 quibus
2336 1919 2526 1986 altare
2568 1920 2690 1985 Ro-

437 2018 584 2083 sarii
639 2019 817 2094 foret,
884 2020 1083 2105 prima
1144 2038 1389 2103 quaque
1439 2018 1725 2084 Octobris
1775 2019 2104 2085 Dominica
2129 2017 2181 2103 ²)
2231 2017 2520 2084 Officium
2571 2019 2692 2083 ritu

436 2116 673 2200 duplici
723 2118 939 2200 majori
989 2116 1206 2182 indixit
1253 2116 1695 2182 celebrandum
1743 2137 1906 2181 anno
1961 2116 2149 2182 1573.
2222 2115 2398 2198 Quod
2439 2118 2688 2202 quidem

438 2211 739 2279 Clemens
754 2213 881 2280 ΡΡ.
901 2214 978 2279 Χ.
1007 2214 1246 2280 cunctis
1267 2213 1713 2299 Hispaniarum
1738 2216 1949 2299 regnis
1975 2215 2280 2279 concessit
2299 2236 2458 2281 anno
2488 2214 2647 2287 1671
2677 2237 2689 2291 ;

438 2310 738 2377 Clemens
769 2311 896 2378 ΡΡ.
928 2311 1035 2393 XI.
1088 2314 1341 2378 tandem
1391 2317 1532 2396 post
1579 2312 1891 2398 insignem
1938 2310 2256 2377 victoriam
2311 2313 2386 2379 ab
2419 2308 2689 2379 exercitu

438 2408 649 2476 Caroli
697 2410 807 2479 VI.
854 2409 1249 2496 imperatoris
1296 2412 1357 2476 in
1407 2411 1731 2496 Hungaria
1779 2431 1936 2477 anno
1991 2410 2161 2475 1716
2209 2412 2288 2476 de
2327 2411 2546 2477 Turcis
2594 2432 2691 2476 re-

440 2514 778 2596 portatam,
829 2510 1062 2581 festum
1109 2530 1253 2576 cum
1301 2506 1522 2576 Officio
1572 2514 1634 2576 et
1666 2508 1866 2574 Missa
1896 2510 1973 2573 de
2008 2506 2122 2572 SS.
2149 2509 2426 2574 Rosario
2452 2509 2692 2572 Beatae

442 2605 708 2672 Mariae
768 2607 1049 2695 Virqinis
1114 2609 1190 2673 ad
1237 2607 1587 2673 Ecclesiam
1636 2609 1992 2673 universam
2055 2607 2347 2674 extendit.
2445 2605 2567 2672 Sed
2615 2607 2692 2672 de

439 2707 542 2772 his
570 2702 744 2773 ..vide
808 2709 975 2794 ipsas
1035 2706 1334 2774 lectiones
1383 2708 1679 2776 Breviarii
1727 2705 2012 2784 Romani,
2082 2727 2151 2771 ac
2201 2706 2454 2771 consule
2505 2707 2688 2771 etiam

441 2806 977 2872 Benedictum
1034 2805 1161 2888 ΡΡ.
1213 2806 1379 2873 XJV.
1441 2806 1519 2871 de
1550 2806 1749 2893 festis
1811 2806 1894 2871 D.
1949 2804 2040 2886 N„
2086 2804 2152 2870 J.
2212 2801 2277 2870 C.
2336 2805 2691 2890 Matrisque

440 2903 640 2992 Effice,
707 2905 866 2989 partss
917 2905 978 2984 2,
1046 2926 1155 2972 nn.
1212 2895 1559 2971 157—172‘
1584 2905 1657 2989 ³),
1725 2905 1831 2970 ubi
1881 2904 2201 2989 superiora
2248 2903 2473 2981 omnia,
2533 2923 2724 2990 quae⁴

442 3001 522 3067 ad
572 3002 901 3068 Rosarium
967 3004 1224 3089 ejusque
1286 2999 1743 3073 solemnitatem
1808 2997 2124 3089 spectant,
2191 3003 2330 3068 fuse
2392 3022 2464 3067 ac
2511 3003 2690 3067 docte

441 3101 794 3167 tractantur
812 3101 887 3186 ⁴).
984 3102 1354 3169 Recentiora
1401 3123 1544 3170 vero
1606 3107 2223 3182 accuraterecenset
2275 3100 2688 3178 Holweck,

444 3199 636 3262 Fasti
680 3199 996 3282 Mariani,
1051 3222 1149 3284 pp.
1201 3199 1575 3278 250-253,
1626 3203 1789 3266 unde
1838 3222 1918 3266 ea
1957 3199 2140 3266 facile
2189 3205 2384 3285 petes,

627 3449 671 3516 ι)
712 3451 798 3504 De
821 3467 1011 3522 puyna
1049 3452 1237 3505 navali
1269 3450 1345 3508 ad
1380 3448 1701 3506 Echinadas
1739 3449 2159 3504 commentarium
2188 3448 2398 3522 ultimus
2422 3449 2692 3517 eleganter

446 3533 499 3581 et
537 3535 720 3584 ornate
759 3531 967 3600 scripsit
1002 3532 1303 3586 Miloni:
1366 3531 1577 3599 Romae,
1616 3547 1679 3585 ex
1717 3531 1920 3585 officina
1959 3530 2024 3585 ad
2063 3531 2229 3585 sonim
2257 3529 2420 3596 Facie,
2464 3531 2618 3584 1879.

626 3608 672 3678 ²)
709 3609 827 3664 Non
863 3612 1229 3676 ecclesiastice,
1269 3612 1358 3666 sed
1397 3610 1616 3666 civiliter
1654 3611 2011 3679 computanda.

624 3687 669 3756 ⁸)
708 3689 1203 3747 Edit.·BruxellenS.
1242 3695 1282 3747 t.
1321 3692 1371 3758 2,
1411 3707 1494 3761 pp.
1531 3693 1833 3746 370—381.

624 3771 671 3838 ⁴)
710 3771 803 3825 Dr.
842 3772 1108 3828 Henric.
1149 3772 1293 3839 Alt,
1345 3771 1739 3826 Latinorum
1781 3773 1936 3841 festa
1977 3771 2227 3838 Rosarii,
2276 3770 2592 3826 Patrociuii
2638 3777 2692 3823 et

450 3849 903 3906 Ruthenorum
940 3852 1157 3907 Polcrov
1185 3852 1375 3914 inscite
1413 3852 1692 3920 confundit,
1743 3869 1807 3905 ac
1843 3852 2222 3906 sanctissimam
2257 3857 2492 3910 nostram
2529 3850 2690 3918 pieta-

448 3934 551 3985 tem
586 3937 727 3985 tecte
765 3932 1021 3987 irridendo
1059 3938 1271 4002 praeter
1307 3932 1409 3987 alia
1437 3932 1660 3986 absurda
1697 3931 1827 3986 haec
1852 3932 1913 3985 de
1943 3931 2146 3986 Rosci-ii
2171 3933 2306 3985 festo
2332 3930 2538 3984 scribit:
2578 3930 2689 3983 Ein

449 4009 927 4083 Rosenkranzsest
961 4012 1151 4084 dut-ste
1186 4012 1514 4067 namentlich
1566 4011 1654 4066 bei
1686 4011 1808 4065 dem
1846 4010 2412 4066 Dominicanerorden
2464 4012 2575 4078 aas
2602 4009 2691 4063 die

449 4090 783 4147 duale-burste
819 4094 1227 4163 Anerkennuny
1263 4093 1519 4159 reclmen,
1555 4093 1744 4147 suntal
1778 4091 2004 4147 seitdem
2031 4092 2305 4147 Innocens
2339 4089 2489 4143 VIII.
2527 4089 2691 4155 (148)

452 4173 682 4242 -1492)
718 4174 899 4240 Allen,
936 4173 1025 4228 die
1049 4174 1152 4228 den
1175 4174 1544 4228 Rosenltrane
1568 4172 1866 4243 anddchtiy
1899 4172 2014 4226 und
2025 4171 2246 4242 fleisst'y
2272 4170 2424 4224 be!en
2449 4168 2692 4234 κοίη-ἄση,

448 4253 578 4320 360,
581 4255 699 4308 000
734 4253 915 4309 Jahre
950 4255 1151 4310 Ablass
1201 4255 1516 4309 ret-heleseu
1563 4253 1754 4320 hatte,
1809 4269 1923 4308 was
1967 4252 2272 4322 allerdinys
2322 4250 2395 4305 im
2433 4248 2691 4306 Hinblick

450 4335 585 4404 auf
581 4333 672 4389 die
708 4333 1118 4389 ‹salertam-ende
1143 4336 1246 4390 det·
1266 4334 1554 4405 E'wiqkeit‚
1590 4334 1729 4387 nach
1769 4333 1941 4387 denen
1968 4334 2070 4388 der
2096 4331 2346 4390 Zet-stand
2368 4331 2470 4385 der
2495 4329 2687 4390 Seelen

448 4412 519 4466 lm
554 4414 835 4485 Feyfeuer
870 4429 949 4469 su·
980 4415 1279 4470 berec-lmen
1319 4414 1409 4480 ist,
1445 4413 1594 4468 nocht
1631 4413 1752 4470 ciel,
1793 4414 1987 4467 immet·
2011 4413 2146 4466 aber
2170 4411 2303 4466 doch
2330 4411 2494 4466 sehon
2522 4413 2690 4464 etwas

447 4492 521 4547 ist
553 4493 937 4563 (Kirchmijahr,
974 4511 1022 4564 p.
1061 4497 1168 4562 73).
