3514 5391
905 528 1012 582 620
1529 528 1705 581 Annus
1743 494 2124 582 ecclesiasticus
2164 528 2517 581 Armenorum.

3018 625 3127 635 -—-—-

909 641 946 645 —
1101 639 1314 646 ——-—·——-

1533 720 1705 780 Sentio
1742 725 1878 779 VIII.
1936 725 2178 795 Hissnag.
2237 726 2519 780 Adventus

906 905 1296 970 suetudinem
1362 907 1522 971 forte
1588 907 1975 990 temporibus
2039 906 2158 971 illis
2224 914 2563 983 servatam,
2633 926 2703 970 ae
2761 908 2991 989 postea
3033 892 3140 959 eol·

905 1003 1165 1087 lapsam,
1216 1025 1381 1069 nune
1431 1006 1632 1069 denuo
1682 1006 2029 1070 excitarunt
2074 1005 2195 1069 hoe
2242 1007 2447 1082 modo,
2496 1024 2742 1088 nempe,
2793 1008 2879 1068 ut
2915 998 3015 1063 hio
3042 992 3145 1057 1001

905 1102 1122 1187 eadem
1185 1103 1545 1167 solemnitas
1610 1102 1959 1168 celebretur
2020 1103 2239 1168 saltem
2289 1105 2375 1168 iis·
2412 1104 2619 1189 annis,
2688 1102 2938 1186 quibus
2982 1096 3148 1159 inter-

905 1200 1129 1265 vallum
1182 1201 1298 1265 hoe
1347 1203 1422 1266 ad
1471 1207 1609 1266 oeto
1657 1201 2083 1267 hebdomadas
2130 1222 2327 1286 usque
2375 1200 2651 1286 protrahi
2701 1194 3063 1285 eontigerit.

1085 1398 1202 1463 Hie
1228 1400 1361 1463 dies
1388 1400 1492 1466 21.
1520 1399 1917 1473 Novembris,
1968 1419 2360 1484 quacumque
2389 1399 2546 1464 feria
2574 1400 2885 1473 occurrit,
2926 1393 3153 1456 festum

902 1506 994 1558 est
1041 1496 1588 1562 Praesentationis
1633 1498 2054 1562 Beatissimae
2104 1497 2378 1562 Sanctae
2408 1498 2733 1584 Deiparae
2784 1489 3069 1560 triennis
3094 1484 3152 1546 in

910 1592 1164 1680 Templo
1214 1618 1256 1658 a
1306 1595 1680 1660 Parentibus
1728 1598 1881 1662 sui-3.

1079 1738 1336 1803 Festum
1404 1740 1568 1804 istud
1634 1741 1696 1804 in
1757 1741 2199 1805 vetustioribus
2262 1740 2653 1805 Kalendariis
2723 1732 3148 1804 desideratur:

901 1836 1252 1900 institutum
1298 1837 1415 1902 fuit
1464 1844 1680 1922 postea
1724 1858 1850 1903 una
1896 1859 2037 1903 eum
2086 1839 2262 1905 festis
2287 1836 2644 1903 Nativitatis
2693 1842 2755 1902 et
2784 1824 3148 1909 Conceptio·

903 1934 996 1998 nis
1043 1934 1452 2001 Beatissimae
1501 1936 1806 2022 Virginis:
1857 1958 2015 2021 quae
2064 1939 2316 2022 quidem
2364 1938 2525 2003 festa
2555 1932 2965 2002 collocarunt
2998 1920 3149 1989 initio

904 2031 1303 2109 Kalendarii3
1371 2036 1699 2117 postmodo
1762 2056 1906 2100 vero
1969 2036 2214 2120 singula
2260 2057 2438 2100 suum
2502 2036 2567 2100 in
2614 2035 2928 2100 ordinem
2974 2029 3150 2088 tra-¹18·

901 2129 1191 2209 tulerunt,
1243 2133 1500 2214 proinde
1548 2137 1610 2197 et
1645 2133 2223 2198 Praesentationem
2260 2133 2330 2199 B.
2373 2134 2443 2198 V.
2492 2133 2595 2197 hie
2642 2137 2992 2216 tamquam
3028 2135 3148 2203 pro-

901 2229 1036 2312 prio
1085 2250 1196 2294 suo
1245 2230 1381 2295 loeo
1430 2236 1794 2297 statuerunt.

1274 2587 1544 2652 Sestio
1595 2587 1792 2653 VIII.
1872 2588 2242 2675 Hissnag.
2316 2590 2756 2655 Adventus,

1078 2749 1417 2813 Dominica
1461 2750 1511 2813 I.
1590 2749 2115 2837 Hissnaya-mud,
2177 2751 2240 2815 h.
2292 2771 2367 2826 e.,
2425 2751 2745 2836 inyreseua
2792 2741 3154 2814 Adventu&

1075 2891 1408 2957 Dominica
1452 2892 1608 2957 haee
1657 2898 1910 2958 vocatur
1955 2894 2269 2979 Inqressio
2324 2891 2995 2980 Quinquayenarioess»
3054 2873 3157 2937 Sive

899 2988 1167 3053 Hilaria
1214 2990 1302 3053 ad
1350 2988 1818 3054 Abstinentiam
1865 2990 2223 3070 Adventus,
2292 2992 2457 3075 quod
2507 2986 3009 3077 quinquaginta
3056 2971 3161 3036 fere

898 3088 1117 3153 diebus
1169 3089 1477 3154 antecedit
1524 3088 1973 3173 Epiphaniam,
2038 3110 2161 3174 quo
2208 3089 2507 3173 temporis
2556 3090 2754 3174 spatio
2810 3093 2996 3153 tres
3032 3065 3162 3181 ᾗθῑῖ·

897 3186 1255 3252 domadales
1322 3188 1727 3253 abstinentiae
1800 3188 2207 3253 observantur
2281 3189 2343 3252 in
2416 3188 2719 3254 honorem
2784 3169 3166 3254 Nativltatls

898 3284 1148 3363 Christi,
1198 3291 1261 3350 et
1307 3285 1712 3370 Epiphaniae,
1762 3307 1885 3350 non
1935 3287 2185 3369 quidem
2234 3286 2588 3350 eontinuato
2637 3291 2852 3362 tractu,
2946 3273 3167 3373 fltffffl's

897 3387 992 3446 est
1041 3383 1441 3460 Graecorum,
1509 3405 1620 3468 per
1667 3384 2080 3468 quadraginta
2123 3385 2256 3449 dies
2304 3384 2767 3463 abstinentium,
2829 3359 3171 3476 vualdum

898 3479 1173 3558 Latin08‚
1226 3481 1331 3564 qui
1379 3502 1492 3564 pro
1540 3481 1718 3547 libitu
1767 3482 2081 3547 abstinent
2126 3482 2347 3547 diebus
2403 3482 2535 3547 fere
2585 3484 2797 3568 viginti
2844 3471 3169 3571 qu¹fflfl¹¹⁸⁹

897 3598 1055 3661 quae
1107 3578 1482 3644 abstinentia
1527 3582 2114 3670 voeatu1·jejunium
2140 3580 2496 3645 Adventus:
2543 3583 2654 3647 sed
2678 3562 3171 3666 interpoffltlf'ne

895 3676 1458 3753 hebdomadarum,
1525 3680 1588 3743 in
1636 3679 1861 3763 quibus
1906 3679 2053 3744 lieet
2098 3679 2264 3744 vesei
2314 3679 2623 3744 carnibus,
2719 3680 2889 3746 Nam
3008 3667 3167 3741 ΡῙἮῙ10

893 3774 1202 3840 abstinent
1266 3795 1378 3859 per
1435 3798 1622 3842 unam
1685 3777 2176 3852 hebdomadam,
2245 3797 2403 3861 quae
2450 3781 2545 3841 est
2605 3778 2764 3844 haee
2810 3763 3164 3863 praes-⁰¹¹⁸*

894 3877 1266 3957 vocaturque
1297 3873 1735 3960 Hismay-atz,
1769 3874 2177 3940 Abstinentia
2216 3873 2833 3961 Quinquayenariae.
2908 3840 3167 3934 Demde

893 3977 1031 4055 post
1077 3972 1231 4036 duas
1277 3971 1737 4050 hebdomadaS,
1803 3973 2027 4057 quibus
2076 3978 2409 4038 vescuntur
2456 3993 2662 4054 earne,
2736 3973 2983 4039 altera
3014 3938 3166 4061 ‘heb‘

891 4072 1157 4135 domada
1201 4071 1530 4146 abstinent,
1580 4092 1737 4155 quae
1770 4078 2159 4154 nuncupatur
2189 4070 2597 4136 Abstinentia
2645 4096 2694 4138 ε.
2725 4061 3032 4137 Jacob⁸
3060 4055 3165 4148 ΡΨ

889 4176 1027 4256 pter
1070 4171 1303 4236 festum
1348 4191 1395 4235 s.
1448 4170 1667 4234 Jaeobi
1715 4171 1989 4254 episcopi
2036 4170 2354 4248 Nisibeni,
2420 4171 2585 4253 quod
2635 4169 2921 4236 Sabbata

894 4271 1040 4335 dem
1110 4269 1519 4334 hebdomadis
1585 4268 1951 4334 celebratur.
2064 4269 2334 4333 Demum
2401 4267 2631 4352 elapsis
2693 4268 2825 4333 aliis
2898 4231 3172 4385 Cimb?

895 4367 1407 4444 hebdomadihuS,
1459 4367 1684 4451 quihus
1733 4367 1963 4450 pariter
2010 4386 2195 4431 earne
2242 4371 2515 4442 utuntur,
2567 4366 2775 4432 adhue
2818 4369 2991 4428 uni!
3054 4331 3170 4396 ¹¹⁸

896 4464 1164 4528 domada
1212 4465 1554 4542 abstinent,
1622 4484 1781 4548 quae
1840 4466 2192 4532 nominatur
2240 4464 2647 4530 Abstinentia
2694 4441 3166 4554 Epipha'wu’
