3514 5391
903 502 1008 555 590
1527 502 1703 556 Annus
1742 498 2121 555 ecclesiasticus
2160 503 2515 554 Armenorum.

1474 703 1643 757 Sentio
1682 703 1743 755 V.
1806 702 2091 758 Vartavar.
2148 703 2574 773 Transfiguratio.

905 884 1320 969 Hieronymus
1384 890 1444 948 et
1502 885 1703 960 Beda,
1770 888 2105 968 utrumque
2167 904 2359 948 unum
2422 888 2607 967 atque
2675 883 2937 947 eundem
3000 896 3120 944 esse

904 984 1276 1049 existiment.
1334 982 1514 1048 Hinc
1542 987 1638 1047 est
1679 983 1842 1065 quod
1880 981 2073 1047 Men.
2110 983 2385 1048 Graec.
2435 982 2493 1046 d.
2547 981 2652 1046 29.
2703 980 2893 1055 Junii‚
2948 977 3124 1043 Edes-

903 1103 1034 1146 sam
1070 1082 1395 1166 proficisci,
1448 1086 1508 1145 et
1537 1081 1897 1165 Abagarum
1936 1100 2153 1145 sanare
2205 1101 2275 1145 ac
2305 1085 2666 1145 convertere
2696 1079 2913 1143 tribuit
2940 1076 3125 1141 Judae

903 1180 1235 1246 Thaddaeo
1283 1182 1403 1265 Ap.
1500 1179 1589 1243 Eo
1640 1179 1895 1244 consilio
1945 1180 2131 1243 etiam
2181 1178 2388 1244 Mart
2402 1200 2442 1262 y
2463 1201 2510 1244 r.
2566 1178 2767 1243 Rom.
2818 1195 3006 1241 unum
3041 1194 3127 1238 so-

903 1279 1030 1344 lum
1055 1279 1229 1364 ponit
1257 1278 1698 1364 Thaddaeum‚j
1716 1296 1981 1360 eumque
2010 1298 2086 1343 ex
2115 1278 2462 1353 duodecim,
2513 1275 2885 1365 appellatum
2914 1273 3125 1340 ,Iudam

903 1376 1140 1454 Jacobi,
1192 1397 1378 1460 quem
1426 1377 1616 1442 refert
1664 1376 1847 1440 etiam
1899 1376 2291 1460 praedicasse
2338 1377 2399 1440 in
2449 1375 2923 1458 Mesopotamia.
3016 1371 3127 1435 Sed

903 1474 1125 1561 relege.
1192 1476 1254 1539 si·
1292 1470 1513 1558 placet,
1587 1474 1744 1559 quae
1809 1477 1885 1538 de
1940 1476 2353 1539 Armenorum
2422 1474 2713 1558 apostolis
2778 1472 3127 1555 scripsimus

903 1580 1070 1638 tomo
1122 1577 1176 1649 1,
1228 1594 1329 1657 pp.
1384 1571 1754 1637 256—260.
1917 1569 1920 1572 ’

1083 1824 1420 1887 Dominica
1467 1824 1515 1887 I.
1564 1834 1709 1907 post
1761 1823 1821 1886 T
1816 1821 2423 1907 ranffiqurationem.

1082 1985 1278 2049 Feri
1305 2006 1340 2047 a
1385 1974 1475 2049 ΙΙ.
1593 1985 1841 2046 Festum
1909 1994 2167 2047 sanctae
2237 1982 2601 2065 Susannac,
2655 1982 2842 2066 filiae
2912 1982 3130 2067 Magym‘

919 2084 1225 2149 Vardani.
1261 2134 1265 2145 .
2773 2095 2777 2099 ’

1081 2209 1242 2274 Filia
1289 2214 1418 2273 erat
1464 2208 1618 2273 haec
1668 2229 1717 2272 s.
1774 2208 2060 2284 Vardani,
2122 2207 2329 2294 magni
2380 2208 2647 2273 militum
2696 2207 2908 2284 DuciS‚
2974 2227 3125 2271 mar-

905 2308 1061 2391 tyrio
1111 2328 1146 2372 a
1191 2304 1402 2372 Persis
1461 2306 1800 2383 interfecti,
1865 2326 2024 2389 quae
2074 2306 2313 2371 vivente
2378 2305 2579 2375 adhuc
2629 2306 2803 2390 patre'
2850 2306 2965 2371 fuit
3010 2305 3124 2370 col·

907 2407 1104 2473 locata
1160 2406 1222 2470 in
1286 2404 1644 2490 conjugium
1697 2403 1987 2481 Vazkeni‚
2056 2403 2379 2470 Iberorum
2430 2403 2735 2472 Consulis,
2832 2403 2950 2470 Sed
2998 2408 3121 2487 post

907 2506 1267 2589 martyrium
1316 2504 1426 2570 SS.
1459 2502 1990 2577 Vardanistarum‚
2042 2522 2183 2568 cum
2216 2502 2548 2568 Vazkenus
2597 2504 2658 2600 iu
2687 2502 2969 2568 Pei-siam
2999 2523 3124 2586 pro-

903 2604 1100 2669 fectus
1148 2604 1520 2688 abnegasset
1569 2599 1920 2678 Christum,
1996 2600 2225 2666 nullam
2292 2601 2556 2686 amplius
2626 2602 3120 2667 consuetudinem

902 2702 1119 2768 habuit
1178 2722 1318 2768 cum
1383 2701 1487 2765 illo
1536 2699 1853 2778 Susanna,
1922 2701 2329 2784 quamobrem
2380 2702 2741 2767 saevissime
2792 2702 2866 2767 ab
2917 2702 3121 2766 eodem

900 2801 1248 2867 excruciata
1294 2821 1404 2885 per
1452 2820 1644 2868 annos
1693 2804 1937 2884 septem
1966 2800 2264 2884 martyrio
2302 2799 2389 2865 'ad
2438 2799 2778 2865 Dominum
2828 2799 3124 2884 migravit.

904 2899 1054 2982 Ejus
1101 2899 1334 2964 obitum
1385 2901 1588 2963 Arm.
1623 2896 1822 2963 Men.
1874 2899 2118 2982 reponit
2156 2900 2218 2963 d.
2246 2896 2353 2962 25.
2382 2897 2797 2987 Decembris,
2824 2898 2933 2963 sed
2958 2898 3123 2980 Juxta

902 2997 1162 3066 Kalend.
1214 2997 1489 3061 ordinem
1543 3016 1679 3060 cum
1735 2996 1997 3060 caeteris
2047 2997 2321 3080 ejusdem
2356 2989 2607 3062 'mensis
2657 2997 2834 3080 festis
2880 2996 2981 3060 hic
3016 2994 3126 3059 col-

903 3094 1154 3161 locatur.
2787 3107 2793 3116 ·

1079 3275 1318 3338 Feria
1363 3273 1491 3340 III.
1592 3274 1840 3338 Festum
1898 3273 1961 3337 S.
2021 3272 2334 3361 Cypriani
2393 3274 2673 3360 episcopi
2735 3283 2793 3336 et
2836 3272 3126 3338 Juetinae

905 3374 1184 3458 virqinis.
1278 3371 1588 3437 Justinam
1638 3372 1937 3458 virginem
2000 3381 2061 3437 et
2108 3370 2522 3458 prrianum,
2596 3373 2704 3456 qui
2749 3374 2965 3465 eadem
3013 3373 3125 3436 vir·

898 3472 1042 3557 gine
1089 3471 1399 3536 mediante
1449 3472 1524 3535 ad
1571 3471 1763 3535 fidem
1812 3490 2167 3548 conversuS,
2222 3471 2563 3555 factusque
2598 3470 2945 3556 episcopm,
3014 3492 3123 3535 una

900 3590 1040 3634 cum
1086 3571 1224 3654 ipsa
1270 3569 1636 3653 martyrium
1683 3587 1907 3652 passus
1955 3575 2046 3635 est
2096 3570 2445 3654 imperante
2472 3568 2877 3644 Diocletiano,
2926 3567 3121 3633 Mar·

900 3674 1042 3751 tyr.
1094 3666 1304 3733 Rom.
1369 3667 1540 3751 ponit
1587 3668 1646 3732 d.
1698 3666 1803 3732 26.
1855 3666 2261 3751 Septembri&
2326 3666 2611 3732 Menol.
2662 3667 2937 3733 Graec.
2991 3687 3118 3732 cum

899 3767 1210 3850 Phinqit
1256 3787 1404 3850 syr.
1457 3768 1494 3829 d
1529 3767 1608 3831 ,2.
1653 3764 1937 3830 Octobr.:
2004 3767 2205 3830 Arm.
2259 3786 2400 3831 vero
2433 3766 2492 3831 d.
2526 3765 2587 3831 3.
2638 3766 2829 3848 ejusd.
2884 3766 3118 3830 mensis.

1078 3954 1316 4019 Feria
1363 3954 1438 4017 V.
1519 3954 1769 4017 Festum
1819 3975 1899 4019 88.
1950 3951 2397 4040 Quadra-qima
2445 3954 2714 4040 quinque
2762 3962 3116 4039 martyrum

900 4064 958 4116 et
1017 4064 1378 4118 sanctarum
1435 4052 1750 4138 virqinum
1810 4053 2196 4140 Euphemiae
2261 4062 2322 4115 ct
2386 4048 2780 4116 Christiane..-
2858 4045 3113 4133 Quadra·

896 4151 1072 4239 ginta
1116 4152 1388 4236 quinque
1436 4149 1748 4235 Martyres
1796 4151 2083 4236 Nicopoli
2146 4152 2205 4215 in
2256 4152 2574 4228 Armenia,
2638 4152 2975 4236 imperante
3022 4149 3111 4213 Li·

899 4251 1077 4328 oinio,
1127 4248 1421 4333 martyrio
1471 4249 1808 4314 confectos.
1860 4269 2123 4334 quorum
2172 4250 2544 4333 principales
2590 4249 3110 4318 suarez-aomina,

899 4350 1269 4428 Maurititw,
1318 4346 1579 4426 Daniel,
1628 4352 1744 4412 etc.
1796 4348 2050 4432 Marty
2072 4369 2118 4414 r.
2170 4347 2374 4414 Rom.
2427 4355 2487 4412 et
2536 4348 2815 4413 Menol.
2865 4348 3108 4410 Graec.

899 4450 956 4512 (l.
1013 4448 1111 4512 10.
1163 4447 1314 4511 Julii
1366 4445 1672 4511 collocant
1731 4449 1801 4522 (t.
1862 4451 1913 4518 1,
1968 4471 2022 4533 p.
2068 4447 2258 4524 207);
2328 4450 2531 4513 Arm.
2584 4467 2730 4511 voro
2778 4446 2878 4510 ²12.
2925 4441 3105 4524 ejusd.
