3514 5391
846 562 1091 631 Κυριακή
1131 568 1230 614 τοῦ
1268 561 1490 631 Πάσχα.
1547 563 1815 618 Dominica
1852 563 2281 617 Resurrectionis.

438 766 577 850 giae
626 785 677 828 s.
731 763 997 829 Joannis
1045 762 1476 847 Chrysostomi
1540 763 1860 847 proprium
1920 762 2108 827 ritum
2171 762 2502 847 paschalen

436 855 768 943 παναγιάν
815 863 892 927 ad
940 861 1132 926 finem
1183 881 1436 927 mensae
1484 861 1789 926 tractandi
1851 860 2248 945 praescribit,
2316 882 2351 925 a
2399 880 2502 925 con

430 958 787 1023 elevatione
834 984 883 1025 ε.
920 963 1122 1047 panis
1170 961 1505 1037 diversum,
1555 962 1639 1025 ita
1688 966 1749 1025 et
1796 960 2075 1044 Typicon
2122 959 2416 1043 peculiari
2444 980 2502 1025 rt

431 1059 645 1135 docet,
715 1080 854 1172 ’qua
918 1060 1168 1123 ratione
1228 1060 1525 1145 panaqia
1590 1059 1828 1122 cunctis
1892 1057 2300 1122 hebdomadis
2364 1081 2502 1144 pas<

431 1155 654 1221 diebus
698 1157 778 1220 in
825 1154 1089 1221 eeclesia
1135 1154 1409 1221 elevetur
1457 1156 1503 1243 (
1489 1179 1633 1233 πως
1678 1154 1963 1243 ὖψοῖται
2016 1180 2048 1244 η
2079 1149 2376 1238 παναγία
2395 1153 2502 1243 mr

429 1249 804 1337 ἑβδομάδος
861 1259 973 1342 τῖς
1027 1249 1572 1342 διακαινησίμου).
1681 1256 1901 1341 Itaque
1962 1276 2096 1321 rem
2157 1276 2272 1321 nos
2332 1276 2498 1340 nequ

430 1354 647 1419 utilem
700 1373 911 1438 neque
958 1354 1267 1440 ingratam
1317 1355 1690 1420 arbitramur
1734 1355 1888 1432 fore,
1953 1355 2005 1419 si
2053 1358 2195 1420 ante
2241 1355 2467 1436 omnia,

426 1454 503 1518 de
551 1452 855 1538 religiosa
916 1453 1034 1518 hac
1083 1454 1475 1519 caeremonia
1517 1454 1866 1539 generatim
1930 1458 2222 1518 annotata
2269 1452 2502 1518 habent

425 1552 601 1616 libris
627 1550 964 1636 liturgicis,
1001 1572 1145 1617 cum
1172 1553 1396 1617 idoneo
1430 1552 1877 1618 commentario
1911 1552 1987 1616 ob
2016 1552 2227 1617 oculos
2261 1551 2502 1617 exhibea

425 1651 580 1715 ritus
628 1648 954 1734 paschalis
1003 1651 1450 1735 proprietatem
1499 1671 1570 1716 ac
1600 1670 1856 1716 sensum
1904 1650 2047 1715 inde
2077 1651 2210 1715 sine
2242 1666 2502 1736 magna

426 1749 644 1833 paucis
695 1747 1043 1836 collecturi.

606 1849 943 1939 Παναγία,
1013 1857 1187 1921 omm‘
1231 1878 1310 1921 σε
1344 1868 1539 1943 parte
1586 1868 1845 1937 sancta,
1910 1856 2157 1941 proprie
2207 1860 2302 1921 est
2348 1848 2502 1919 ἐπίῦ

424 1956 591 2038 quod
642 1955 937 2039 Apostoli
988 1954 1396 2021 Beatissimae
1449 1955 1687 2041 Virgini
1736 1960 1878 2040 post
1908 1960 2171 2020 mortem
2221 1973 2502 2040 apparent

425 2052 594 2118 disse
642 2051 981 2139 leguntur;
1045 2074 1081 2118 a
1129 2053 1202 2118 B.
1250 2054 1507 2139 Virgine
1567 2075 1711 2120 vero
1761 2053 2127 2136 translatum
2177 2057 2271 2118 est
2319 2053 2502 2118 vocab

426 2152 501 2216 ad
542 2172 790 2237 panem
837 2151 1096 2217 coelitus
1141 2152 1561 2229 benedictum,
1613 2154 1739 2238 qui.
1769 2151 2017 2217 Christo
2067 2152 2336 2217 Domino
2382 2153 2461 2216 ad

425 2270 557 2315 sam
610 2250 926 2315 asservari
973 2249 1212 2315 solebat
1276 2243 1586 2341 quemque
1643 2255 1868 2335 postea
1928 2250 2214 2337 religiose
2272 2252 2502 2336 particu

427 2349 850 2414 comedebant
879 2347 945 2432 ¹).
1041 2350 1258 2414 Totam
1309 2370 1443 2415 rem
1494 2350 1725 2430 claram
1774 2354 2188 2434 testatamque
2236 2350 2384 2414 facit
2432 2350 2489 2415 H

425 2447 739 2532 logium
801 2449 1216 2524 Graecorum,
1286 2449 1454 2531 quod
1515 2449 1590 2513 ad
1654 2448 1894 2513 calcem
1951 2451 2064 2532 τῆς
2124 2442 2502 2522 ἀκολουθίας

428 2543 760 2631 τραπέζης
809 2566 917 2611 seu
967 2550 1108 2611 ante
1156 2545 1376 2610 horam
1423 2565 1653 2612 nonam
1700 2546 1864 2612 hanc
1910 2534 2237 2621 lectionem
2288 2566 2502 2629 propoi

786 2722 992 2810 Περὶ
1051 2729 1189 2812 τῆς
1233 2721 1630 2813 ὑψώσεως
1688 2726 1829 2813 τῆς
1874 2718 2360 2808 παναγίας,.

1118 2847 1298 2927 ὅπως
1342 2848 1555 2934 γέγονε
1601 2849 1711 2916 καὶ
1759 2849 1868 2915 ὁιά
1913 2844 1996 2918 τί.

520 2990 719 3057 Μετὰ
738 2991 854 3081 τὴν
870 2997 988 3058 τοῦ
1014 2997 1308 3081 Σωτῆρος
1336 2992 1511 3081 ἡμῶν
1724 2996 1878 3061 Post
1937 2994 2270 3060 Salvatoris
2330 2998 2502 3058 nostr

428 3090 637 3178 Ἰησοῦ
678 3094 974 3178 Χριστοῦ
1020 3090 1375 3157 ἀνάστασιν
1401 3091 1508 3157 καὶ
1617 3095 2086 3171 surrectionem,
2137 3098 2199 3159 et
2243 3093 2442 3158 saneti
2490 3093 2502 3155 t

427 3187 540 3277 τὴν
622 3194 744 3254 τοῦ
822 3184 1041 3274 Ἀγίου
1133 3190 1512 3276 mei-parcos
1615 3199 1715 3259 tus
1763 3195 2167 3270 descensum,
2235 3211 2502 3276 quousqi

429 3287 764 3371 κάθοδον,
830 3287 939 3353 καὶ
1002 3286 1122 3367 ἕως
1174 3295 1290 3354 τοῦ
1333 3313 1508 3377 μερι-
1616 3293 1881 3358 invicem
1944 3290 2419 3375 praedicationis
2483 3311 2502 3375 g

430 3392 597 3470 σμοῢ
662 3391 792 3451 τῶν
848 3385 1046 3470 ἁγίων
1085 3385 1510 3454 Ἀποστόλων
1618 3390 2154 3475 disjungerentur,
2273 3409 2502 3454 concor¹

430 3483 541 3549 διὰ
584 3484 664 3549 τὸ
712 3484 1013 3574 κήρυγμα,
1066 3479 1223 3575 ἦσαν
1268 3485 1508 3565 πάντες
1619 3490 1840 3554 ani-mis
1888 3507 2117 3554 omnes
2167 3488 2350 3552 simul
2396 3488 2499 3571 Ap

430 3579 492 3646 οὶ
571 3581 978 3649 Ἀπόστολοι
1055 3582 1503 3669 ὁμοθυμαδόν·
1616 3586 2043 3664 versabantur,
2079 3590 2140 3651 et
2161 3606 2352 3671 quum
2385 3606 2498 3669 pos

430 3679 538 3745 καὶ
598 3681 766 3765 μετὰ
829 3682 943 3771 τὴν
1002 3681 1219 3771 εὐχήν,
1289 3682 1357 3748 ἐν
1413 3689 1505 3769 τῷ
1615 3686 1849 3750 tionem
1912 3704 2163 3751 mensae
2222 3684 2502 3749 accumbe

433 3774 679 3866 ἀρίστῳ
705 3779 1205 3866 ἀνακεκλιμένοι,
1237 3779 1505 3870 ἀφέντες
1612 3783 1827 3848 relicto
1878 3804 2069 3849 vacuo
2116 3783 2250 3849 loco
2314 3784 2376 3848 in
2424 3802 2496 3848 eo

327 4030 335 4038 '
435 4047 467 4083 a
501 4033 680 4087 verbis
718 4032 911 4105 ardica
950 4050 1041 4088 seu
1076 4035 1266 4089 redicre
1307 4035 1575 4102 (elevare),
1614 4051 1744 4105 quae
1785 4034 2072 4088 naturalem
2110 4032 2380 4102 quamdam
2419 4047 2502 4101 cog

434 4125 548 4163 nem
586 4112 785 4166 habent
822 4129 934 4167 cum
970 4114 1145 4168 latinis
1183 4115 1395 4184 arrige,
1433 4117 1709 4169 arrectum
1750 4118 1805 4168 et
1842 4107 2013 4183 erige,
2051 4116 2304 4167 erectum.
2377 4112 2480 4168 Sed

434 4206 491 4244 re
526 4192 770 4246 videatur
795 4193 912 4247 Cih
927 4211 1023 4260 ac,
1063 4195 1443 4250 Dictionnaire
1467 4194 1840 4265 d’dtymoloyie
1866 4193 2329 4258 Duco-Romaim,
2354 4209 2404 4246 v.
2427 4193 2502 4247 Β)

434 4285 516 4339 pp·
555 4272 878 4417 81¹3-Wg3deri
922 4352 984 4406 de
1024 4355 1199 4409 eodem
1249 4355 1345 4409 hoc
1380 4356 1583 4409 nomine
1635 4358 1904 4425 poterunt,
1961 4371 2092 4423 quae
2129 4353 2250 4407 olim
2288 4353 2502 4406 notavin

438 4429 779 4497 „zeitschrift
818 4432 899 4485 fiir
933 4432 1073 4487 kath.
1113 4434 1425 4504 Theologie“
1469 4437 1623 4503 1892,
1663 4451 1746 4505 pp.
1787 4434 2088 4489 349—350.

616 4510 661 4583 ²)
702 4510 845 4565 Edit.
883 4516 1051 4572 venet.
1089 4531 1169 4568 an.
1212 4515 1366 4581 1875,
1405 4531 1454 4588 p.
1496 4515 1625 4584 1053
1666 4516 1789 4570 edit.
1828 4530 2022 4570 roman.
2061 4529 2144 4568 an.
2185 4513 2339 4578 1876,
2379 4528 2427 4582 p.
2466 4514 2502 4566 9
