3514 5391
864 460 971 517 468
1510 459 1669 517 Festa
1708 460 1916 517 mobilia
1953 467 2074 533 post
2109 459 2469 518 Pentecosten.

870 577 917 580 —
1030 576 1129 581 0-4—
1162 575 1231 581 --—-
1282 576 1331 580 --
1466 575 1625 582 -.—---—
1672 576 1800 580 -ω-
1925 575 2094 583 ----.

868 661 1137 726 ecclesia
1181 661 1475 743 orientali·
1528 681 1776 746 quoque
1838 682 2003 727 nunc
2064 661 2248 748 longe
2314 661 2560 747 lateque
2622 662 2914 727 diffusam
2979 681 3111 726 esse

867 760 977 825 88.
1029 760 1321 845 Corporis
1370 759 1603 825 Christi
1651 754 2108 839 celebritatemss
2160 761 2667 846 augustissimum
2717 760 2838 826 hoc
2882 759 3110 825 festum

868 859 1031 923 enim
1074 859 1435 923 solemniter
1456 858 1586 941 jam
1622 859 1826 943 agitur
1873 860 2035 945 apud
2067 858 2278 943 SerS,
2330 858 2696 935 Chaldaeo&
2747 859 3109 933 Maronita8‚

869 960 1198 1033 Arme-nos,
1228 956 1478 1041 CoptOS,
1512 956 1865 1035 Melchitas,
1899 956 2226 1023 Ruthenos
2247 956 2521 1023 Galiciae
2551 957 2876 1042 (translata
2903 963 3110 1021 tamen

870 1055 1229 1121 celebritate
1287 1057 1361 1121 in.
1396 1055 1561 1120 diem
1610 1056 1991 1121 dominicum
2039 1055 2586 1140 subsequentem),
2648 1055 3113 1122 Italo-Graecos

870 1153 1211 1230 Calabriae,
1264 1154 1511 1219 Siciliae
1541 1154 1607 1238 ¹),
1669 1159 1731 1218 et
1784 1154 1933 1220 alios
1981 1153 2157 1240 (solis
2203 1156 2446 1220 duabus
2492 1155 2772 1221 eeclesiis
2819 1156 3113 1239 exceptis,

871 1252 1065 1317 altera
1110 1272 1269 1336 quae
1319 1254 1378 1317 in
1412 1253 1550 1337 ipsa
1578 1253 1751 1318 Urbe
1784 1253 1984 1318 Roma
2013 1255 2092 1318 ad
2125 1252 2466 1338 Collegium
2504 1252 3110 1339 Graeco-ruthenum

871 1350 1158 1434 pertinet,
1210 1351 1403 1415 altera
1451 1372 1607 1435 quae
1656 1351 2028 1435 parocbia-lis
2076 1357 2171 1417 est
2215 1372 2477 1436 graecae
2526 1352 2800 1417 coloniae
2847 1350 3110 1437 Gargen,

876 1449 937 1512 in
985 1447 1186 1512 insula
1234 1447 1512 1533 Corsica)
1575 1470 1645 1514 ac
1711 1451 1961 1535 tandem
2025 1452 2190 1533 apud
2239 1451 2514 1516 Graecos
2562 1449 2814 1516 Melitae
2879 1448 3116 1514 insulae

874 1546 1040 1611 inter
1085 1545 1347 1611 Latinos
1394 1548 1626 1613 incolas
1650 1547 1722 1623 ²).

872 1778 877 1783 ,
950 1728 955 1733 ·
1049 1714 1219 1788 Quae
1258 1722 1590 1789 :praeterea
1642 1716 1720 1775 ad
1770 1716 1990 1779 festum
2040 1716 2145 1775 SS.
2185 1715 2470 1791 Corporis
2510 1715 2738 1775 Christi
2787 1678 3116 1789 pertinent,

874 1795 1084 1854 melius
1122 1811 1199 1853 ex
1231 1796 1364 1868 ipsa
1401 1796 1719 1875 Decretali
1761 1796 2142 1855 clementina
2180 1797 2473 1856 addisces.

1052 1900 1119 1960 C.
1150 1902 1556 1957 SiDomitmm:
1599 1903 1707 1963 De
1733 1904 1949 1977 reliq
1991 1912 2066 1962 et
2091 1911 2410 1962 venerat
2438 1903 2558 1963 SS.
2581 1903 2803 1979 Clem.
2832 1880 2981 1975 (ΙΙΙ.
3006 1903 3115 1973 16).

1047 1989 1115 2049 Si
1149 1991 1467 2051 Dominum
1507 1992 1567 2049 iu
1607 1990 1848 2050 Sanctis
1889 1994 2018 2069 ejus
2056 1993 2309 2052 laudare
2340 1993 2652 2065 jubemur,
2707 1993 2950 2065 dignum
2985 2009 3115 2065 pro·

870 2066 1063 2141 fecto,
1106 2071 1330 2142 justum
1383 2076 1445 2128 et
1491 2072 1760 2130 salutare
1816 2072 1983 2129 nobis
2024 2073 2246 2145 existit,
2303 2080 2372 2131 ut
2408 2073 2540 2144 sibi,
2596 2074 2656 2133 in
2696 2075 2805 2145 sui,
2861 2090 2974 2145 quo
3012 2090 3116 2131 nos

876 2151 1138 2222 quotidie
1180 2150 1584 2224 spiritualiter
1619 2152 1836 2223 reficit,
1891 2153 2235 2211 memoriam
2276 2154 2554 2227 corporis,
2606 2153 2815 2212 laudes
2851 2152 3116 2212 festivae

873 2230 1280 2288 venerationis
1331 2236 1394 2288 et
1430 2231 1663 2304 gratias
1709 2231 2046 2292 referamus
2066 2233 2133 2301 ⁸.)
2209 2233 2347 2292 Hac
2399 2234 2586 2307 igitur
2635 2234 3113 2293 consideratione

868 2309 1117 2381 inducti,
1175 2311 1659 2371 constitutionem
1700 2329 1745 2371 a
1795 2314 1986 2371 bonae
2038 2313 2358 2373 memoriae
2397 2314 2643 2373 Urbano
2680 2314 2855 2387 Papa
2902 2320 3117 2387 quarto

864 2391 1337 2469 praedecessore
1390 2398 1592 2451 nostro
1642 2409 1824 2464 super
1861 2393 1971 2451 hoc
2010 2393 2236 2451 editam
2251 2393 2301 2464 ⁴)
2354 2394 2427 2452 de
2478 2392 2735 2453 fratrum
2782 2402 3114 2455 nostrorum

885 2462 1129 2530 consilio
1169 2472 1445 2531 districte
1497 2473 1896 2547 praecipimus
1946 2475 2285 2541 observari,
2329 2476 2506 2547 cujus
2544 2481 2716 2534 tenor
2753 2475 3023 2549 sequitur
3058 2475 3116 2532 in

1055 2651 1095 2719 )
1136 2651 1214 2707 De
1252 2650 1436 2706 Siculis
1462 2606 1591 2707 haec
1614 2652 1773 2708 habet
1798 2653 2060 2724 Cr1sp1
2101 2653 2213 2709 Ne!
2245 2611 2830 2724 Neoantologion,
2861 2654 2967 2718 che
3000 2653 3121 2708 caol

873 2733 1016 2800 dire,
1052 2749 1272 2788 nuovo
1308 2733 1706 2802 Breviario,
1755 2739 2049 2805 apprecato
2085 2735 2236 2790 dana
2278 2735 2474 2790 C'hiesa
2511 2735 2762 2789 Romana
2787 2751 2901 2805 pet·
2936 2735 3023 2789 ria
3059 2734 3122 2788 di

873 2815 1055 2868 Brece
1092 2813 1154 2867 di
1191 2813 1461 2892 Clemente
1514 2814 1696 2878 VIIL,
1747 2815 1803 2869 si
1849 2819 2002 2882 trava
2054 2815 2292 2886 l’ufficio
2342 2816 2515 2870 della
2564 2815 2738 2870 festa
2787 2816 2960 2871 della
2996 2831 3116 2869 me·

872 2896 1071 2949 moria
1121 2895 1220 2949 del
1258 2895 1555 2964 prezioso
1605 2911 1801 2965 corpo
1850 2912 1878 2949 e
1928 2911 2173 2966 sangue
2224 2896 2282 2950 di
2333 2895 2502 2950 Gesu
2539 2894 2782 2963 Cristo,
2839 2894 2913 2949 da
2950 2895 3116 2949 cele-

875 2975 1083 3030 brarsi
1134 2975 1304 3030 nella
1351 2975 1518 3029 feria
1568 2976 1793 3044 quinta
1842 2976 2001 3044 dopo
2053 2977 2113 3031 la
2158 2976 2362 3045 prima
2400 2976 2746 3031 Domenica
2795 2975 2854 3029 di
2892 2973 3114 3029 Penti·

876 3062 1057 3124 coste
1097 3096 1111 3110 .
1152 3095 1164 3110 .
1203 3096 1219 3112 .,
1292 3056 1357 3109 In
1398 3055 1577 3124 quella
1606 3057 1763 3125 festa
1813 3056 1837 3110 ι’
1874 3057 2039 3112 Greci
2084 3056 2146 3110 di
2179 3056 2432 3110 Palaeeo
2471 3055 2720 3110 Adriano
2767 3054 2823 3109 si
2856 3054 3117 3146 requano

877 3136 1261 3191 dtrettamente
1298 3152 1391 3191 con
1426 3136 1511 3206 qli
1544 3136 1740 3190 statuti
1772 3135 1856 3190 de
1895 3136 2102 3191 Sommi
2136 3135 2405 3208 Pontefici
2441 3136 2710 3202 (Memoria
2746 3135 2879 3190 sulla
2918 3134 3115 3204 origine

879 3232 906 3269 e
940 3216 1239 3270 fundazione
1269 3216 1319 3269 di
1345 3216 1564 3270 Palazzo
1604 3217 1847 3283 Adriano,
1887 3217 2086 3271 colonia
2107 3215 2530 3286 greco-albanese
2568 3215 2831 3282 mSicilia,
2870 3231 2932 3308 p
2939 3215 3025 3269 48.
3047 3241 3108 3253 ⁴-—

876 3296 1131 3350 Palermo.
1170 3296 1401 3350 Lorenzo
1439 3297 1593 3351 Dato.
1638 3298 1818 3364 1827).
2927 3323 2930 3328 ·

1062 3375 1105 3445 ²)
1144 3376 1224 3430 De
1262 3376 1607 3432 celebratione
1647 3378 1769 3431 festi
1808 3378 2050 3447 Corporis
2087 3377 2281 3431 Christi
2323 3377 2457 3446 apud
2482 3375 2868 3431 Italo-Graecos
2893 3376 3028 3430 sicut
3062 3381 3116 3428 et

874 3458 936 3511 de
975 3457 1090 3511 aliis
1127 3456 1429 3526 quibusdam
1465 3455 1769 3510 Latinorum
1808 3455 2219 3511 solemnitatibus
2255 3457 2321 3511 ab
2361 3456 2540 3510 iisdem
2578 3456 2833 3526 receptis,
2884 3471 2978 3528 pro
3014 3455 3113 3508 sin-

875 3535 1043 3607 gulari
1082 3554 1175 3591 sua
1212 3537 1530 3591 humanitate
1582 3553 1641 3591 ac
1679 3538 2070 3604 benevolentia,
2124 3554 2217 3607 per
2254 3537 2486 3606 singulas
2524 3535 2708 3592 Italiae
2745 3540 2801 3591 et
2837 3536 3114 3590 insularum

877 3617 1219 3687 adjacentium
1270 3621 1449 3685 partes
1499 3618 1705 3671 iteratis
1759 3618 1990 3687 epistolis
2042 3634 2135 3671 nos
2185 3617 2399 3672 edocere
2452 3617 2650 3686 dignati
2700 3621 2850 3682 sunt,
2908 3621 3116 3687 praeter

878 3694 1075 3750 Rmum.
1123 3696 1187 3750 D.
1237 3697 1268 3751 J
1279 3714 1363 3751 os
1403 3697 1827 3764 Cozza-Luzi,
1885 3699 2127 3753 abbatem
2179 3697 2498 3753 celeberrimi
2549 3694 2849 3751 monasterii
2900 3695 3112 3766 Crypto-

880 3779 1211 3844 ferratensis,
1272 3776 1421 3831 Illmi.
1460 3782 1516 3831 et
1552 3777 1682 3831 Rmi.
1722 3778 1989 3832 antistites
2025 3794 2249 3847 graeco·
2265 3777 2531 3832 catholici.
2570 3777 2939 3868 archiepiscopi
2977 3777 3112 3830 Ste-

876 3859 1136 3929 phanus
1181 3817 1618 3927 S’tefanopoli
1682 3864 1736 3912 et
1788 3858 2130 3928 Josephus
2180 3858 2423 3912 Schiro
2479 3857 2720 3924 (Romae,
2759 3856 2836 3912 in
2885 3855 3111 3924 colleg-io

878 3939 1111 3993 Graeco-
1124 3938 1394 4005 rutheno),
1446 3939 1671 4009 episcopi
1709 3939 2026 4008 Josephus
2065 3939 2358 4008 Bugliari
2386 3928 2486 4004 ⁰(S.
2526 3937 2662 3992 Solia
2687 3937 2747 3991 di
2786 3935 2971 4006 Epiro,
3017 3935 3109 3989 Ca·

877 4017 1062 4086 labria)
1104 4024 1158 4071 et
1181 4017 1215 4072 J
1222 4018 1495 4086 osephus
1524 4019 1677 4073 Masi
1718 4019 1997 4088 (Panormi,
2038 4020 2086 4073 in
2113 4019 2395 4073 Seminario
2433 4016 2674 4086 graeco):
2713 4017 2846 4087 quod
2883 4017 2964 4071 hic
3001 4030 3110 4070 cum

878 4095 1155 4154 honorifica
1181 4106 1435 4167 grataque
1463 4114 1638 4153 eorum
1664 4099 1923 4153 mentione
1961 4100 2247 4168 praeterire
2286 4115 2382 4153 nec
2407 4098 2675 4159 voluimus,
2711 4114 2806 4152 nec
2843 4098 3109 4168 potuimus.

1058 4177 1102 4244 ⁸)
1142 4179 1196 4232 Si
1234 4178 1444 4232 laudare
1477 4178 1716 4248 jubemur
1752 4178 2026 4233 Dominum
2065 4179 2116 4232 in
2154 4178 2359 4232 Sanctis
2399 4178 2506 4244 (Ps.
2549 4179 2692 4245 150),
2731 4178 2914 4232 fortius
2949 4178 3000 4230 in
3031 4190 3109 4228 se·

877 4260 1006 4329 ipso.
1082 4259 1181 4312 Est
1214 4265 1577 4327 argumentum
1628 4276 1659 4312 a
1710 4258 1924 4326 minori,
1979 4259 2042 4312 de
2089 4275 2188 4327 quo
2226 4259 2439 4312 dicimus
2457 4275 2481 4311 ε.
2522 4263 2733 4327 propter
2783 4258 2914 4328 quod
2963 4270 3108 4310 unum

879 4340 1111 4411 quodque
1152 4339 1274 4404 tale,
1314 4345 1370 4393 et
1404 4338 1528 4392 illud
1564 4340 1750 4406 magis,
1825 4338 1906 4392 Ita
1943 4339 2014 4406 gl.
2052 4339 2117 4392 ad
2155 4339 2203 4392 l1.
2244 4339 2275 4392 l.

1057 4419 1101 4488 ⁴)
1145 4420 1237 4473 An.
1278 4420 1433 4474 1264.
