3514 5391
983 553 1439 624 Ψυχοσάββατον.
1495 553 1687 625 Vigilia
1726 554 2080 610 PentecosteS.

412 753 675 825 apologia
709 752 949 810 unionis
999 752 1251 825 primum
1301 752 1601 810 rumenice
1644 753 1810 810 edita
1862 754 1968 810 sub
2007 753 2182 811 titulo
2221 755 2376 809 Flore

407 834 569 900 rului,
605 833 856 891 subinde
894 849 1041 890 vero
1080 832 1264 890 etiam
1303 833 1493 891 latine
1530 850 1738 891 versa:
1779 834 2069 905 Floscalus
2106 836 2376 890 veritatis²

407 913 795 971 articulus
830 914 885 970 4.
927 913 1304 970 inscribitur:
1362 914 1680 968 Ostenditur
1703 917 1940 983 praeter
1977 915 2200 980 coelum,
2249 916 2376 969 sede

406 1011 543 1061 rum,
579 997 633 1048 et
670 993 976 1065 infernum,
1014 1010 1290 1048 carcerem
1329 994 1731 1061 damnatorum,
1775 994 2006 1049 tertium
2045 995 2177 1048 dari
2210 996 2376 1049 locum

407 1074 615 1128 animae
651 1073 893 1128 nondum
933 1075 1189 1144 expiatae
1225 1074 1539 1129 detinentur
1576 1078 1630 1128 et
1654 1076 2047 1146 purificantur.

575 1154 700 1209 Pro
736 1155 973 1209 clariori
1004 1155 1173 1224 liiijus
1197 1155 1423 1210 articuli
1444 1156 1805 1225 intelliqentia
1828 1185 1893 1195 —
1917 1156 2007 1213 ita
2029 1156 2376 1213 exordiuntu

406 1235 706 1308 explicare
762 1266 825 1274 —
884 1239 1003 1290 tres
1039 1239 1240 1305 partes
1289 1236 1655 1291 enucleandae
1704 1236 1950 1291 veniunt:
1997 1237 2187 1305 prima
2239 1237 2376 1292 circa

416 1501 430 1507 -
581 1449 623 1519 ²)
666 1450 965 1506 Flosculus
1000 1449 1250 1503 veritatis
1300 1450 1367 1504 de
1416 1450 1769 1504 ecclesiarum
1819 1450 2016 1504 unione
2069 1466 2131 1504 ex
2181 1450 2340 1503 variis

413 1532 662 1587 ecclesiae
719 1531 866 1585 libris
904 1530 1074 1584 studio
1119 1530 1226 1584 RR.
1268 1529 1366 1583 ΡΡ.
1407 1530 1601 1584 ordinis
1653 1546 1694 1584 s.
1733 1530 1914 1584 Basilii
1952 1530 2127 1599 Magni
2164 1530 2376 1584 Balazsf

404 1613 645 1667 collectus
691 1612 813 1666 olim
851 1615 906 1666 et
939 1612 1101 1664 semel
1128 1610 1416 1681 iterumque
1443 1610 1629 1677 editam,
1666 1627 1800 1665 nunc
1826 1610 1991 1666 denuo
2017 1612 2162 1665 novis
2189 1613 2376 1682 recensi

403 1692 608 1759 Romae,
648 1709 719 1747 ex
758 1692 898 1763 typis
937 1708 979 1744 s·
1019 1690 1379 1760 Congreg.·de
1416 1691 1570 1761 Prop.
1598 1690 1724 1744 Fide
1763 1692 1920 1746 1862.
1964 1721 2025 1728 —
2067 1691 2144 1744 De
2172 1691 2359 1760 insigni

403 1774 512 1827 culo
548 1773 721 1843 deque
759 1773 926 1827 doctis
965 1772 1075 1841 ejus
1113 1771 1409 1825 auctoribus
1435 1787 1599 1841 pauca
1624 1772 1752 1825 haec
1779 1771 1953 1841 accipe
1981 1787 2044 1824 ex
2071 1771 2297 1835 Monito,
2335 1787 2376 1840 q1

404 1852 472 1906 illi
510 1853 728 1907 editioni
767 1852 983 1906 EmuS.
1020 1850 1211 1905 Card.
1238 1850 1437 1905 Pitra
1476 1852 1733 1921 praefixit.
1791 1851 1952 1905 Hunc
1979 1851 2239 1918 libellum,
2274 1851 2376 1921 inqu

403 1934 454 1986 in
492 1934 665 1988 lacem
707 1932 979 1987 dederunt
1014 1932 1352 2003 venerabiles
1387 1933 1475 1987 illi
1506 1933 1814 1989 coenobitae
1852 1932 2066 1987 ordinis
2104 1932 2162 1986 S.
2203 1933 2376 1988 Basili

333 2039 336 2042 v
405 2013 511 2081 qui,
546 2013 771 2068 saeculo
796 2014 1059 2083 proxime
1095 2015 1298 2084 elapsO,
1349 2031 1383 2067 a
1422 2014 1548 2068 sinu
1586 2031 1757 2083 usque
1796 2014 2012 2068 Baltico
2051 2013 2126 2068 ad
2160 2014 2376 2069 ultimos

404 2096 631 2157 meatus,
670 2110 791 2148 cum
830 2110 1028 2162 maqno
1047 2095 1330 2150 Ecclesiae
1357 2097 1551 2166 fructu
1591 2099 1752 2164 atque
1780 2094 2029 2166 fidelium
2059 2095 2376 2150 Christiano

406 2174 657 2240 lumento,
698 2177 810 2228 tam
848 2190 1077 2229 numero
1114 2192 1273 2245 qnam
1299 2175 1529 2230 scientia
1567 2179 1622 2229 et
1643 2175 2003 2230 sanctimonia
2017 2176 2354 2246 floruerunt.

406 2253 540 2309 enim
581 2271 655 2309 ex
695 2255 902 2309 castris
938 2255 1228 2324 quotannis
1265 2255 1633 2310 educebantur
1669 2256 1891 2325 aymina
1931 2256 2315 2325 apostolorum,
2365 2277 2376 2325 ς

406 2335 580 2388 santis
629 2338 761 2389 tunc
798 2351 828 2388 e
865 2334 1245 2404 Septentrione
1293 2335 1608 2390 schismatis
1656 2335 1990 2404 nimiumque
2027 2337 2081 2390 ci
2129 2341 2183 2391 et
2208 2339 2376 2408 fraua

409 2415 599 2470 bientis
649 2416 887 2486 impetus
937 2419 1161 2470 strenue
1196 2416 1575 2471 retundebant.
1651 2416 1892 2470 Favente
1942 2417 1996 2471 in
2023 2417 2231 2486 primis
2256 2417 2376 2486 piis

405 2495 532 2564 ‚aina
552 2496 747 2550 Maria
775 2496 1058 2563 Theresia,
1095 2498 1185 2552 cui
1211 2497 1353 2552 hunc
1378 2496 1614 2551 libellum
1642 2497 2137 2568 Baletesfalcenses
2160 2513 2376 2550 sacrum

409 2591 507 2643 que
544 2577 854 2643 coluerunt,
891 2578 1003 2630 tam
1040 2578 1264 2646 scriptis
1301 2593 1462 2645 quam
1502 2577 1699 2642 verbi-9,
1748 2577 1968 2643 scholis,
2006 2576 2366 2642 concionibus,

409 2671 506 2725 que
533 2655 679 2727 fidei
714 2655 969 2729 vindiciis
1005 2659 1061 2712 et
1093 2656 1503 2722 certaminibus,
1556 2657 1725 2712 malta
1781 2656 1926 2711 inter
1961 2656 2215 2727 pericula
2267 2659 2322 2709 et
2357 2673 2376 2709 c

407 2753 508 2790 non
544 2736 720 2791 semel
757 2737 834 2791 ad
868 2741 1095 2792 mortem
1148 2755 1317 2807 usque
1354 2738 1565 2804 adacti,
1610 2737 1752 2792 nihil
1776 2737 2299 2806 praetermiserunt,
2347 2752 2376 2789 a

410 2834 520 2871 cum
561 2817 817 2872 Romana
857 2822 911 2872 et
950 2819 1226 2873 Catholica
1266 2819 1515 2873 Ecclesia
1554 2818 1804 2872 unionem
1843 2821 2131 2873 tuerentur
2168 2820 2222 2870 et
2247 2820 2376 2888 fove

409 2898 654 2952 coenobio
673 2898 1137 2969 Baldesfalvensi
1160 2898 1558 2969 (Blasendorf)
1596 2899 1651 2952 in
1692 2897 2096 2964 Transilcania,
2132 2898 2275 2967 typis
2311 2897 2376 2951 F]

398 2978 640 3046 primum
697 2978 979 3034 Valacltico
1015 2979 1291 3045 idiomate,
1328 2979 1524 3034 deinde
1560 2979 1784 3045 Latina,
1835 2983 1962 3033 ante
1999 2995 2088 3033 an.
2128 2978 2296 3044 1758,
2347 2995 2376 3031 e

414 3056 517 3124 Qui
548 3058 833 3128 reliqiose,
870 3059 954 3113 uti
973 3076 1091 3129 par
1128 3064 1269 3126 erat,
1319 3063 1640 3114 asservatus
1676 3059 1752 3113 ad
1786 3060 1926 3113 hanc
1964 3060 2106 3113 diem
2145 3059 2200 3112 in
2239 3059 2373 3114 arch

411 3138 529 3192 de'm
557 3139 823 3209 familiae
862 3139 1194 3194 Basilianae
1211 3179 1227 3205 ,
1274 3155 1415 3193 nunc
1464 3139 1519 3192 in
1568 3155 1731 3193 sacro
1781 3139 1854 3192 B.
1892 3138 2115 3192 Mariae
2168 3138 2376 3207 Virgini

413 3218 746 3274 Fet-ratensi
778 3220 1027 3274 coenobio
1055 3220 1303 3290 feliciter
1338 3220 1684 3289 superstitis,
1739 3236 1804 3274 ac
1839 3220 2111 3273 nobiscum
2158 3235 2376 3287 nuperm

412 3300 529 3354 sine
565 3301 739 3355 multa
777 3300 1248 3356 Reverendissimi
1269 3300 1339 3355 P.
1362 3301 1585 3356 Nicolai
1610 3300 1855 3355 Contieri
1878 3299 2105 3353 Prioris
2137 3298 2376 3352 humanit

415 3380 739 3445 manicatus,
776 3381 1011 3450 exiyuus
1045 3381 1171 3436 licet
1205 3382 1422 3437 libellus
1460 3422 1476 3447 ,
1512 3385 1666 3436 tanta
1704 3396 1892 3434 reram
1933 3381 2102 3433 bonae
2129 3380 2297 3450 fraqi
2330 3395 2376 3433 cc

417 3465 497 3515 est
532 3461 608 3516 ad
643 3461 914 3530 cumulum
952 3463 1231 3532 refertus,
1280 3466 1341 3516 ut
1377 3461 1555 3516 Sacra
1598 3460 1957 3530 Conqreyatio
2008 3460 2076 3513 de
2114 3460 2372 3528 Propaqa

409 3558 513 3610 pro
547 3543 663 3598 ritu
702 3542 968 3596 orientali
1001 3542 1199 3596 iterum
1237 3559 1357 3597 eum
1395 3543 1538 3612 typis
1574 3542 1837 3596 mandari
1856 3541 2117 3610 jusserit.

593 3623 660 3678 In
700 3639 763 3676 eo
801 3639 961 3692 quam
998 3624 1238 3678 maxime
1273 3623 1543 3678 laudandi
1581 3622 1998 3677 Transilraniae
2024 3621 2311 3675 Bas-iliani
2344 3640 2376 3674 s

420 3719 488 3755 ex
522 3703 682 3758 libris
718 3705 867 3758 inter
901 3704 1277 3758 schismaticos
1313 3703 1682 3758 celeberrimis
1696 3743 1713 3767 ,
1762 3702 1995 3756 solemni
2042 3705 2153 3756 tum
2191 3700 2339 3769 apud

420 3784 529 3835 tum
565 3783 714 3852 apud
750 3786 996 3838 Graecos
1043 3787 1098 3838 et
1131 3783 1326 3838 Slavos
1361 3782 1745 3838 consuetudine
1794 3786 1849 3836 et
1883 3782 1996 3836 ritu
2034 3781 2366 3835 consecratis

422 3861 681 3919 hactenus
714 3863 921 3917 intacta
944 3880 1057 3933 pro
1082 3863 1225 3934 fidei
1260 3862 1578 3933 defensione
1615 3866 1939 3931 aryumenta
1991 3861 2048 3914 in
2085 3861 2184 3915 hoc
2219 3861 2376 3914 libell«

424 3945 618 3998 terunt.
693 3944 761 3998 Si
794 3944 919 4014 quis
954 3944 1100 3998 inter
1140 3947 1381 3999 Graecos
1406 3946 1696 4014 fortasse,
1716 3943 1977 3997 nonnulla
2014 3942 2102 3995 hic
2138 3942 2355 3995 collecta

425 4022 580 4079 tibris
616 4024 1000 4079 ecclesiasticis
1035 4024 1383 4094 conferenda,
1421 4040 1486 4077 ea
1524 4023 1844 4077 desiderari
1878 4025 2205 4092 quereretur
2249 4022 2304 4074 in
2345 4037 2374 4074 e

427 4118 561 4169 quae
598 4104 745 4173 apud
781 4104 929 4174 ipsos
966 4105 1453 4175 circumferuntur,
1492 4105 1794 4173 exemplum
1831 4104 2050 4157 habebit
2084 4101 2159 4172 (p.
2200 4101 2304 4171 22)
2351 4118 2376 4154 n

427 4182 688 4238 audacter
724 4185 809 4238 bel
842 4185 898 4238 in
925 4201 1144 4239 sacram
1182 4184 1461 4253 liturqiam
1483 4199 1523 4236 ⁴a
1552 4183 1950 4237 recentioribus
1974 4183 2230 4246 invectae,
2269 4184 2376 4233 eta

427 4263 571 4319 modi
615 4266 785 4320 multa
826 4266 1090 4335 facinora
1129 4265 1377 4334 produnt
1431 4268 1541 4317 tum
1595 4267 1805 4317 veteres
1855 4263 2140 4317 Slacorum
2198 4265 2252 4315 et
2315 4261 2376 4314 Va

427 4343 585 4410 libri,
633 4349 744 4400 tum
795 4361 937 4415 quae
981 4348 1278 4415 supersunt
1329 4345 1413 4399 cel
1461 4344 1608 4414 apud
1641 4344 2016 4398 schismaticos
2053 4341 2376 4410 exemplario

428 4425 676 4478 manibus
709 4426 935 4494 scripta.
1014 4426 1163 4492 Quae
1200 4441 1419 4479 causam
1448 4425 1759 4496 facessenti
1802 4424 1941 4477 dare
1989 4422 2064 4475 ad
2098 4421 2362 4476 cumulum

432 4502 503 4556 ad
536 4519 769 4573 maynae
803 4505 965 4559 molis
999 4505 1195 4559 librum
1234 4521 1532 4573 conquere
1569 4504 1623 4557 in
1653 4506 1909 4572 promptu
1940 4504 2112 4572 foret.

2354 4590 2376 4642 Ξ
