<?xml version="1.0" encoding="UTF-8"?>
<!DOCTYPE html PUBLIC "-//W3C//DTD XHTML 1.0 Transitional//EN"
    "http://www.w3.org/TR/xhtml1/DTD/xhtml1-transitional.dtd">
<html xmlns="http://www.w3.org/1999/xhtml" xml:lang="en" lang="en">
 <head>
  <title>
</title>
<meta http-equiv="Content-Type" content="text/html;charset=utf-8" />
  <meta name='ocr-system' content='tesseract 3.04.00' />
  <meta name='ocr-capabilities' content='ocr_page ocr_carea ocr_par ocr_line ocrx_word'/>
</head>
<body>
  <div class='ocr_page' id='page_1' title='image "./kalendariummanu00nillgoog_0391.png"; bbox 0 0 3514 5391; ppageno 0'>
   <div class='ocr_carea' id='block_1_1' title="bbox 692 519 2387 591">
    <p class='ocr_par' dir='ltr' id='par_1_1' title="bbox 692 519 2387 591">
     <span class='ocr_line' id='line_1_1' title="bbox 692 519 2387 591; baseline 0.003 -19"><span class='ocrx_word' id='word_1_1' title='bbox 692 519 772 580; x_wconf 79' lang='lat' dir='ltr'>A&#39;,</span> <span class='ocrx_word' id='word_1_2' title='bbox 812 524 905 587; x_wconf 81' lang='grc' dir='ltr'><em>τῆς</em></span> <span class='ocrx_word' id='word_1_3' title='bbox 940 523 1457 591; x_wconf 80' lang='grc' dir='ltr'><em>μεσοπεντηκοστῆς.</em></span> <span class='ocrx_word' id='word_1_4' title='bbox 1520 522 1635 575; x_wconf 83' lang='lat' dir='ltr'>Fer.</span> <span class='ocrx_word' id='word_1_5' title='bbox 1674 522 1762 575; x_wconf 91' lang='lat' dir='ltr'>IV.</span> <span class='ocrx_word' id='word_1_6' title='bbox 1800 523 1998 576; x_wconf 78' lang='lat' dir='ltr'>mediae</span> <span class='ocrx_word' id='word_1_7' title='bbox 2035 522 2387 577; x_wconf 78' lang='lat' dir='ltr'><strong>pentecostes.</strong></span> 
     </span>
    </p>
   </div>
   <div class='ocr_carea' id='block_1_2' title="bbox 317 715 1508 4544">
    <p class='ocr_par' dir='ltr' id='par_1_2' title="bbox 317 715 1508 4544">
     <span class='ocr_line' id='line_1_2' title="bbox 426 715 1492 805; baseline 0.002 -25"><span class='ocrx_word' id='word_1_8' title='bbox 426 715 624 805; x_wconf 75' lang='grc' dir='ltr'><em>δῆθεν</em></span> <span class='ocrx_word' id='word_1_9' title='bbox 708 716 873 805; x_wconf 74' lang='grc' dir='ltr'>ὑπὲρ</span> <span class='ocrx_word' id='word_1_10' title='bbox 953 723 1069 782; x_wconf 83' lang='grc' dir='ltr'><em>τοῦ</em></span> <span class='ocrx_word' id='word_1_11' title='bbox 1143 717 1492 804; x_wconf 76' lang='grc' dir='ltr'><em>Σαββάτου</em></span> 
     </span>
     <span class='ocr_line' id='line_1_3' title="bbox 425 814 1494 905; baseline 0.003 -26"><span class='ocrx_word' id='word_1_12' title='bbox 425 814 992 901; x_wconf 83' lang='grc' dir='ltr'><em>σκανδαλιζόμενοι</em></span> <span class='ocrx_word' id='word_1_13' title='bbox 1011 868 1029 901; x_wconf 90' lang='grc'><em>,</em></span> <span class='ocrx_word' id='word_1_14' title='bbox 1093 816 1200 882; x_wconf 83' lang='grc' dir='ltr'>καὶ</span> <span class='ocrx_word' id='word_1_15' title='bbox 1259 817 1377 905; x_wconf 78' lang='grc' dir='ltr'>γὰρ</span> <span class='ocrx_word' id='word_1_16' title='bbox 1425 816 1494 882; x_wconf 76' lang='grc' dir='ltr'><em>ἐν</em></span> 
     </span>
     <span class='ocr_line' id='line_1_4' title="bbox 428 913 1493 1005; baseline 0.003 -27"><span class='ocrx_word' id='word_1_17' title='bbox 428 913 753 1001; x_wconf 75' lang='grc' dir='ltr'><strong><em>Σαββάτῳ</em></strong></span> <span class='ocrx_word' id='word_1_18' title='bbox 814 914 1187 1002; x_wconf 82' lang='grc' dir='ltr'><em>πέπρακται</em></span> <span class='ocrx_word' id='word_1_19' title='bbox 1207 970 1221 995; x_wconf 87' lang='lat'>,</span> <span class='ocrx_word' id='word_1_20' title='bbox 1287 915 1493 1005; x_wconf 67' lang='grc' dir='ltr'><em>,,Ἐζῄ.·-</em></span> 
     </span>
     <span class='ocr_line' id='line_1_5' title="bbox 421 1012 1493 1099; baseline 0.004 -23"><span class='ocrx_word' id='word_1_21' title='bbox 421 1036 569 1077; x_wconf 87' lang='grc' dir='ltr'><em>τουν</em></span> <span class='ocrx_word' id='word_1_22' title='bbox 585 1012 784 1078; x_wconf 77' lang='grc' dir='ltr'><em>αὐτὸν</em></span> <span class='ocrx_word' id='word_1_23' title='bbox 799 1012 1243 1083; x_wconf 50' lang='grc' dir='ltr'><em>ἀποκτεῖναιιι.</em></span> <span class='ocrx_word' id='word_1_24' title='bbox 1266 1015 1493 1099; x_wconf 78' lang='grc' dir='ltr'><em>Φεύγει</em></span> 
     </span>
     <span class='ocr_line' id='line_1_6' title="bbox 420 1105 1496 1194; baseline 0.005 -19"><span class='ocrx_word' id='word_1_25' title='bbox 420 1105 633 1176; x_wconf 77' lang='grc' dir='ltr'><strong><em>τοίνυν</em></strong></span> <span class='ocrx_word' id='word_1_26' title='bbox 668 1107 766 1189; x_wconf 78' lang='grc' dir='ltr'><em>εἷς</em></span> <span class='ocrx_word' id='word_1_27' title='bbox 799 1108 1171 1194; x_wconf 80' lang='grc' dir='ltr'><em>Γαλιλαίαν,</em></span> <span class='ocrx_word' id='word_1_28' title='bbox 1219 1112 1328 1180; x_wconf 82' lang='grc' dir='ltr'>καὶ</span> <span class='ocrx_word' id='word_1_29' title='bbox 1355 1118 1496 1192; x_wconf 81' lang='grc' dir='ltr'><em>τοῖς</em></span> 
     </span>
     <span class='ocr_line' id='line_1_7' title="bbox 422 1205 1495 1297; baseline 0.005 -23"><span class='ocrx_word' id='word_1_30' title='bbox 422 1208 622 1275; x_wconf 80' lang='grc' dir='ltr'><strong><em>ἐκεῖσε</em></strong></span> <span class='ocrx_word' id='word_1_31' title='bbox 644 1208 828 1297; x_wconf 77' lang='grc' dir='ltr'><em>’ὄρεσι</em></span> <span class='ocrx_word' id='word_1_32' title='bbox 854 1205 1223 1295; x_wconf 81' lang='grc' dir='ltr'><em>διατρίβων,</em></span> <span class='ocrx_word' id='word_1_33' title='bbox 1272 1212 1348 1278; x_wconf 88' lang='grc' dir='ltr'><strong><em>τὸ</em></strong></span> <span class='ocrx_word' id='word_1_34' title='bbox 1365 1218 1495 1279; x_wconf 91' lang='grc' dir='ltr'>τῶν</span> 
     </span>
     <span class='ocr_line' id='line_1_8' title="bbox 421 1306 1493 1396; baseline 0.004 -24"><span class='ocrx_word' id='word_1_35' title='bbox 421 1306 613 1373; x_wconf 82' lang='grc' dir='ltr'><em>πέντε</em></span> <span class='ocrx_word' id='word_1_36' title='bbox 694 1308 924 1396; x_wconf 74' lang='grc' dir='ltr'><em>ἄρτων·</em></span> <span class='ocrx_word' id='word_1_37' title='bbox 985 1309 1094 1375; x_wconf 80' lang='grc' dir='ltr'>καὶ</span> <span class='ocrx_word' id='word_1_38' title='bbox 1170 1315 1299 1376; x_wconf 89' lang='grc' dir='ltr'>τῶν</span> <span class='ocrx_word' id='word_1_39' title='bbox 1379 1310 1493 1376; x_wconf 84' lang='grc' dir='ltr'>δύο</span> 
     </span>
     <span class='ocr_line' id='line_1_9' title="bbox 420 1401 1492 1496; baseline 0.005 -25"><span class='ocrx_word' id='word_1_40' title='bbox 420 1401 668 1487; x_wconf 70' lang='grc' dir='ltr'><em>ἶχθίων</em></span> <span class='ocrx_word' id='word_1_41' title='bbox 682 1407 1025 1495; x_wconf 83' lang='grc' dir='ltr'><em>τεράστιον</em></span> <span class='ocrx_word' id='word_1_42' title='bbox 1044 1403 1293 1496; x_wconf 71' lang='grc' dir='ltr'><em>ἐνεργεῖ.</em></span> <span class='ocrx_word' id='word_1_43' title='bbox 1320 1413 1492 1475; x_wconf 84' lang='grc' dir='ltr'><em>Μετ-</em></span> 
     </span>
     <span class='ocr_line' id='line_1_10' title="bbox 416 1504 1498 1597; baseline 0.006 -28"><span class='ocrx_word' id='word_1_44' title='bbox 416 1504 648 1571; x_wconf 80' lang='grc' dir='ltr'><em>έπειτα</em></span> <span class='ocrx_word' id='word_1_45' title='bbox 715 1505 822 1587; x_wconf 85' lang='grc' dir='ltr'>δέ,</span> <span class='ocrx_word' id='word_1_46' title='bbox 883 1512 995 1594; x_wconf 81' lang='grc' dir='ltr'><em>τῆς</em></span> <span class='ocrx_word' id='word_1_47' title='bbox 1054 1504 1498 1597; x_wconf 78' lang='grc' dir='ltr'><em>Σκηνοπηγίας</em></span> 
     </span>
     <span class='ocr_line' id='line_1_11' title="bbox 420 1602 1499 1697; baseline 0.006 -29"><span class='ocrx_word' id='word_1_48' title='bbox 420 1602 735 1694; x_wconf 77' lang='grc' dir='ltr'><strong><em>ἐνστάσης</em></strong></span> <span class='ocrx_word' id='word_1_49' title='bbox 783 1604 1053 1693; x_wconf 76' lang='grc' dir='ltr'><em>(μεγάλη</em></span> <span class='ocrx_word' id='word_1_50' title='bbox 1098 1605 1170 1672; x_wconf 79' lang='grc' dir='ltr'>δὲ</span> <span class='ocrx_word' id='word_1_51' title='bbox 1206 1607 1314 1673; x_wconf 87' lang='grc' dir='ltr'>καὶ</span> <span class='ocrx_word' id='word_1_52' title='bbox 1342 1606 1499 1697; x_wconf 67' lang='grc' dir='ltr'><em>αὕτη</em></span> 
     </span>
     <span class='ocr_line' id='line_1_12' title="bbox 418 1697 1495 1795; baseline 0.005 -27"><span class='ocrx_word' id='word_1_53' title='bbox 418 1697 604 1792; x_wconf 72' lang='grc' dir='ltr'><em>ἑορτὴ</em></span> <span class='ocrx_word' id='word_1_54' title='bbox 618 1703 808 1790; x_wconf 81' lang='grc' dir='ltr'><em>παρὰ</em></span> <span class='ocrx_word' id='word_1_55' title='bbox 827 1700 1192 1793; x_wconf 82' lang='grc' dir='ltr'><em>Ἰουδαίοις)</em></span> <span class='ocrx_word' id='word_1_56' title='bbox 1210 1701 1266 1772; x_wconf 86' lang='grc' dir='ltr'><em>εἶ</em></span> <span class='ocrx_word' id='word_1_57' title='bbox 1271 1730 1306 1785; x_wconf 89' lang='grc' dir='ltr'><em>ς</em></span> <span class='ocrx_word' id='word_1_58' title='bbox 1318 1706 1495 1795; x_wconf 88' lang='grc' dir='ltr'><em>Ἱερο-</em></span> 
     </span>
     <span class='ocr_line' id='line_1_13' title="bbox 418 1797 1496 1894; baseline 0.005 -27"><span class='ocrx_word' id='word_1_59' title='bbox 418 1801 671 1886; x_wconf 87' lang='grc' dir='ltr'><em>σόλυμα</em></span> <span class='ocrx_word' id='word_1_60' title='bbox 720 1797 1053 1886; x_wconf 75' lang='grc' dir='ltr'><em>ἀναβαίνει</em></span> <span class='ocrx_word' id='word_1_61' title='bbox 1060 1854 1078 1886; x_wconf 95' lang='grc'><em>,</em></span> <span class='ocrx_word' id='word_1_62' title='bbox 1126 1804 1232 1870; x_wconf 86' lang='grc' dir='ltr'>καὶ</span> <span class='ocrx_word' id='word_1_63' title='bbox 1277 1826 1496 1894; x_wconf 82' lang='grc' dir='ltr'><em>περιε-</em></span> 
     </span>
     <span class='ocr_line' id='line_1_14' title="bbox 415 1896 1494 1990; baseline 0.005 -25"><span class='ocrx_word' id='word_1_64' title='bbox 415 1899 615 1966; x_wconf 82' lang='grc' dir='ltr'><em>πάτει</em></span> <span class='ocrx_word' id='word_1_65' title='bbox 661 1896 899 1990; x_wconf 63' lang='grc' dir='ltr'><em>κρύφαζ</em></span> <span class='ocrx_word' id='word_1_66' title='bbox 970 1899 1131 1987; x_wconf 78' lang='grc' dir='ltr'><em>Περὶ</em></span> <span class='ocrx_word' id='word_1_67' title='bbox 1174 1902 1244 1968; x_wconf 82' lang='grc' dir='ltr'>δὲ</span> <span class='ocrx_word' id='word_1_68' title='bbox 1275 1902 1353 1969; x_wconf 86' lang='grc' dir='ltr'><em>τὸ</em></span> <span class='ocrx_word' id='word_1_69' title='bbox 1383 1905 1494 1989; x_wconf 82' lang='grc' dir='ltr'>μὲ-</span> 
     </span>
     <span class='ocr_line' id='line_1_15' title="bbox 417 1992 1495 2088; baseline 0.005 -25"><span class='ocrx_word' id='word_1_70' title='bbox 417 2018 533 2063; x_wconf 91' lang='grc' dir='ltr'><em>σον</em></span> <span class='ocrx_word' id='word_1_71' title='bbox 566 1996 772 2088; x_wconf 76' lang='grc' dir='ltr'><em>αὐτῆς</em></span> <span class='ocrx_word' id='word_1_72' title='bbox 798 1992 892 2076; x_wconf 83' lang='grc' dir='ltr'><em>εἷς</em></span> <span class='ocrx_word' id='word_1_73' title='bbox 934 1997 1047 2064; x_wconf 84' lang='grc' dir='ltr'>τὸν</span> <span class='ocrx_word' id='word_1_74' title='bbox 1083 1995 1253 2085; x_wconf 73' lang='grc' dir='ltr'><em>ἱερὸν</em></span> <span class='ocrx_word' id='word_1_75' title='bbox 1280 1999 1495 2085; x_wconf 80' lang='grc' dir='ltr'><em>α’νιών,</em></span> 
     </span>
     <span class='ocr_line' id='line_1_16' title="bbox 418 2092 1499 2190; baseline 0.006 -28"><span class='ocrx_word' id='word_1_76' title='bbox 418 2092 727 2163; x_wconf 77' lang='grc' dir='ltr'><em>ἐδίδασκε</em></span> <span class='ocrx_word' id='word_1_77' title='bbox 774 2095 884 2161; x_wconf 85' lang='grc' dir='ltr'>καὶ</span> <span class='ocrx_word' id='word_1_78' title='bbox 930 2096 1169 2176; x_wconf 84' lang='grc' dir='ltr'><em>πάντες</em></span> <span class='ocrx_word' id='word_1_79' title='bbox 1196 2105 1275 2190; x_wconf 85' lang='grc' dir='ltr'><em>τῇ</em></span> <span class='ocrx_word' id='word_1_80' title='bbox 1303 2100 1499 2168; x_wconf 74' lang='grc' dir='ltr'><em>αὐτοῦ</em></span> 
     </span>
     <span class='ocr_line' id='line_1_17' title="bbox 417 2194 1499 2287; baseline 0.006 -27"><span class='ocrx_word' id='word_1_81' title='bbox 417 2194 652 2285; x_wconf 80' lang='grc' dir='ltr'><em>διδαχῇ</em></span> <span class='ocrx_word' id='word_1_82' title='bbox 712 2194 1196 2285; x_wconf 71' lang='grc' dir='ltr'><em>ἐξεπλήττοντο.</em></span> <span class='ocrx_word' id='word_1_83' title='bbox 1292 2201 1499 2287; x_wconf 76' lang='grc' dir='ltr'><em>(Μετ’</em></span> 
     </span>
     <span class='ocr_line' id='line_1_18' title="bbox 418 2288 1498 2389; baseline 0.007 -30"><span class='ocrx_word' id='word_1_84' title='bbox 418 2293 532 2359; x_wconf 79' lang='grc' dir='ltr'>οὐκ</span> <span class='ocrx_word' id='word_1_85' title='bbox 579 2288 804 2378; x_wconf 79' lang='grc' dir='ltr'><em>ὀλίγα,</em></span> <span class='ocrx_word' id='word_1_86' title='bbox 866 2293 974 2359; x_wconf 82' lang='grc' dir='ltr'>καὶ</span> <span class='ocrx_word' id='word_1_87' title='bbox 1021 2293 1303 2379; x_wconf 75' lang='grc' dir='ltr'><em>διάλεξιν</em></span> <span class='ocrx_word' id='word_1_88' title='bbox 1348 2301 1498 2389; x_wconf 79' lang='grc' dir='ltr'><em>περὶ</em></span> 
     </span>
     <span class='ocr_line' id='line_1_19' title="bbox 424 2391 1495 2484; baseline 0.007 -26"><span class='ocrx_word' id='word_1_89' title='bbox 424 2392 806 2477; x_wconf 78' lang='grc' dir='ltr'><em>Σαββάτου,</em></span> <span class='ocrx_word' id='word_1_90' title='bbox 865 2398 1061 2480; x_wconf 82' lang='grc' dir='ltr'><em>τριῶν</em></span> <span class='ocrx_word' id='word_1_91' title='bbox 1118 2419 1186 2460; x_wconf 89' lang='grc' dir='ltr'>τε</span> <span class='ocrx_word' id='word_1_92' title='bbox 1241 2391 1495 2484; x_wconf 77' lang='grc' dir='ltr'><em>ἑορτῶν,</em></span> 
     </span>
     <span class='ocr_line' id='line_1_20' title="bbox 317 2490 1497 2587; baseline 0.005 -32"><span class='ocrx_word' id='word_1_93' title='bbox 317 2517 323 2522; x_wconf 80' lang='grc'><strong>’</strong></span> <span class='ocrx_word' id='word_1_94' title='bbox 421 2490 684 2574; x_wconf 81' lang='grc' dir='ltr'><em>Πάσχα,</em></span> <span class='ocrx_word' id='word_1_95' title='bbox 711 2494 1174 2582; x_wconf 77' lang='grc' dir='ltr'><em>Πεντηκοστῆς,</em></span> <span class='ocrx_word' id='word_1_96' title='bbox 1200 2493 1307 2559; x_wconf 84' lang='grc' dir='ltr'>καὶ</span> <span class='ocrx_word' id='word_1_97' title='bbox 1334 2500 1497 2587; x_wconf 78' lang='grc' dir='ltr'><em>Σκη-</em></span> 
     </span>
     <span class='ocr_line' id='line_1_21' title="bbox 421 2586 1498 2682; baseline 0.006 -27"><span class='ocrx_word' id='word_1_98' title='bbox 421 2586 653 2681; x_wconf 80' lang='grc' dir='ltr'><em>νοπηγί</em></span> <span class='ocrx_word' id='word_1_99' title='bbox 659 2614 742 2668; x_wconf 88' lang='grc' dir='ltr'>ας</span> <span class='ocrx_word' id='word_1_100' title='bbox 736 2593 795 2677; x_wconf 84' lang='grc'>).</span> <span class='ocrx_word' id='word_1_101' title='bbox 814 2630 901 2638; x_wconf 88' lang='grc'><strong>-</strong></span> <span class='ocrx_word' id='word_1_102' title='bbox 931 2590 1320 2682; x_wconf 83' lang='grc' dir='ltr'><em>Τελουμένης</em></span> <span class='ocrx_word' id='word_1_103' title='bbox 1349 2595 1498 2662; x_wconf 85' lang='grc' dir='ltr'><em>ταύ-</em></span> 
     </span>
     <span class='ocr_line' id='line_1_22' title="bbox 423 2684 1499 2784; baseline 0.004 -27"><span class='ocrx_word' id='word_1_104' title='bbox 423 2715 536 2782; x_wconf 87' lang='grc' dir='ltr'><em>της</em></span> <span class='ocrx_word' id='word_1_105' title='bbox 580 2694 704 2779; x_wconf 78' lang='grc' dir='ltr'><em>τῆς</em></span> <span class='ocrx_word' id='word_1_106' title='bbox 735 2684 958 2779; x_wconf 71' lang='grc' dir='ltr'><em>ἑορτῆς</em></span> <span class='ocrx_word' id='word_1_107' title='bbox 1003 2688 1499 2784; x_wconf 78' lang='grc' dir='ltr'><em>[Σκηνοπηγίας]</em></span> 
     </span>
     <span class='ocr_line' id='line_1_23' title="bbox 420 2787 1501 2884; baseline 0.004 -30"><span class='ocrx_word' id='word_1_108' title='bbox 420 2790 578 2866; x_wconf 80' lang='grc' dir='ltr'><em>στὰς</em></span> <span class='ocrx_word' id='word_1_109' title='bbox 626 2787 665 2854; x_wconf 83' lang='grc' dir='ltr'>ὁ</span> <span class='ocrx_word' id='word_1_110' title='bbox 716 2787 975 2878; x_wconf 74' lang='grc' dir='ltr'><em>Ἰησοῖς,</em></span> <span class='ocrx_word' id='word_1_111' title='bbox 1040 2790 1277 2880; x_wconf 82' lang='grc' dir='ltr'><em>μεγάλῃ</em></span> <span class='ocrx_word' id='word_1_112' title='bbox 1323 2802 1501 2884; x_wconf 77' lang='grc' dir='ltr'><em>φωνῇ</em></span> 
     </span>
     <span class='ocr_line' id='line_1_24' title="bbox 419 2881 1500 2981; baseline 0.006 -29"><span class='ocrx_word' id='word_1_113' title='bbox 419 2883 708 2976; x_wconf 70' lang='grc' dir='ltr'><em>ἔκραξεν·</em></span> <span class='ocrx_word' id='word_1_114' title='bbox 812 2881 905 2950; x_wconf 71' lang='grc' dir='ltr'>Εἴ</span> <span class='ocrx_word' id='word_1_115' title='bbox 958 2910 1060 2965; x_wconf 90' lang='grc' dir='ltr'><em>τις</em></span> <span class='ocrx_word' id='word_1_116' title='bbox 1124 2887 1326 2978; x_wconf 78' lang='grc' dir='ltr'><em>διψᾷ,</em></span> <span class='ocrx_word' id='word_1_117' title='bbox 1398 2891 1500 2981; x_wconf 78' lang='grc' dir='ltr'>ἕρ-</span> 
     </span>
     <span class='ocr_line' id='line_1_25' title="bbox 420 2983 1496 3071; baseline 0.008 -20"><span class='ocrx_word' id='word_1_118' title='bbox 420 2985 648 3067; x_wconf 75' lang='grc' dir='ltr'><strong><em>χέσθω</em></strong></span> <span class='ocrx_word' id='word_1_119' title='bbox 699 2983 867 3071; x_wconf 80' lang='grc' dir='ltr'><em>πρός</em></span> <span class='ocrx_word' id='word_1_120' title='bbox 909 3008 1017 3068; x_wconf 87' lang='grc' dir='ltr'><em>με,</em></span> <span class='ocrx_word' id='word_1_121' title='bbox 1082 2984 1187 3051; x_wconf 85' lang='grc' dir='ltr'>καὶ</span> <span class='ocrx_word' id='word_1_122' title='bbox 1234 2988 1496 3061; x_wconf 82' lang='grc' dir='ltr'><em>πινέτω.</em></span> 
     </span>
     <span class='ocr_line' id='line_1_26' title="bbox 420 3075 1501 3180; baseline 0.006 -31"><span class='ocrx_word' id='word_1_123' title='bbox 420 3083 602 3150; x_wconf 79' lang='grc' dir='ltr'><em>Ἐπεὶ</em></span> <span class='ocrx_word' id='word_1_124' title='bbox 670 3075 787 3148; x_wconf 84' lang='grc' dir='ltr'><em>οὖν</em></span> <span class='ocrx_word' id='word_1_125' title='bbox 851 3078 921 3147; x_wconf 76' lang='grc' dir='ltr'><em>ἐν</em></span> <span class='ocrx_word' id='word_1_126' title='bbox 980 3087 1059 3171; x_wconf 78' lang='grc' dir='ltr'><em>τῇ</em></span> <span class='ocrx_word' id='word_1_127' title='bbox 1112 3083 1501 3180; x_wconf 81' lang='grc' dir='ltr'><em>διδασκαλίᾳ</em></span> 
     </span>
     <span class='ocr_line' id='line_1_27' title="bbox 422 3180 1502 3273; baseline 0.008 -25"><span class='ocrx_word' id='word_1_128' title='bbox 422 3181 624 3273; x_wconf 77' lang='grc' dir='ltr'><em>ταῦτῃ</em></span> <span class='ocrx_word' id='word_1_129' title='bbox 717 3180 753 3245; x_wconf 85' lang='grc' dir='ltr'><strong>ὁ</strong></span> <span class='ocrx_word' id='word_1_130' title='bbox 835 3181 1123 3269; x_wconf 83' lang='grc' dir='ltr'><em>Χριστὸς</em></span> <span class='ocrx_word' id='word_1_131' title='bbox 1197 3184 1502 3256; x_wconf 78' lang='grc' dir='ltr'><em>Μεσσίαν</em></span> 
     </span>
     <span class='ocr_line' id='line_1_28' title="bbox 423 3276 1500 3369; baseline -0.004 -21"><span class='ocrx_word' id='word_1_132' title='bbox 423 3279 657 3348; x_wconf 75' lang='grc' dir='ltr'><em>ἑαυτὸν</em></span> <span class='ocrx_word' id='word_1_133' title='bbox 706 3277 1026 3362; x_wconf 76' lang='grc' dir='ltr'><em>ἀπέδειξε,</em></span> <span class='ocrx_word' id='word_1_134' title='bbox 1086 3276 1349 3369; x_wconf 82' lang='grc' dir='ltr'><em>μεσίτης</em></span> <span class='ocrx_word' id='word_1_135' title='bbox 1392 3278 1500 3346; x_wconf 81' lang='grc' dir='ltr'>καὶ</span> 
     </span>
     <span class='ocr_line' id='line_1_29' title="bbox 426 3377 1499 3467; baseline -0.001 -22"><span class='ocrx_word' id='word_1_136' title='bbox 426 3377 817 3464; x_wconf 64' lang='grc' dir='ltr'><em>διαλλακτὴς</em></span> <span class='ocrx_word' id='word_1_137' title='bbox 899 3377 1074 3467; x_wconf 76' lang='grc' dir='ltr'><em>ἡμῶν</em></span> <span class='ocrx_word' id='word_1_138' title='bbox 1147 3379 1499 3464; x_wconf 79' lang='grc' dir='ltr'><em>γενόμενος,</em></span> 
     </span>
     <span class='ocr_line' id='line_1_30' title="bbox 424 3472 1499 3564; baseline -0.002 -21"><span class='ocrx_word' id='word_1_139' title='bbox 424 3478 532 3544; x_wconf 82' lang='grc' dir='ltr'>καὶ</span> <span class='ocrx_word' id='word_1_140' title='bbox 560 3481 682 3544; x_wconf 75' lang='grc' dir='ltr'><em>τοῦ</em></span> <span class='ocrx_word' id='word_1_141' title='bbox 714 3472 977 3542; x_wconf 74' lang='grc' dir='ltr'><em>αἰωνίου</em></span> <span class='ocrx_word' id='word_1_142' title='bbox 1007 3476 1199 3543; x_wconf 77' lang='grc' dir='ltr'><em>αὐτοῦ</em></span> <span class='ocrx_word' id='word_1_143' title='bbox 1219 3476 1499 3564; x_wconf 87' lang='grc' dir='ltr'><em>Πατρός,</em></span> 
     </span>
     <span class='ocr_line' id='line_1_31' title="bbox 429 3570 1504 3664; baseline -0.002 -23"><span class='ocrx_word' id='word_1_144' title='bbox 429 3576 539 3643; x_wconf 79' lang='grc' dir='ltr'>διὰ</span> <span class='ocrx_word' id='word_1_145' title='bbox 612 3574 851 3664; x_wconf 74' lang='grc' dir='ltr'><em>ταύτην</em></span> <span class='ocrx_word' id='word_1_146' title='bbox 926 3574 1042 3664; x_wconf 74' lang='grc' dir='ltr'>τὴν</span> <span class='ocrx_word' id='word_1_147' title='bbox 1109 3570 1325 3641; x_wconf 76' lang='grc' dir='ltr'><em>αἰτίαν</em></span> <span class='ocrx_word' id='word_1_148' title='bbox 1390 3575 1504 3663; x_wconf 84' lang='grc' dir='ltr'>τὴν</span> 
     </span>
     <span class='ocr_line' id='line_1_32' title="bbox 428 3669 1500 3765; baseline 0 -26"><span class='ocrx_word' id='word_1_149' title='bbox 428 3680 771 3763; x_wconf 71' lang='grc' dir='ltr'><em>παροῦσαν</em></span> <span class='ocrx_word' id='word_1_150' title='bbox 808 3669 1031 3765; x_wconf 72' lang='grc' dir='ltr'><em>ἑορτὴν</em></span> <span class='ocrx_word' id='word_1_151' title='bbox 1075 3670 1500 3759; x_wconf 71' lang='grc' dir='ltr'><em>ἑορτάζοντες,</em></span> 
     </span>
     <span class='ocr_line' id='line_1_33' title="bbox 427 3771 1505 3862; baseline 0.001 -26"><span class='ocrx_word' id='word_1_152' title='bbox 427 3772 538 3837; x_wconf 82' lang='grc' dir='ltr'>καὶ</span> <span class='ocrx_word' id='word_1_153' title='bbox 586 3772 1219 3862; x_wconf 83' lang='grc' dir='ltr'><em>Μεσοπεντηκοστὴν</em></span> <span class='ocrx_word' id='word_1_154' title='bbox 1268 3771 1505 3857; x_wconf 88' lang='grc' dir='ltr'><em>ὀνομά-</em></span> 
     </span>
     <span class='ocr_line' id='line_1_34' title="bbox 432 3867 1504 3956; baseline -0.003 -19"><span class='ocrx_word' id='word_1_155' title='bbox 432 3870 669 3951; x_wconf 84' lang='grc' dir='ltr'><em>ζοντες,</em></span> <span class='ocrx_word' id='word_1_156' title='bbox 716 3869 834 3936; x_wconf 79' lang='grc' dir='ltr'>τὸν</span> <span class='ocrx_word' id='word_1_157' title='bbox 861 3867 1167 3937; x_wconf 79' lang='grc' dir='ltr'><em>Μεσσίαν</em></span> <span class='ocrx_word' id='word_1_158' title='bbox 1198 3869 1504 3956; x_wconf 81' lang='grc' dir='ltr'><em>ἆνυμνοῦ-</em></span> 
     </span>
     <span class='ocr_line' id='line_1_35' title="bbox 430 3964 1508 4056; baseline 0.001 -23"><span class='ocrx_word' id='word_1_159' title='bbox 430 3992 546 4053; x_wconf 90' lang='grc' dir='ltr'>μεν</span> <span class='ocrx_word' id='word_1_160' title='bbox 592 3967 915 4056; x_wconf 86' lang='grc' dir='ltr'><em>Χριστόν,</em></span> <span class='ocrx_word' id='word_1_161' title='bbox 971 3968 1094 4034; x_wconf 71' lang='grc' dir='ltr'>καὶ</span> <span class='ocrx_word' id='word_1_162' title='bbox 1153 3967 1229 4035; x_wconf 84' lang='grc' dir='ltr'><em>τὸ</em></span> <span class='ocrx_word' id='word_1_163' title='bbox 1290 3964 1508 4054; x_wconf 86' lang='grc' dir='ltr'><em>τίμιον</em></span> 
     </span>
     <span class='ocr_line' id='line_1_36' title="bbox 432 4061 1507 4154; baseline 0.003 -24"><span class='ocrx_word' id='word_1_164' title='bbox 432 4071 561 4131; x_wconf 89' lang='grc' dir='ltr'>τῶν</span> <span class='ocrx_word' id='word_1_165' title='bbox 592 4065 753 4154; x_wconf 79' lang='grc' dir='ltr'><em>παρ’</em></span> <span class='ocrx_word' id='word_1_166' title='bbox 777 4061 1047 4154; x_wconf 76' lang='grc' dir='ltr'><em>ἑκάτερα</em></span> <span class='ocrx_word' id='word_1_167' title='bbox 1075 4065 1190 4133; x_wconf 73' lang='grc' dir='ltr'>δύο</span> <span class='ocrx_word' id='word_1_168' title='bbox 1219 4065 1507 4152; x_wconf 84' lang='grc' dir='ltr'><em>μεγάλων</em></span> 
     </span>
     <span class='ocr_line' id='line_1_37' title="bbox 434 4161 1506 4252; baseline 0 -23"><span class='ocrx_word' id='word_1_169' title='bbox 434 4161 673 4252; x_wconf 76' lang='grc' dir='ltr'><em>ἑορτῶν</em></span> <span class='ocrx_word' id='word_1_170' title='bbox 704 4164 1203 4252; x_wconf 80' lang='grc' dir='ltr'><em>παριστάνομεν.</em></span> <span class='ocrx_word' id='word_1_171' title='bbox 1261 4165 1506 4230; x_wconf 83' lang='grc' dir='ltr'><em>Τούτου</em></span> 
     </span>
     <span class='ocr_line' id='line_1_38' title="bbox 436 4255 1507 4353; baseline 0.001 -26"><span class='ocrx_word' id='word_1_172' title='bbox 436 4263 507 4327; x_wconf 77' lang='grc' dir='ltr'>δὲ</span> <span class='ocrx_word' id='word_1_173' title='bbox 555 4255 740 4348; x_wconf 78' lang='grc' dir='ltr'><em>οἶμαι</em></span> <span class='ocrx_word' id='word_1_174' title='bbox 773 4262 977 4351; x_wconf 88' lang='grc' dir='ltr'><em>χάριν,</em></span> <span class='ocrx_word' id='word_1_175' title='bbox 1027 4262 1132 4328; x_wconf 80' lang='grc' dir='ltr'>καὶ</span> <span class='ocrx_word' id='word_1_176' title='bbox 1166 4261 1339 4353; x_wconf 80' lang='grc' dir='ltr'><em>ἠτῆς</em></span> <span class='ocrx_word' id='word_1_177' title='bbox 1376 4268 1507 4328; x_wconf 81' lang='grc' dir='ltr'>Σα-</span> 
     </span>
     <span class='ocr_line' id='line_1_39' title="bbox 435 4357 1508 4451; baseline 0.001 -27"><span class='ocrx_word' id='word_1_178' title='bbox 435 4357 807 4448; x_wconf 87' lang='grc' dir='ltr'><em>μαρείτιδος</em></span> <span class='ocrx_word' id='word_1_179' title='bbox 872 4360 1013 4445; x_wconf 78' lang='grc' dir='ltr'><em>μετ’</em></span> <span class='ocrx_word' id='word_1_180' title='bbox 1074 4359 1264 4451; x_wconf 73' lang='grc' dir='ltr'><em>αι’-τήν</em></span> <span class='ocrx_word' id='word_1_181' title='bbox 1322 4359 1508 4450; x_wconf 75' lang='grc' dir='ltr'><em>ἑορτὴ</em></span> 
     </span>
     <span class='ocr_line' id='line_1_40' title="bbox 439 4454 1507 4544; baseline 0.001 -21"><span class='ocrx_word' id='word_1_182' title='bbox 439 4454 831 4544; x_wconf 75' lang='grc' dir='ltr'><em>ἑορτάζεται,</em></span> <span class='ocrx_word' id='word_1_183' title='bbox 881 4458 982 4523; x_wconf 82' lang='grc' dir='ltr'><em>ὅτι</em></span> <span class='ocrx_word' id='word_1_184' title='bbox 1013 4457 1265 4524; x_wconf 75' lang='grc' dir='ltr'><em>κάκεῖσε</em></span> <span class='ocrx_word' id='word_1_185' title='bbox 1293 4458 1507 4524; x_wconf 80' lang='grc' dir='ltr'><em>πολλὰ</em></span> 
     </span>
    </p>
   </div>
   <div class='ocr_carea' id='block_1_3' title="bbox 1586 1008 1812 1081">
    <p class='ocr_par' dir='ltr' id='par_1_3' title="bbox 1586 1008 1812 1081">
     <span class='ocr_line' id='line_1_41' title="bbox 1586 1008 1812 1081; baseline 0.004 -1"><span class='ocrx_word' id='word_1_186' title='bbox 1586 1008 1812 1081; x_wconf 77' lang='lat' dir='ltr'>&#39;dere.“</span> 
     </span>
    </p>
   </div>
   <div class='ocr_carea' id='block_1_4' title="bbox 2565 522 2672 578">
    <p class='ocr_par' dir='ltr' id='par_1_4' title="bbox 2565 522 2672 578">
     <span class='ocr_line' id='line_1_42' title="bbox 2565 522 2672 578; baseline -0.019 0"><span class='ocrx_word' id='word_1_187' title='bbox 2565 522 2672 578; x_wconf 77' lang='lat'>355</span> 
     </span>
    </p>
   </div>
   <div class='ocr_carea' id='block_1_5' title="bbox 2276 636 2621 641">
    <p class='ocr_par' dir='ltr' id='par_1_5' title="bbox 2276 636 2621 641">
     <span class='ocr_line' id='line_1_43' title="bbox 2276 636 2621 641; baseline 0 0"><span class='ocrx_word' id='word_1_188' title='bbox 2276 636 2621 641; x_wconf 95' lang='lat' dir='ltr'> </span> 
     </span>
    </p>
   </div>
   <div class='ocr_carea' id='block_1_6' title="bbox 1602 706 2757 4615">
    <p class='ocr_par' dir='ltr' id='par_1_6' title="bbox 1602 706 2757 4615">
     <span class='ocr_line' id='line_1_44' title="bbox 1604 706 2670 804; baseline 0 -19"><span class='ocrx_word' id='word_1_189' title='bbox 1604 721 1761 799; x_wconf 88' lang='lat' dir='ltr'>daei,</span> <span class='ocrx_word' id='word_1_190' title='bbox 1811 706 2063 804; x_wconf 74' lang='lat' dir='ltr'>propter</span> <span class='ocrx_word' id='word_1_191' title='bbox 2092 721 2385 785; x_wconf 89' lang='lat' dir='ltr'>nimirum</span> <span class='ocrx_word' id='word_1_192' title='bbox 2418 720 2670 787; x_wconf 80' lang='lat' dir='ltr'>Sabbati</span> 
     </span>
     <span class='ocr_line' id='line_1_45' title="bbox 1602 817 2669 903; baseline 0 -20"><span class='ocrx_word' id='word_1_193' title='bbox 1602 819 1802 884; x_wconf 84' lang='lat' dir='ltr'>diem:</span> <span class='ocrx_word' id='word_1_194' title='bbox 1853 818 2082 903; x_wconf 88' lang='lat' dir='ltr'>quippe</span> <span class='ocrx_word' id='word_1_195' title='bbox 2112 817 2388 884; x_wconf 80' lang='lat' dir='ltr'>Sabbato</span> <span class='ocrx_word' id='word_1_196' title='bbox 2436 820 2669 885; x_wconf 86' lang='lat' dir='ltr'>editum</span> 
     </span>
     <span class='ocr_line' id='line_1_46' title="bbox 1605 915 2672 997; baseline 0 -15"><span class='ocrx_word' id='word_1_197' title='bbox 1605 921 1730 982; x_wconf 88' lang='lat' dir='ltr'>est:</span> <span class='ocrx_word' id='word_1_198' title='bbox 1808 915 2237 997; x_wconf 77' lang='lat' dir='ltr'>„Quaerebant</span> <span class='ocrx_word' id='word_1_199' title='bbox 2301 937 2443 982; x_wconf 88' lang='lat' dir='ltr'>eum</span> <span class='ocrx_word' id='word_1_200' title='bbox 2511 918 2672 984; x_wconf 84' lang='lat' dir='ltr'>occi-</span> 
     </span>
     <span class='ocr_line' id='line_1_47' title="bbox 1905 1014 2674 1100; baseline 0.003 -22"><span class='ocrx_word' id='word_1_201' title='bbox 1905 1014 2097 1100; x_wconf 82' lang='lat' dir='ltr'>Fugit</span> <span class='ocrx_word' id='word_1_202' title='bbox 2142 1016 2352 1099; x_wconf 86' lang='lat' dir='ltr'>itaque</span> <span class='ocrx_word' id='word_1_203' title='bbox 2399 1017 2459 1081; x_wconf 85' lang='lat' dir='ltr'>in</span> <span class='ocrx_word' id='word_1_204' title='bbox 2510 1016 2674 1082; x_wconf 85' lang='lat' dir='ltr'>Gali-</span> 
     </span>
     <span class='ocr_line' id='line_1_48' title="bbox 1604 1113 2674 1192; baseline 0.001 -14"><span class='ocrx_word' id='word_1_205' title='bbox 1604 1114 1825 1192; x_wconf 87' lang='lat' dir='ltr'>laeam,</span> <span class='ocrx_word' id='word_1_206' title='bbox 1875 1113 1982 1177; x_wconf 89' lang='lat' dir='ltr'>ubi</span> <span class='ocrx_word' id='word_1_207' title='bbox 2031 1120 2307 1178; x_wconf 87' lang='lat' dir='ltr'>moratus</span> <span class='ocrx_word' id='word_1_208' title='bbox 2352 1115 2417 1179; x_wconf 90' lang='lat' dir='ltr'>in</span> <span class='ocrx_word' id='word_1_209' title='bbox 2447 1116 2674 1179; x_wconf 90' lang='lat' dir='ltr'>monti-</span> 
     </span>
     <span class='ocr_line' id='line_1_49' title="bbox 1604 1211 2677 1297; baseline 0.002 -22"><span class='ocrx_word' id='word_1_210' title='bbox 1604 1211 1741 1287; x_wconf 83' lang='lat' dir='ltr'>buS‚</span> <span class='ocrx_word' id='word_1_211' title='bbox 1795 1211 2145 1297; x_wconf 88' lang='lat' dir='ltr'>prodigium</span> <span class='ocrx_word' id='word_1_212' title='bbox 2190 1211 2341 1277; x_wconf 86' lang='lat' dir='ltr'>illud</span> <span class='ocrx_word' id='word_1_213' title='bbox 2384 1217 2677 1296; x_wconf 82' lang='lat' dir='ltr'>operatur</span> 
     </span>
     <span class='ocr_line' id='line_1_50' title="bbox 1607 1310 2672 1394; baseline 0.001 -20"><span class='ocrx_word' id='word_1_214' title='bbox 1607 1310 1881 1393; x_wconf 89' lang='lat' dir='ltr'>quinque</span> <span class='ocrx_word' id='word_1_215' title='bbox 1955 1331 2185 1394; x_wconf 89' lang='lat' dir='ltr'>panum</span> <span class='ocrx_word' id='word_1_216' title='bbox 2278 1315 2339 1375; x_wconf 92' lang='lat' dir='ltr'>et</span> <span class='ocrx_word' id='word_1_217' title='bbox 2411 1312 2672 1375; x_wconf 88' lang='lat' dir='ltr'>duorum</span> 
     </span>
     <span class='ocr_line' id='line_1_51' title="bbox 1606 1406 2673 1491; baseline 0.001 -19"><span class='ocrx_word' id='word_1_218' title='bbox 1606 1406 1890 1491; x_wconf 78' lang='lat' dir='ltr'><strong>piscium.</strong></span> <span class='ocrx_word' id='word_1_219' title='bbox 1941 1408 2348 1474; x_wconf 87' lang='lat' dir='ltr'>Postmodum</span> <span class='ocrx_word' id='word_1_220' title='bbox 2374 1430 2538 1487; x_wconf 84' lang='lat' dir='ltr'>vere,</span> <span class='ocrx_word' id='word_1_221' title='bbox 2569 1409 2673 1473; x_wconf 88' lang='lat' dir='ltr'>ubi</span> 
     </span>
     <span class='ocr_line' id='line_1_52' title="bbox 1607 1506 2675 1591; baseline 0 -20"><span class='ocrx_word' id='word_1_222' title='bbox 1607 1506 1991 1591; x_wconf 73' lang='lat' dir='ltr'>scenopegia</span> <span class='ocrx_word' id='word_1_223' title='bbox 2016 1506 2398 1590; x_wconf 82' lang='lat' dir='ltr'>advenisset,</span> <span class='ocrx_word' id='word_1_224' title='bbox 2449 1513 2543 1571; x_wconf 89' lang='lat' dir='ltr'>est</span> <span class='ocrx_word' id='word_1_225' title='bbox 2567 1527 2675 1571; x_wconf 88' lang='lat' dir='ltr'>au-</span> 
     </span>
     <span class='ocr_line' id='line_1_53' title="bbox 1606 1593 2673 1690; baseline -0.002 -20"><span class='ocrx_word' id='word_1_226' title='bbox 1606 1608 1733 1670; x_wconf 83' lang='lat' dir='ltr'>tem</span> <span class='ocrx_word' id='word_1_227' title='bbox 1783 1604 1966 1669; x_wconf 89' lang='lat' dir='ltr'>etiam</span> <span class='ocrx_word' id='word_1_228' title='bbox 2004 1593 2174 1670; x_wconf 74' lang='lat' dir='ltr'>=haec</span> <span class='ocrx_word' id='word_1_229' title='bbox 2220 1625 2449 1690; x_wconf 85' lang='lat' dir='ltr'>magna</span> <span class='ocrx_word' id='word_1_230' title='bbox 2511 1607 2673 1689; x_wconf 85' lang='lat' dir='ltr'>apud</span> 
     </span>
     <span class='ocr_line' id='line_1_54' title="bbox 1605 1703 2679 1781; baseline -0.001 -12"><span class='ocrx_word' id='word_1_231' title='bbox 1605 1703 1886 1769; x_wconf 81' lang='lat' dir='ltr'>Judaeos</span> <span class='ocrx_word' id='word_1_232' title='bbox 1949 1703 2330 1781; x_wconf 63' lang='lat' dir='ltr'>solemnitate,</span> <span class='ocrx_word' id='word_1_233' title='bbox 2401 1704 2679 1769; x_wconf 86' lang='lat' dir='ltr'>ascendit</span> 
     </span>
     <span class='ocr_line' id='line_1_55' title="bbox 1603 1801 2674 1885; baseline 0 -18"><span class='ocrx_word' id='word_1_234' title='bbox 1603 1801 2127 1885; x_wconf 87' lang='lat' dir='ltr'>Hierosolymam,</span> <span class='ocrx_word' id='word_1_235' title='bbox 2164 1806 2225 1867; x_wconf 89' lang='lat' dir='ltr'>et</span> <span class='ocrx_word' id='word_1_236' title='bbox 2240 1802 2599 1868; x_wconf 88' lang='lat' dir='ltr'>ambulabat</span> <span class='ocrx_word' id='word_1_237' title='bbox 2613 1803 2674 1867; x_wconf 90' lang='lat' dir='ltr'>in</span> 
     </span>
     <span class='ocr_line' id='line_1_56' title="bbox 1607 1900 2675 1987; baseline 0.001 -21"><span class='ocrx_word' id='word_1_238' title='bbox 1607 1900 1868 1967; x_wconf 81' lang='lat' dir='ltr'>occulte.</span> <span class='ocrx_word' id='word_1_239' title='bbox 1948 1900 2128 1967; x_wconf 82' lang='lat' dir='ltr'>Circa</span> <span class='ocrx_word' id='word_1_240' title='bbox 2156 1906 2360 1976; x_wconf 84' lang='lat' dir='ltr'>autem</span> <span class='ocrx_word' id='word_1_241' title='bbox 2389 1900 2522 1987; x_wconf 87' lang='lat' dir='ltr'>ejus</span> <span class='ocrx_word' id='word_1_242' title='bbox 2547 1922 2675 1967; x_wconf 89' lang='lat' dir='ltr'>me-</span> 
     </span>
     <span class='ocr_line' id='line_1_57' title="bbox 1606 2000 2676 2084; baseline -0.001 -19"><span class='ocrx_word' id='word_1_243' title='bbox 1606 2001 1781 2065; x_wconf 87' lang='lat' dir='ltr'>dium</span> <span class='ocrx_word' id='word_1_244' title='bbox 1801 2002 2142 2065; x_wconf 84' lang='lat' dir='ltr'>ascendens</span> <span class='ocrx_word' id='word_1_245' title='bbox 2162 2000 2226 2065; x_wconf 91' lang='lat' dir='ltr'>in</span> <span class='ocrx_word' id='word_1_246' title='bbox 2246 2000 2545 2084; x_wconf 88' lang='lat' dir='ltr'>templum</span> <span class='ocrx_word' id='word_1_247' title='bbox 2567 2002 2676 2064; x_wconf 92' lang='lat' dir='ltr'>do-</span> 
     </span>
     <span class='ocr_line' id='line_1_58' title="bbox 1608 2097 2678 2182; baseline -0.002 -17"><span class='ocrx_word' id='word_1_248' title='bbox 1608 2099 1809 2178; x_wconf 85' lang='lat' dir='ltr'>cebat,</span> <span class='ocrx_word' id='word_1_249' title='bbox 1832 2118 2171 2182; x_wconf 87' lang='lat' dir='ltr'>omnesque</span> <span class='ocrx_word' id='word_1_250' title='bbox 2187 2097 2322 2180; x_wconf 89' lang='lat' dir='ltr'>ejus</span> <span class='ocrx_word' id='word_1_251' title='bbox 2347 2100 2678 2182; x_wconf 87' lang='lat' dir='ltr'>stupebant</span> 
     </span>
     <span class='ocr_line' id='line_1_59' title="bbox 1609 2197 2674 2283; baseline -0.002 -20"><span class='ocrx_word' id='word_1_252' title='bbox 1609 2197 1974 2263; x_wconf 81' lang='lat' dir='ltr'>doctrinam.</span> <span class='ocrx_word' id='word_1_253' title='bbox 2063 2197 2246 2281; x_wconf 75' lang='lat' dir='ltr'>(Post</span> <span class='ocrx_word' id='word_1_254' title='bbox 2290 2219 2419 2261; x_wconf 78' lang='lat' dir='ltr'>uon</span> <span class='ocrx_word' id='word_1_255' title='bbox 2438 2221 2674 2283; x_wconf 77' lang='lat' dir='ltr'>pauca,</span> 
     </span>
     <span class='ocr_line' id='line_1_60' title="bbox 1609 2294 2678 2381; baseline -0.001 -21"><span class='ocrx_word' id='word_1_256' title='bbox 1609 2321 1683 2360; x_wconf 81' lang='lat' dir='ltr'>ac</span> <span class='ocrx_word' id='word_1_257' title='bbox 1728 2295 1841 2361; x_wconf 84' lang='lat' dir='ltr'>ubi</span> <span class='ocrx_word' id='word_1_258' title='bbox 1894 2296 1970 2361; x_wconf 84' lang='lat' dir='ltr'>de</span> <span class='ocrx_word' id='word_1_259' title='bbox 2019 2294 2298 2360; x_wconf 80' lang='lat' dir='ltr'>Sabbato</span> <span class='ocrx_word' id='word_1_260' title='bbox 2362 2295 2678 2381; x_wconf 75' lang='lat' dir='ltr'>tribusque</span> 
     </span>
     <span class='ocr_line' id='line_1_61' title="bbox 1608 2393 2676 2476; baseline -0.002 -17"><span class='ocrx_word' id='word_1_261' title='bbox 1608 2393 2131 2476; x_wconf 76' lang='lat' dir='ltr'>solemnitatibus,</span> <span class='ocrx_word' id='word_1_262' title='bbox 2165 2394 2490 2473; x_wconf 73' lang='lat' dir='ltr'>Paschate,</span> <span class='ocrx_word' id='word_1_263' title='bbox 2525 2396 2676 2457; x_wconf 79' lang='lat' dir='ltr'>Peu-</span> 
     </span>
     <span class='ocr_line' id='line_1_62' title="bbox 1611 2491 2680 2578; baseline -0.003 -20"><span class='ocrx_word' id='word_1_264' title='bbox 1611 2505 1834 2559; x_wconf 75' lang='lat' dir='ltr'>tecoste</span> <span class='ocrx_word' id='word_1_265' title='bbox 1856 2516 1929 2557; x_wconf 84' lang='lat' dir='ltr'>ac</span> <span class='ocrx_word' id='word_1_266' title='bbox 1951 2492 2340 2578; x_wconf 72' lang='lat' dir='ltr'>Scenopeqia</span> <span class='ocrx_word' id='word_1_267' title='bbox 2357 2491 2680 2564; x_wconf 66' lang='lat' dir='ltr'>monnulla</span> 
     </span>
     <span class='ocr_line' id='line_1_63' title="bbox 1608 2590 2677 2675; baseline -0.003 -18"><span class='ocrx_word' id='word_1_268' title='bbox 1608 2591 1964 2675; x_wconf 75' lang='lat' dir='ltr'>disseruit).</span> <span class='ocrx_word' id='word_1_269' title='bbox 2028 2599 2113 2637; x_wconf 59' lang='lat' dir='ltr'>-ss</span> <span class='ocrx_word' id='word_1_270' title='bbox 2188 2590 2262 2654; x_wconf 92' lang='lat' dir='ltr'>In</span> <span class='ocrx_word' id='word_1_271' title='bbox 2320 2590 2444 2655; x_wconf 88' lang='lat' dir='ltr'>fine</span> <span class='ocrx_word' id='word_1_272' title='bbox 2491 2591 2677 2673; x_wconf 88' lang='lat' dir='ltr'>hujus</span> 
     </span>
     <span class='ocr_line' id='line_1_64' title="bbox 1609 2680 2677 2774; baseline -0.003 -17"><span class='ocrx_word' id='word_1_273' title='bbox 1609 2680 2019 2757; x_wconf 81' lang='lat' dir='ltr'>solemnitatis</span> <span class='ocrx_word' id='word_1_274' title='bbox 2066 2692 2318 2773; x_wconf 84' lang='lat' dir='ltr'>(nempe</span> <span class='ocrx_word' id='word_1_275' title='bbox 2367 2688 2677 2774; x_wconf 87' lang='lat' dir='ltr'>Scenope-</span> 
     </span>
     <span class='ocr_line' id='line_1_65' title="bbox 1608 2787 2679 2876; baseline -0.004 -22"><span class='ocrx_word' id='word_1_276' title='bbox 1608 2789 1775 2876; x_wconf 85' lang='lat' dir='ltr'>giae)</span> <span class='ocrx_word' id='word_1_277' title='bbox 1808 2814 1816 2821; x_wconf 61' lang='grc'><strong><em>’</em></strong></span> <span class='ocrx_word' id='word_1_278' title='bbox 1850 2793 2022 2853; x_wconf 89' lang='lat' dir='ltr'>stans</span> <span class='ocrx_word' id='word_1_279' title='bbox 2085 2787 2308 2864; x_wconf 82' lang='lat' dir='ltr'>JeSUS,</span> <span class='ocrx_word' id='word_1_280' title='bbox 2392 2787 2679 2852; x_wconf 84' lang='lat' dir='ltr'>clamavit</span> 
     </span>
     <span class='ocr_line' id='line_1_66' title="bbox 1608 2885 2675 2971; baseline -0.003 -18"><span class='ocrx_word' id='word_1_281' title='bbox 1608 2906 1761 2953; x_wconf 85' lang='lat' dir='ltr'>voee</span> <span class='ocrx_word' id='word_1_282' title='bbox 1825 2907 2081 2971; x_wconf 86' lang='lat' dir='ltr'>magna:</span> <span class='ocrx_word' id='word_1_283' title='bbox 2164 2885 2265 2963; x_wconf 85' lang='lat' dir='ltr'>„si</span> <span class='ocrx_word' id='word_1_284' title='bbox 2326 2886 2464 2969; x_wconf 88' lang='lat' dir='ltr'>quis</span> <span class='ocrx_word' id='word_1_285' title='bbox 2527 2887 2675 2963; x_wconf 87' lang='lat' dir='ltr'>sitit,</span> 
     </span>
     <span class='ocr_line' id='line_1_67' title="bbox 1610 2982 2679 3064; baseline -0.007 -10"><span class='ocrx_word' id='word_1_286' title='bbox 1610 2986 1815 3056; x_wconf 82' lang='lat' dir='ltr'>veniat</span> <span class='ocrx_word' id='word_1_287' title='bbox 1862 2986 1939 3049; x_wconf 87' lang='lat' dir='ltr'>ad</span> <span class='ocrx_word' id='word_1_288' title='bbox 1965 3004 2085 3063; x_wconf 88' lang='lat' dir='ltr'>me,</span> <span class='ocrx_word' id='word_1_289' title='bbox 2137 2988 2198 3048; x_wconf 90' lang='lat' dir='ltr'>et</span> <span class='ocrx_word' id='word_1_290' title='bbox 2223 2983 2454 3050; x_wconf 86' lang='lat' dir='ltr'>bibat.“</span> <span class='ocrx_word' id='word_1_291' title='bbox 2526 2982 2679 3064; x_wconf 84' lang='lat' dir='ltr'>Quia</span> 
     </span>
     <span class='ocr_line' id='line_1_68' title="bbox 1610 3082 2678 3169; baseline -0.002 -21"><span class='ocrx_word' id='word_1_292' title='bbox 1610 3104 1760 3169; x_wconf 88' lang='lat' dir='ltr'>ergo</span> <span class='ocrx_word' id='word_1_293' title='bbox 1806 3082 1925 3148; x_wconf 90' lang='lat' dir='ltr'>hac</span> <span class='ocrx_word' id='word_1_294' title='bbox 1972 3103 2038 3148; x_wconf 89' lang='lat' dir='ltr'>se</span> <span class='ocrx_word' id='word_1_295' title='bbox 2087 3082 2368 3148; x_wconf 87' lang='lat' dir='ltr'>doctrina</span> <span class='ocrx_word' id='word_1_296' title='bbox 2393 3082 2678 3147; x_wconf 85' lang='lat' dir='ltr'>Christus</span> 
     </span>
     <span class='ocr_line' id='line_1_69' title="bbox 1610 3181 2677 3259; baseline 0 -13"><span class='ocrx_word' id='word_1_297' title='bbox 1610 3182 1909 3247; x_wconf 89' lang='lat' dir='ltr'>Messiam</span> <span class='ocrx_word' id='word_1_298' title='bbox 1960 3181 2249 3259; x_wconf 85' lang='lat' dir='ltr'>ostendit,</span> <span class='ocrx_word' id='word_1_299' title='bbox 2299 3181 2502 3245; x_wconf 83' lang='lat' dir='ltr'>faetus</span> <span class='ocrx_word' id='word_1_300' title='bbox 2547 3201 2677 3246; x_wconf 87' lang='lat' dir='ltr'>me-</span> 
     </span>
     <span class='ocr_line' id='line_1_70' title="bbox 1608 3279 2676 3356; baseline -0.003 -10"><span class='ocrx_word' id='word_1_301' title='bbox 1608 3282 1810 3346; x_wconf 85' lang='lat' dir='ltr'>diator</span> <span class='ocrx_word' id='word_1_302' title='bbox 1874 3284 2086 3346; x_wconf 87' lang='lat' dir='ltr'>noster</span> <span class='ocrx_word' id='word_1_303' title='bbox 2162 3299 2233 3344; x_wconf 89' lang='lat' dir='ltr'>ac</span> <span class='ocrx_word' id='word_1_304' title='bbox 2301 3279 2676 3356; x_wconf 84' lang='lat' dir='ltr'>conciliator,</span> 
     </span>
     <span class='ocr_line' id='line_1_71' title="bbox 1609 3378 2678 3462; baseline -0.004 -17"><span class='ocrx_word' id='word_1_305' title='bbox 1609 3379 1938 3462; x_wconf 82' lang='lat' dir='ltr'>Patrisque</span> <span class='ocrx_word' id='word_1_306' title='bbox 1997 3378 2192 3462; x_wconf 87' lang='lat' dir='ltr'>ipsius</span> <span class='ocrx_word' id='word_1_307' title='bbox 2251 3378 2485 3442; x_wconf 88' lang='lat' dir='ltr'>aeterni</span> <span class='ocrx_word' id='word_1_308' title='bbox 2505 3428 2534 3455; x_wconf 90' lang='lat'>‚.</span> <span class='ocrx_word' id='word_1_309' title='bbox 2586 3379 2678 3442; x_wconf 88' lang='lat' dir='ltr'>id-</span> 
     </span>
     <span class='ocr_line' id='line_1_72' title="bbox 1609 3476 2670 3562; baseline -0.005 -17"><span class='ocrx_word' id='word_1_310' title='bbox 1609 3480 1772 3545; x_wconf 86' lang='lat' dir='ltr'>cireo</span> <span class='ocrx_word' id='word_1_311' title='bbox 1820 3483 2213 3562; x_wconf 87' lang='lat' dir='ltr'>praesentem</span> <span class='ocrx_word' id='word_1_312' title='bbox 2258 3476 2530 3541; x_wconf 87' lang='lat' dir='ltr'>colentes</span> <span class='ocrx_word' id='word_1_313' title='bbox 2578 3496 2670 3540; x_wconf 88' lang='lat' dir='ltr'>so-</span> 
     </span>
     <span class='ocr_line' id='line_1_73' title="bbox 1611 3573 2757 3653; baseline -0.006 -10"><span class='ocrx_word' id='word_1_314' title='bbox 1611 3577 2012 3653; x_wconf 85' lang='lat' dir='ltr'>lemnitatem,</span> <span class='ocrx_word' id='word_1_315' title='bbox 2047 3574 2222 3641; x_wconf 91' lang='lat' dir='ltr'>titulo</span> <span class='ocrx_word' id='word_1_316' title='bbox 2249 3575 2494 3640; x_wconf 86' lang='lat' dir='ltr'>Mediae</span> <span class='ocrx_word' id='word_1_317' title='bbox 2517 3573 2678 3638; x_wconf 78' lang='lat' dir='ltr'>Pon·</span> <span class='ocrx_word' id='word_1_318' title='bbox 2749 3574 2757 3579; x_wconf 83' lang='grc'><strong>’</strong></span> 
     </span>
     <span class='ocr_line' id='line_1_74' title="bbox 1609 3673 2679 3754; baseline -0.006 -13"><span class='ocrx_word' id='word_1_319' title='bbox 1609 3679 1906 3754; x_wconf 81' lang='lat' dir='ltr'>tecosteS,</span> <span class='ocrx_word' id='word_1_320' title='bbox 1976 3674 2294 3739; x_wconf 82' lang='lat' dir='ltr'>Christum</span> <span class='ocrx_word' id='word_1_321' title='bbox 2356 3673 2679 3738; x_wconf 85' lang='lat' dir='ltr'>laudamus</span> 
     </span>
     <span class='ocr_line' id='line_1_75' title="bbox 1614 3770 2675 3854; baseline -0.006 -15"><span class='ocrx_word' id='word_1_322' title='bbox 1614 3770 1936 3851; x_wconf 78' lang='lat' dir='ltr'>Messiam,</span> <span class='ocrx_word' id='word_1_323' title='bbox 1985 3792 2055 3838; x_wconf 89' lang='lat' dir='ltr'>ac</span> <span class='ocrx_word' id='word_1_324' title='bbox 2100 3772 2400 3854; x_wconf 88' lang='lat' dir='ltr'>utrinque·</span> <span class='ocrx_word' id='word_1_325' title='bbox 2419 3771 2675 3835; x_wconf 82' lang='lat' dir='ltr'>duarum</span> 
     </span>
     <span class='ocr_line' id='line_1_76' title="bbox 1614 3870 2680 3958; baseline -0.007 -20"><span class='ocrx_word' id='word_1_326' title='bbox 1614 3873 2084 3958; x_wconf 86' lang='lat' dir='ltr'>praecipuarum</span> <span class='ocrx_word' id='word_1_327' title='bbox 2107 3870 2563 3935; x_wconf 87' lang='lat' dir='ltr'>solemnitatum</span> <span class='ocrx_word' id='word_1_328' title='bbox 2581 3890 2680 3931; x_wconf 80' lang='lat' dir='ltr'>ex-</span> 
     </span>
     <span class='ocr_line' id='line_1_77' title="bbox 1615 3965 2676 4054; baseline -0.007 -18"><span class='ocrx_word' id='word_1_329' title='bbox 1615 3971 1904 4036; x_wconf 87' lang='lat' dir='ltr'>hibemus</span> <span class='ocrx_word' id='word_1_330' title='bbox 1922 3969 2379 4054; x_wconf 87' lang='lat' dir='ltr'>praestantiam.</span> <span class='ocrx_word' id='word_1_331' title='bbox 2421 3965 2574 4049; x_wconf 81' lang='lat' dir='ltr'>Ejus</span> <span class='ocrx_word' id='word_1_332' title='bbox 2591 3966 2676 4030; x_wconf 85' lang='lat' dir='ltr'>rei</span> 
     </span>
     <span class='ocr_line' id='line_1_78' title="bbox 1613 4064 2678 4154; baseline -0.008 -20"><span class='ocrx_word' id='word_1_333' title='bbox 1613 4073 1763 4153; x_wconf 85' lang='lat' dir='ltr'>puto</span> <span class='ocrx_word' id='word_1_334' title='bbox 1787 4068 2011 4154; x_wconf 80' lang='lat' dir='ltr'>gratia,</span> <span class='ocrx_word' id='word_1_335' title='bbox 2066 4088 2208 4131; x_wconf 83' lang='lat' dir='ltr'>mox</span> <span class='ocrx_word' id='word_1_336' title='bbox 2243 4065 2429 4131; x_wconf 88' lang='lat' dir='ltr'>etiam</span> <span class='ocrx_word' id='word_1_337' title='bbox 2465 4064 2678 4128; x_wconf 86' lang='lat' dir='ltr'>Sama-</span> 
     </span>
     <span class='ocr_line' id='line_1_79' title="bbox 1616 4162 2677 4239; baseline -0.007 -8"><span class='ocrx_word' id='word_1_338' title='bbox 1616 4168 1851 4231; x_wconf 87' lang='lat' dir='ltr'>ritanae</span> <span class='ocrx_word' id='word_1_339' title='bbox 1917 4166 2176 4231; x_wconf 91' lang='lat' dir='ltr'>colimus</span> <span class='ocrx_word' id='word_1_340' title='bbox 2234 4162 2677 4239; x_wconf 82' lang='lat' dir='ltr'>celebritatem,</span> 
     </span>
     <span class='ocr_line' id='line_1_80' title="bbox 1617 4248 2681 4348; baseline -0.004 -21"><span class='ocrx_word' id='word_1_341' title='bbox 1617 4265 1786 4348; x_wconf 87' lang='lat' dir='ltr'>quod</span> <span class='ocrx_word' id='word_1_342' title='bbox 1833 4268 1894 4329; x_wconf 84' lang='lat' dir='ltr'>et</span> <span class='ocrx_word' id='word_1_343' title='bbox 1922 4263 2044 4328; x_wconf 90' lang='lat' dir='ltr'>illic</span> <span class='ocrx_word' id='word_1_344' title='bbox 2069 4248 2265 4326; x_wconf 80' lang='lat' dir='ltr'>inulta</span> <span class='ocrx_word' id='word_1_345' title='bbox 2290 4260 2574 4325; x_wconf 83' lang='lat' dir='ltr'>Christus</span> <span class='ocrx_word' id='word_1_346' title='bbox 2604 4261 2681 4324; x_wconf 84' lang='lat' dir='ltr'>de</span> 
     </span>
     <span class='ocr_line' id='line_1_81' title="bbox 1616 4362 2684 4441; baseline -0.006 -15"><span class='ocrx_word' id='word_1_347' title='bbox 1616 4362 1853 4427; x_wconf 89' lang='lat' dir='ltr'>Messia</span> <span class='ocrx_word' id='word_1_348' title='bbox 1884 4362 2166 4439; x_wconf 81' lang='lat' dir='ltr'>disserat,</span> <span class='ocrx_word' id='word_1_349' title='bbox 2217 4362 2417 4441; x_wconf 85' lang='lat' dir='ltr'>deque</span> <span class='ocrx_word' id='word_1_350' title='bbox 2445 4378 2605 4441; x_wconf 87' lang='lat' dir='ltr'>aqua</span> <span class='ocrx_word' id='word_1_351' title='bbox 2622 4363 2684 4420; x_wconf 90' lang='lat' dir='ltr'>et</span> 
     </span>
     <span class='ocr_line' id='line_1_82' title="bbox 1616 4455 2678 4541; baseline -0.006 -18"><span class='ocrx_word' id='word_1_352' title='bbox 1616 4460 1735 4536; x_wconf 78' lang='lat' dir='ltr'>siti,</span> <span class='ocrx_word' id='word_1_353' title='bbox 1787 4459 2308 4541; x_wconf 87' lang='lat' dir='ltr'>quemadmodum</span> <span class='ocrx_word' id='word_1_354' title='bbox 2356 4456 2479 4520; x_wconf 79' lang='lat' dir='ltr'>hoe</span> <span class='ocrx_word' id='word_1_355' title='bbox 2527 4455 2678 4518; x_wconf 77' lang='lat' dir='ltr'>loco,</span> 
     </span>
     <span class='ocr_line' id='line_1_83' title="bbox 2369 4561 2470 4615; baseline 0 0"><span class='ocrx_word' id='word_1_356' title='bbox 2369 4561 2470 4615; x_wconf 77' lang='lat'>23*</span> 
     </span>
    </p>
   </div>
  </div>
 </body>
</html>
