3514 5391
908 533 1148 602 κυριακῆ
1186 537 1294 586 τῶν
1329 531 1518 598 imm.
1581 506 1850 588 nominiea
1887 534 1936 587 in
1977 533 2182 587 Palmis.
2559 533 2665 587 203

418 730 905 814 Redemptorem
946 729 1231 795 salutavit
1264 729 1583 808 Messiam,
1634 730 1834 796 David
1864 750 2012 816 rege
2044 735 2437 816 prognatum,
2489 730 2663 794 laetis

418 828 535 894 illis
581 828 966 894 clamoribus
1011 848 1134 893 non
1183 828 1518 906 absimileS,
1585 848 1760 913 quoe,
1829 829 2119 894 arborum
2169 848 2375 894 ramos
2421 829 2485 893 in
2532 847 2662 892 ma-

423 927 599 992 nibus
647 931 958 1005 tenenteS,
1018 927 1081 992 in
1128 926 1288 992 sesto
1336 926 1878 993 tabernaculorum
1925 927 2424 1013 ingeminabant,
2486 931 2557 991 ut
2601 926 2663 990 in

420 1025 658 1110 psalmo
713 1025 861 1103 117,
911 1046 966 1090 v.
1019 1024 1125 1091 15.
1215 1024 1332 1107 Qui
1381 1025 1560 1110 plura
1607 1027 1685 1091 de
1728 1025 1914 1111 hujus
1962 1025 2424 1092 acclamationis
2477 1024 2665 1090 ratio-

426 1124 602 1189 nibus
647 1124 892 1190 discere
939 1123 1119 1200 volet,
1171 1125 1427 1190 adeste.
1462 1124 2028 1210 Hieronymum
2053 1176 2067 1203 ,
2118 1124 2366 1209 propria
2394 1120 2668 1210 epistola

427 1222 511 1285 ad
557 1223 910 1287 Damasum
956 1223 1201 1309 Papam
1247 1223 1483 1307 scripta
1517 1223 1720 1310 varias
1768 1223 1902 1307 ejus
1935 1223 2419 1308 significationes
2466 1241 2500 1286 e
2533 1220 2666 1285 fon-

429 1320 587 1385 tibus
610 1321 1045 1386 Hebraeorum
1077 1328 1396 1387 eruentem
1433 1320 1495 1405 ¹),
1538 1322 1774 1406 junctis
1799 1326 2005 1388 tamen
2036 1320 2450 1387 recentiorum
2480 1318 2665 1396 curiS‚

429 1439 578 1502 quas
624 1423 768 1503 post
815 1419 1346 1486 Benedictum
1391 1419 1531 1486 ΡΡ.
1563 1420 1734 1487 XIV.
1784 1420 1885 1483 De
1914 1420 2113 1507 festis
2161 1419 2241 1484 D.
2296 1419 2382 1483 N.
2432 1418 2501 1485 J.
2557 1414 2665 1482 Ch.

429 1516 491 1603 ᾗ.
524 1518 653 1582 105
701 1537 1018 1584 sacrarum
1066 1518 1386 1584 literarum
1415 1519 1789 1603 interpretes
1821 1539 2047 1605 magno
2078 1517 2442 1584 eruditionis
2483 1536 2668 1599 appa-

430 1620 561 1681 ratu
608 1617 685 1681 ad
733 1615 1169 1701 explicandum
1202 1617 1611 1703 Evangelium
1661 1608 1846 1702 hujus
1876 1616 1996 1683 diei
2028 1617 2311 1682 conferre
2357 1614 2577 1681 solent.

602 1721 934 1789 Dominica
977 1723 1339 1790 Palmarum
1398 1729 1721 1810 praeterea
1781 1729 2175 1809 nuncupatur
2222 1747 2264 1787 a
2308 1723 2536 1810 yratt'is
2597 1741 2667 1786 eo

431 1822 524 1887 die
583 1821 681 1886 vel
737 1822 1062 1907 promissis
1124 1821 1220 1906 vel
1283 1822 1596 1889 concessis
1657 1811 1999 1887 Dominica
2046 1821 2508 1907 indzdyentiae,
2574 1817 2667 1885 vel

432 1921 587 2004 quod
623 1924 792 1986 esset
814 1920 1059 1985 initium
1087 1920 1521 1987 hebdomadae
1548 1921 1709 1986 illius
1741 1920 2182 2006 indulgentiae,
2232 1939 2389 2004 quae
2416 1918 2568 1984 feria
2591 1916 2668 1983 V.

433 2019 709 2103 sequenti
756 2019 820 2083 in
868 2019 1129 2084 solemni
1177 2020 1625 2104 poenitentium
1662 2019 2160 2085 reconciliatione
2190 2017 2668 2094 concedebatur,

435 2117 523 2182 vel
570 2117 736 2202 quod
786 2119 1176 2202 poenitentes
1236 2117 1422 2182 hodie
1470 2118 1770 2183 certiores
1816 2118 2224 2183 redderentur
2268 2118 2346 2182 de
2394 2115 2673 2200 proxima.

434 2228 640 2281 eorum
688 2215 1211 2294 reconciliatione,
1261 2236 1385 2301 qua
1429 2216 1507 2282 de
1539 2237 1608 2281 re
1657 2217 1833 2301 plura
1879 2218 2154 2301 disputat
2185 2217 2384 2281 editor
2414 2232 2671 2298 operum

441 2311 625 2379 Car-cl.
685 2314 1031 2393 Thomasii,
1081 2318 1229 2381 tom.
1277 2314 1341 2392 5,
1391 2335 1494 2399 pp.
1525 2313 1917 2394 454—4553
1964 2316 2113 2380 item
2162 2335 2197 2379 a
2228 2311 2674 2401 functionibus

432 2414 628 2477 saeris
677 2417 934 2478 vocatur
980 2418 1109 2478 tum
1159 2413 1404 2478 Pascha
1441 2414 1710 2500 petitum
1767 2414 1896 2479 sive
1942 2413 2446 2499 competentium,
2509 2411 2674 2495 quod

433 2512 543 2575 hac
588 2511 970 2594 Dominica,
1032 2513 1223 2577 verba
1268 2516 1414 2577 sunt
1459 2511 1767 2577 Rabani
1816 2511 2111 2589 Mauri,
2176 2511 2275 2575 De
2321 2509 2526 2574 cleric.
2573 2510 2674 2572 in-

435 2611 654 2692 stitut„
700 2609 744 2675 l.
795 2609 857 2686 2,
908 2631 962 2674 c.
1009 2609 1116 2687 35,
1175 2608 1518 2698 symbolum
1562 2609 2045 2697 competentibus
2096 2608 2474 2691 traderetur,
2524 2628 2675 2694 pro·

432 2720 569 2795 pter
628 2708 932 2778 confinem
976 2709 1350 2774 Dominicae
1410 2709 1656 2773 Pascha
1721 2707 2174 2774 solemnitatem
2192 2759 2212 2788 ,
2275 2718 2347 2772 ut
2406 2705 2496 2771 ad
2551 2705 2679 2768 Dei

434 2809 707 2893 qratiam
739 2806 1231 2894 percipiendam
1261 2807 1687 2894 festinantes,
1739 2807 1933 2892 fidem
1967 2805 2396 2895 profitendam
2454 2825 2676 2890 coquo-

438 2917 672 2972 ecerent
693 2907 778 2990 ²);
830 2910 965 2971 tum
1010 2905 1470 2992 capitilavium,
1520 2907 1705 2990 quod,
1753 2911 1825 2971 ut
1871 2907 1956 2971 ait
2002 2905 2471 2981 S.IsidoruS‚
2521 2902 2677 2987 Ety-

440 3003 653 3091 moloq.
719 3005 761 3070 l.
811 3005 872 3082 6,
937 3025 991 3071 c.
1044 3003 1236 3090 18³),
1305 3008 1367 3070 et
1410 3005 1511 3068 De
1559 3005 1771 3069 eccles.
1822 3003 1987 3090 offic.
2047 3004 2088 3069 l.
2143 3006 2207 3075 1.
2273 3023 2325 3068 c.
2378 3001 2462 3067 28
2483 3001 2538 3085 ⁴)
2605 3020 2677 3065 eo

438 3105 532 3168 die
597 3105 954 3170 lavarentur
1012 3104 1214 3188 capita
1273 3123 1523 3181 eorum,
1591 3105 1697 3187 qui
1754 3103 2110 3188 baptizandi
2168 3106 2354 3186 atque
2406 3098 2678 3185 ungendi

441 3207 627 3281 erant,
695 3223 776 3268 ne
835 3202 996 3267 forte
1057 3223 1170 3287 per
1230 3203 1727 3268 observationem
1777 3201 2300 3289 Quadragesimae
2365 3198 2682 3264 sordidata

442 3321 694 3386 corpora
740 3321 885 3367 cum
933 3299 1286 3367 offensione·
1321 3320 1542 3366 sensus
1591 3302 1667 3366 ad
1715 3300 1953 3365 fontem
2002 3303 2065 3365 et
2110 3297 2461 3364 unctionem
2503 3316 2679 3361 acce-

441 3400 654 3466 derent
675 3399 764 3485 ⁵);
816 3400 925 3466 sed
974 3419 1122 3484 prae
1153 3400 1414 3465 caeteris
1463 3399 1695 3465 eminet
1726 3398 2079 3483 appellatio,
2129 3416 2315 3480 quam
2355 3418 2397 3458 a
2406 3392 2681 3481 floribus

443 3500 637 3576 traxit,
686 3498 981 3564 nimirum
1014 3497 1174 3562 Dies
1200 3496 1502 3585 floridus,
1553 3497 1893 3565 Dominica
1920 3496 2178 3583 florum,
2226 3494 2472 3558 Pascha
2490 3493 2681 3579 flovi-

443 3596 585 3660 ‹Iam
632 3596 846 3683 (gall.
897 3596 1143 3681 quues
1172 3596 1492 3682 fleuries),
1540 3596 1786 3659 Pascha
1815 3595 2053 3681 flomm
2100 3598 2216 3659 etc.
2269 3603 2274 3609 '

610 3702 945 3769 Paschatis
1005 3703 1540 3769 nomenclaturam
1603 3703 1771 3786 quod
1836 3701 2088 3777 attinet,
2159 3703 2327 3764 recte
2393 3697 2684 3762 observat

450 3800 828 3879 l)urand.,
900 3800 1229 3868 Rational.
1279 3800 1317 3866 l.
1374 3801 1431 3878 7,
1501 3821 1554 3865 c.
1608 3801 1664 3877 1,
1728 3820 1790 3864 n.
1840 3798 1952 3875 25,
2021 3797 2339 3882 quodlibet
2386 3817 2681 3881 magnum

448 3938 865 3947 -ff--n---—.

617 4008 659 4072 ¹)
702 4007 855 4078 Apud
891 3990 1097 4075 migne:
1118 4006 1264 4060 Patr.
1303 4005 1395 4059 lat.
1433 4009 1472 4060 t.
1510 4005 1597 4071 22,
1637 4021 1720 4074 pp.
1760 4006 1866 4059 375
1903 4021 2044 4074 seqq.

614 4088 660 4158 ¹)
701 4087 855 4158 Apud
890 4087 1081 4156 Migne,
1120 4086 1263 4141 Patr.
1303 4086 1337 4141 1.
1378 4090 1416 4139 t.
1458 4087 1578 4153 107,
1617 4102 1667 4155 p.
1705 4087 1828 4140 347.

616 4169 661 4237 ³)
703 4168 854 4238 Apud
894 4167 1084 4235 Migne,
1121 4166 1265 4221 Patr.
1304 4166 1338 4219 l.
1378 4172 1417 4219 t.
1455 4167 1542 4233 82,
1581 4183 1630 4235 p.
1669 4165 1794 4221 254.

615 4248 660 4316 ⁴)
706 4248 836 4303 lbid.
875 4251 914 4302 t.
951 4248 1039 4313 83,
1078 4262 1128 4315 p.
1166 4247 1288 4301 763.

615 4328 662 4396 ⁵)
702 4327 979 4382 Rationem
1028 4344 1069 4380 e.
1108 4325 1333 4381 Isidorus
1383 4325 1667 4394 desumpsit
1717 4342 1782 4378 ex
1833 4343 1876 4378 s.
1916 4322 2289 4391 Augustini
2340 4319 2493 4389 epist.
2533 4322 2684 4385 (118)

449 4408 518 4462 ad
548 4410 788 4463 Januar.
829 4424 874 4461 c.
914 4408 964 4473 7,
1001 4423 1053 4461 n.
1096 4409 1178 4473 10,
1234 4423 1298 4461 ex
1335 4422 1436 4476 qua
1473 4410 1648 4460 tamen
1684 4409 1850 4475 patet,
1906 4405 1958 4458 in
1994 4402 2171 4456 Africa
2217 4401 2351 4455 diem
2404 4398 2687 4468 capitilavii

452 4488 595 4544 tuisse
634 4489 824 4545 feriam
861 4485 926 4542 V.
965 4487 1017 4542 in
1054 4486 1232 4543 Coena
1267 4486 1471 4541 Domini
1512 4486 1655 4555 (ibid.
1694 4489 1733 4541 t.
1771 4486 1858 4553 33,
1897 4501 1947 4554 p.
1986 4483 2133 4551 204).
