3514 5391
417 939 527 1004 22.

409 1252 520 1319 24.

407 1460 519 1525 25.

406 1566 517 1634 26.

405 1674 517 1738 27.

405 1781 516 1847 28.

405 1987 516 2052 29.

404 2093 515 2161 30.

456 2723 520 2895 ‚0230

1235 535 1840 592 October—November.
2560 538 2665 591 709

600 734 729 798 fieri
778 733 957 801 solet.
1007 772 1093 781 —-
1143 733 1440 802 Obdorm.
1491 734 1686 801 Joelis
1734 735 1954 820 proph.
2023 774 2109 783 —-
2171 736 2517 802 Translatio
2565 757 2662 802 re-

598 831 927 916 liquiarum
974 832 1208 912 Lazari,
1259 854 1445 918 quem
1493 833 1779 901 Christus
1828 853 1862 899 e
1909 835 2173 900 mortuis
2221 836 2548 902 revocavit.

601 937 839 1004 Gomm.
891 960 940 1007 3.
990 939 1198 1006 Lucae
1246 940 1356 1007 Ev.
1407 961 1483 1007 ex
1531 941 1615 1005 72
1664 941 2006 1026 discipulis,

599 1046 854 1112 Festum
904 1048 1182 1113 omnium
1211 1047 1579 1114 Sanctorum
1630 1054 1692 1114 et
1724 1047 2096 1114 Sanctarum
2126 1049 2264 1115 Dei.
2299 1086 2375 1098 -
2397 1050 2659 1135 Martyr.

596 1165 645 1210 3.
696 1144 977 1229 Dionysii
1027 1166 1123 1231 ep.
1174 1145 1454 1213 Oorintbi
1505 1148 1621 1213 sub
1672 1147 2080 1214 Diocletiano,

598 1251 837 1320 Comm.
904 1273 952 1319 s.
1000 1253 1336 1320 Hilarionis
1402 1256 1701 1322 Gazensis
1764 1254 2193 1323 anachoretae.
2254 1293 2340 1306 --
2398 1255 2657 1343 Martyr.

596 1371 679 1414 33.
727 1349 1012 1437 Longini,
1062 1352 1237 1419 Pauli
1288 1359 1350 1419 et
1396 1353 1630 1419 Irenes.

597 1460 891 1526 Obdorm.
940 1481 1022 1526 ss,
1074 1462 1261 1526 Abibi
1310 1466 1371 1526 et
1416 1460 1729 1546 Apollonii
1779 1461 2199 1527 eremitarum.

596 1567 855 1652 Martyr.
906 1588 955 1633 s.
1006 1567 1285 1633 Timonis
1333 1588 1407 1633 ex
1456 1568 1541 1632 72
1587 1566 1930 1653 discipulis,

596 1673 856 1758 Martyr.
908 1695 957 1741 3.
1009 1674 1341 1760 Eutropiae
1390 1679 1450 1739 et
1496 1674 1808 1740 sociorum
1855 1675 1971 1741 sub
2021 1675 2233 1741 Decio.

596 1781 853 1866 Martyr.
903 1802 986 1847 33.
1036 1781 1330 1848 Mercurii
1392 1792 1453 1847 et
1499 1781 1820 1860 Marciani,
1883 1783 2328 1869 discipulorum
2384 1805 2432 1850 3.
2482 1784 2660 1850 Pauli

596 1899 690 1964 cp.
742 1878 1077 1946 GPolitani.

593 1986 855 2072 Martyr.
907 1988 1115 2074 magni
1162 1987 1464 2053 Demetrii
1513 1987 1629 2053 sub
1678 1987 2078 2071 Maximiano.

595 2093 889 2161 Obdorm.
952 2115 1001 2160 3.
1066 2095 1407 2162 Abrahami
1476 2094 1889 2161 anacholetae
1954 2097 2069 2161 sub
2135 2067 2493 2164 Pachomio
2573 2137 2654 2145 —-

593 2193 851 2279 Martyr.
902 2215 952 2258 3.
1001 2193 1156 2259 Julii
1203 2199 1273 2259 et
1312 2194 1620 2260 sociorum
1669 2195 1730 2259 iu
1781 2196 2073 2281 Aegypto
2122 2196 2236 2261 sub
2289 2193 2503 2264 Decio

1142 2400 1405 2457 Hator.
1472 2398 1922 2457 November.

594 2516 832 2582 Comm.
882 2539 931 2584 3.
983 2517 1294 2602 Cleophae
1342 2535 1417 2582 cx
1467 2517 1551 2581 72
1591 2516 1931 2600 discipulis
1984 2555 2068 2563 —
2121 2516 2377 2600 Martyr.
2411 2519 2655 2584 ssMa-

594 2615 761 2698 inimi,
810 2614 1151 2694 Diomedia,
1202 2613 1472 2681 Victoris
1521 2618 1583 2680 ct
1628 2614 1923 2700 Philippi.

595 2722 887 2790 Obdorm.
940 2745 987 2790 3.
1014 2723 1201 2789 Pierii
1227 2723 1540 2809 Presbyt,
1578 2723 1862 2788 Doctoris
1895 2722 2145 2787 scholae
2178 2723 2655 2788 Alexandrinae.

597 2828 835 2898 Comm.
886 2854 934 2896 s.
986 2830 1268 2897 Achillae
1318 2832 1484 2898 Patr.
1536 2830 1712 2897 Alex.
1746 2869 1832 2877 ——
1867 2828 2162 2896 Obdorm.
2199 2850 2247 2896 3.
2284 2829 2544 2915 Cyriaci.
2573 2869 2659 2878 —

595 2928 851 3015 Martyr.
918 2951 1000 2996 ss.
1052 2929 1379 2995 Athanasii
1447 2934 1508 2995 et
1565 2928 1799 2995 henes,
1869 2967 1954 2975 —
2021 2926 2263 2993 Oomm.
2329 2949 2378 2993 s.
2438 2931 2654 3034 synodi

596 3025 1118 3094 Chalcedonensis
1165 3028 1297 3094 630
1343 3026 1621 3093 Patrum.

598 3134 848 3220 Martyr.
902 3155 984 3201 33.
1035 3135 1295 3200 Joannis
1344 3142 1404 3200 et
1452 3134 1672 3199 Jacobi
1722 3156 1866 3219 opp.
1918 3135 2032 3199 sub
2082 3134 2333 3219 Sapore.
2368 3173 2453 3181 -—
2495 3134 2654 3200 Item

593 3253 674 3300 33.
698 3232 1025 3318 Epimachi
1057 3238 1118 3299 et
1136 3234 1430 3300 Gordiani
1463 3234 1578 3297 sub
1606 3232 2002 3299 Maximiano.
2027 3231 2360 3298 —Items.
2380 3232 2652 3298 Thomae

593 3351 688 3415 ep.
739 3331 1060 3399 Damasci.

594 3438 849 3523 Martyr.
902 3438 1209 3504 Timothei
1262 3438 1439 3522 (alias
1466 3438 1781 3521 Domitii).
1804 3477 1887 3485 -
1920 3439 2207 3504 Ostensio
2238 3440 2457 3523 capitis
2489 3436 2653 3503 Lon-

590 3537 719 3623 gini
749 3538 1123 3602 centurionis
1149 3536 1211 3621 ¹)
1256 3575 1329 3584 —-
1370 3537 1714 3602 'stanslatio
1755 3557 1923 3621 corp.
1960 3558 2009 3603 s.
2042 3537 2398 3602 Theodori
2383 3559 2445 3602 in
2476 3521 2650 3621 Sutp.

460 3643 519 3709 6.
592 3643 772 3731 Fuga
817 3666 899 3709 ss,
951 3643 1249 3710 Familiae
1299 3666 1331 3709 ι
1379 3643 1605 3708 Mchsa
1650 3642 1972 3708 Koskuam
2019 3645 2080 3708 in
2133 3645 2421 3730 Aegypto
2468 3665 2651 3729 supc-

591 3743 768 3810 riore.
822 3782 905 3790 —-
953 3742 1248 3809 Obdorm.
1300 3764 1347 3809 3.
1398 3742 1628 3808 Felicis
1676 3763 1772 3825 cp.
1823 3741 2106 3808 Romani.

463 3849 519 3914 7.
592 3850 849 3916 Festum
900 3872 948 3915 3.
1001 3851 1251 3937 Georgii
1302 3849 1725 3916 Alexandrini.
1779 3884 1864 3895 -—
1914 3849 2174 3933 Martyr.
2207 3870 2256 3914 3.
2285 3849 2484 3914 Nohri
2533 3851 2649 3915 sub

596 3947 972 4014 Diocletiano
995 3948 1068 4027 2).
1127 3988 1201 3997 -
1254 3948 1492 4014 Comm.
1543 3948 1798 4014 Zenobii
1846 3954 1907 4012 et
1954 3946 2280 4013 Zenobiae.

516 4134 527 4149 ·
597 4109 634 4175 ¹)
673 4109 751 4163 De
789 4111 883 4164 hoc
923 4112 1056 4163 festo
1094 4110 1227 4175 vide,
1269 4109 1310 4162 si
1349 4109 1534 4178 placet,
1577 4109 1913 4178 „Zeitschrift
1952 4110 1986 4162 f.
2026 4108 2168 4162 kath.
2208 4107 2436 4173 Theol.“‚
2491 4109 2645 4163 1880.

419 4202 469 4255 p.
506 4190 619 4243 116.

591 4268 634 4337 ¹)
675 4271 942 4325 Assemani
980 4286 1163 4325 nomen
1201 4269 1529 4324 transscribit
1555 4270 1850 4335 Nam-aaa,
1885 4269 2018 4339 quod
2045 4269 2268 4333 Lucius,
2294 4286 2385 4323 seu
2405 4268 2650 4327 Lucidus

420 4354 580 4403 sonat.
651 4349 747 4405 Est
784 4354 955 4404 autem
992 4351 1101 4420 ipse
1141 4350 1224 4404 ille
1252 4350 1488 4408 Sanctus,
1526 4366 1675 4420 quem
1702 4350 1751 4403 in
1778 4349 1894 4402 aliis
1921 4348 2225 4402 Kalendaris
2251 4349 2316 4402 ad
2341 4349 2389 4402 d.
2415 4350 2503 4403 22.
2523 4346 2646 4404 Julii

418 4428 630 4483 relatum
666 4430 882 4485 vidimus
918 4434 1056 4485 tomo
1096 4432 1144 4497 1,
1183 4446 1266 4500 pp.
1304 4430 1412 4484 432
1449 4433 1504 4482 et
1539 4430 1661 4484 478.
1734 4428 1793 4481 In
1832 4429 2107 4499 synaxario
2143 4429 2439 4497 perhibetur
2475 4430 2540 4483 ab
2567 4446 2627 4483 ar

419 4509 661 4579 changeio
697 4511 942 4567 Michaele
979 4511 1291 4568 Alexandria
1328 4509 1652 4565 Antiochiam
1689 4509 1753 4563 ad
1780 4508 2157 4563 Diocletianum
2196 4513 2525 4562 transvectus
2552 4509 2642 4563 ibi·
