3514 5391
831 528 938 580 408
1545 527 1703 580 Festa
1741 527 1948 580 mobilia
1986 532 2103 596 post
2140 527 2357 581 Pascha.

835 729 1061 796 quaest.
1101 724 1166 781 71
1193 724 1266 792 ¹):
1318 724 1594 791 Quodnam
1634 725 1925 780 secundum
1964 729 2073 791 est,
2123 725 2268 795 quod
2301 726 2400 779 hoc
2436 726 2669 781 articulo
2705 726 2979 780 docetur?
3018 757 3081 764 —

836 805 938 862 Re
956 822 1051 877 sp.
1095 805 1247 871 Quod
1271 805 1518 875 Spiritus
1554 811 1778 861 sanctus
1816 823 1887 860 ex
1922 807 2036 861 solo
2056 806 2101 876 ²)
2141 809 2318 862 Patre
2356 808 2499 862 uelat
2523 809 2683 878 fonte
2719 825 2784 862 ac
2806 808 3086 878 principio

833 885 1056 939 deitatis
1078 885 1332 954 procedit
1368 885 1644 950 (διδάσκει
1672 890 1784 944 πῶς
1810 887 1872 937 τό
1902 890 2138 956 Πνεῦμα
2175 886 2236 938 τὸ
2265 886 2428 955 ἅγιον
2447 886 2792 963 ἐκπορεύεται
2819 887 2876 939 ἐκ
2901 886 3086 955 μόνου

836 970 934 1017 τοῦ
972 965 1190 1034 Πατρός
1225 964 1296 1023 ὠς
1331 970 1502 1035 πηγῆς
1539 969 1626 1018 καὶ
1665 966 1842 1035 demis·
1879 971 1969 1031 τῆς
2007 966 2310 1039 θεότητος).
2368 967 2703 1041 Propositis
2742 968 2962 1025 deinde
2990 985 3087 1042 po·

835 1047 1085 1103 tioribns
1126 1064 1198 1103 ex
1235 1047 1310 1103 iis
1352 1048 1734 1119 argumentis,
1790 1065 1941 1120 quae
1982 1049 2254 1106 doctores
2294 1049 2578 1108 catholici
2614 1064 2796 1120 saepe
2828 1048 2957 1119 ,iam
2999 1066 3085 1106 so·

834 1128 957 1184 lide
982 1133 1379 1198 accurateque
1403 1128 1720 1198 diluerunt,
1762 1126 2034 1186 Confes
2052 1130 2165 1186 sio
2191 1130 2621 1187 orthodoxa
2650 1129 2727 1185 ad
2755 1135 3084 1186 extremum

836 1208 1087 1266 Romam
1142 1208 1328 1280 ipsam
1382 1209 1442 1265 in
1494 1209 1994 1268 confirmationem
2051 1211 2272 1268 erroris
2321 1215 2709 1281 contestatur,
2759 1209 2905 1278 quod
2952 1214 3090 1264 teste

835 1289 1085 1342 Baronio
1111 1289 1186 1342 ad
1209 1306 1296 1342 an.
1324 1289 1437 1342 809
1461 1291 1754 1359 symbolum
1783 1291 1996 1345 duabus
2020 1291 2222 1345 tabulis
2248 1291 2546 1361 amentem,
2559 1291 2729 1359 jussu
2748 1290 2953 1344 Leonis
2974 1289 3087 1343 III.

834 1369 889 1422 in
930 1368 1155 1422 basilica
1193 1386 1238 1422 s.
1277 1369 1443 1422 Petri
1477 1371 1750 1438 appensis,
1800 1371 1972 1425 latine
2019 1374 2075 1424 et
2106 1387 2309 1440 praece
2346 1371 2663 1440 inscrtpmm
2714 1369 2836 1424 sine
2873 1370 3088 1424 addita·

833 1452 1010 1502 mento
1048 1450 1101 1499 ἐκ
1139 1451 1238 1500 τοῦ
1287 1450 1418 1500 Υἱοῦ
1454 1454 1730 1504 seruatum
1770 1449 2108 1522 coluisset⁸).
2175 1450 2346 1524 Quod
2384 1451 2539 1508 idem
2579 1466 2790 1508 recens
2829 1449 3090 1523 epistola

837 1530 1145 1602 encyclica
1183 1529 1487 1602 cpolitana
1526 1547 1617 1590 an.
1661 1533 1801 1590 1895
1838 1549 1947 1589 11011
1991 1532 2118 1590 sine
2146 1533 2461 1591 verborum
2503 1530 2779 1602 ampullis
2812 1535 3088 1593 renovat,

838 1611 1048 1668 addita
1086 1611 1264 1668 etiam
1306 1610 1734 1684 criminatione,
1776 1613 1929 1685 quod
1962 1612 2089 1671 Leo
2125 1611 2251 1670 ΡΡ.
2284 1612 2465 1670 XIII.
2506 1611 2583 1669 ad
2622 1611 2925 1683 antiquam
2953 1627 3088 1683 pro·

837 1709 1054 1750 vocans
1092 1693 1268 1749 fidem
1326 1695 1388 1749 et
1425 1707 1622 1750 secum
1661 1693 1791 1766 ipse
1831 1699 2056 1766 pugnet
2104 1699 2166 1750 et
2203 1693 2503 1747 orthodoxo
2526 1690 2957 1762 praedecessori
2990 1707 3091 1746 suo

834 1773 1148 1844 homonyma
1186 1780 1348 1846 atque
1385 1774 1743 1829 orthodoxiae
1780 1774 2068 1845 defensori
2100 1774 2279 1827 Leoni
2312 1773 2423 1827 III.
2463 1773 2788 1828 adversetur
2803 1771 2868 1844 ⁴).

1015 1917 1072 1974 A
1124 1921 1458 1979 rationibus
1507 1935 1649 1978 vero
1687 1918 2070 1976 recensendis
2090 1961 2104 1988 ,
2163 1917 2373 1990 quibus
2398 1918 2804 1987 processionem
2842 1916 3091 1986 Spiritus

835 1999 1016 2052 sancti
1049 2016 1082 2051 a
1123 2002 1299 2056 Patre
1336 2005 1388 2056 et
1409 2001 1553 2055 Filio
1592 2016 1724 2056 esse
1765 1998 1988 2056 invicte
2028 1998 2439 2055 demonstrant
2477 1997 2749 2055 doctores
2787 1996 3090 2067 catholici,

833 2093 942 2149 pro
981 2082 1268 2154 assumpti
1308 2079 1640 2153 argumenti
1678 2078 1871 2135 limite
1911 2078 2309 2149 abstinemus3
2362 2094 2550 2150 neque
2606 2078 2759 2135 enim
2815 2078 2875 2135 in
2918 2077 3087 2135 insti·

838 2159 1162 2217 tutionibus
1219 2160 1570 2234 dogmaticis
1627 2159 1726 2216 hic
1783 2174 2110 2216 versamur.
2188 2158 2304 2229 Qui
2357 2158 2418 2215 in
2470 2158 2663 2230 magis
2702 2158 2971 2216 abditam
3026 2165 3089 2215 et

839 2241 1208 2310 penetralem
1243 2242 1416 2314 huJus
1442 2239 1808 2313 quaestionis
1839 2239 2262 2296 tractationem
2292 2255 2611 2297 excurrere
2636 2239 2912 2307 voluerit,
2953 2255 3087 2296 con-

839 2320 1038 2376 sulere
1076 2323 1303 2394 poterit
1342 2329 1616 2380 auctores
1658 2319 2001 2391 catholicOS,
2040 2320 2296 2377 maxime
2336 2320 2722 2387 recentiores
2762 2319 2861 2392 qui
2899 2319 2973 2376 de
3015 2336 3087 2376 ea

839 2402 1154 2471 praeclare
1192 2419 1264 2460 ac
1303 2403 1491 2460 solide
1532 2402 1961 2471 disseruerunt,
2000 2407 2067 2458 ut
2094 2417 2262 2458 ecce:
2302 2399 2412 2458 Dr.
2451 2400 2633 2471 Hug.
2659 2399 3087 2464 Laemmer‚

840 2497 877 2537 a
915 2498 1025 2553 quo
1079 2484 1268 2541 multa
1320 2488 1458 2541 sunt
1513 2484 1586 2540 de
1639 2482 1845 2539 eodem
1887 2486 2236 2553 argumento
2276 2481 2517 2553 egregie
2566 2480 2988 2538 animadversa
3029 2479 3087 2536 in

839 2561 1077 2619 erudita
1114 2579 1222 2620 sua
1261 2563 1600 2634 Scriptorum
1642 2562 1913 2616 Graeciae
1948 2561 2285 2616 orthodoxae
2336 2561 2651 2616 bibliothec-a
2689 2561 2888 2615 selecta
2927 2559 3088 2630 (Fri-

837 2643 1011 2715 burgi
1048 2643 1249 2716 Brisg.
1289 2644 1550 2703 Herder.
1593 2641 1789 2715 1866);
1828 2642 2068 2701 Aleis
2109 2642 2515 2714 Vincenzi,
2554 2642 2652 2715 qui
2691 2641 2764 2699 de
2792 2640 3086 2701 catholico

841 2725 1115 2796 dogmate
1169 2726 1295 2783 late
1333 2726 1718 2798 graviterque
1759 2725 2090 2796 disputavit
2138 2724 2198 2780 in
2248 2740 2425 2796 opere
2465 2725 2552 2778 De
2576 2722 2933 2793 processione
2968 2722 3086 2791 Spi-

839 2806 984 2859 ritus
1031 2807 1212 2861 sancti
1263 2824 1334 2860 ex
1382 2808 1560 2861 Patre
1609 2806 1864 2875 Filioque
1927 2804 2197 2875 (Romae.
2253 2803 2403 2877 ΤΠ).
2453 2801 2833 2875 Propagand.
2888 2801 3084 2872 1878);

842 2887 1026 2943 multa
1066 2887 1208 2944 item
1249 2887 1568 2959 praeclara
1607 2886 1668 2942 in
1707 2886 1958 2943 medium
2000 2890 2139 2943 sunt
2178 2885 2369 2942 allata
2409 2902 2445 2941 a
2472 2882 2828 2942 doctissimis
2864 2882 3086 2940 nostris

843 2965 900 3021 in
955 2966 1114 3022 alma
1175 2967 1288 3024 hac
1343 2967 1656 3025 literarum
1708 2965 2130 3025 Universitate
2190 2964 2433 3037 collegis
2489 2963 2623 3022 RR.
2673 2961 2816 3021 DD.
2867 2962 2915 3020 J
2930 2979 3083 3019 can.

841 3045 1053 3118 Bapt.
1097 3046 1686 3115 Katschthaler‚
1749 3047 2035 3115 leeoloqia
2089 3046 2363 3115 Doqmat„
2418 3051 2462 3103 t.
2504 3046 2564 3113 1,
2616 3062 2710 3117 pp.
2749 3044 2858 3101 234
2907 3059 3083 3115 seqq„

846 3126 1162 3184 (iustav.
1199 3126 1537 3188 Bickcu,
1582 3127 1906 3196 Conspectus
1942 3127 2032 3181 rei
2056 3127 2325 3196 Syrorum
2361 3126 2673 3191 literariae,
2710 3144 2766 3197 p.
2802 3125 2890 3191 22,
2930 3130 2992 3181 et
3028 3123 3084 3180 in

1032 3358 1067 3425 ¹)
1107 3360 1256 3428 Apud
1293 3360 1529 3425 Kimmcl‚
1571 3376 1619 3428 p.
1661 3361 1781 3413 142.

1023 3438 1065 3505 ²)
1108 3439 1198 3492 Dr.
1239 3439 1457 3493 Barbu
1496 3440 2084 3493 Constantinescu
2136 3440 2325 3493 omissa
2377 3440 2473 3493 hac
2510 3440 2693 3493 vocula
2728 3455 2971 3508 graecum
3009 3439 3081 3492 ita

841 3519 1028 3572 vertit:
1069 3536 1129 3572 ca
1167 3519 1383 3589 ss'eintal
1417 3520 1546 3573 Dnla
1572 3519 1818 3589 pure-ede
1854 3519 1923 3573 de
1960 3520 2015 3573 la
2060 3519 2218 3584 Talai
2251 3536 2314 3573 ca
2339 3519 2463 3573 dela
2479 3521 2718 3589 fontdna
2744 3521 2799 3573 st
2818 3517 3083 3588 inceputael

840 3615 942 3651 sau
971 3599 1276 3668 principiul
1310 3600 1698 3654 Dnmneeeirii
1735 3604 1807 3669 (p.
1847 3601 1958 3667 50).
2022 3599 2210 3654 Verum
2250 3600 2405 3654 lectio
2444 3599 2499 3651 ἐκ
2522 3598 2707 3668 μόνου
2744 3602 2843 3652 τοῦ
2871 3597 3080 3668 Πατρός

842 3680 893 3732 111
931 3680 1161 3733 omnibus
1199 3682 1403 3749 graecis
1441 3681 1748 3736 edit-ionibus
1786 3681 1995 3749 legitur.

1023 3758 1066 3825 ³)
1107 3759 1185 3812 De
1223 3761 1453 3830 symbolo
1491 3762 1570 3814 his
1595 3762 1786 3815 tabulis
1824 3778 1915 3814 seu
1942 3761 2103 3814 scutis
2129 3761 2394 3831 inscripto,
2434 3761 2675 3815 videatur
2699 3760 3079 3818 Duchesne.

843 3841 964 3894 Lib.
1003 3841 1162 3893 Pont.
1202 3845 1241 3893 t.
1279 3843 1329 3906 2,
1369 3857 1417 3909 p.
1455 3841 1542 3907 46,
1582 3857 1631 3894 n.
1673 3843 1793 3896 110.

1020 3920 1065 3981 ⁴)
1106 3920 1348 3974 Sanctum
1385 3921 1608 3975 Leonem
1648 3920 1748 3975 ΡΡ.
1788 3921 1878 3975 III.
1930 3922 2117 3991 dogma
2155 3922 2463 3976 catholicum
2510 3922 2572 3976 de
2611 3922 2939 3991 processione
2976 3921 3081 3990 Spi-

841 4001 973 4054 ritus
1010 4000 1174 4053 sancti
1214 4017 1245 4054 a
1282 4000 1439 4054 Patre
1478 4006 1532 4054 et
1569 4002 1699 4055 Filio
1738 4003 2038 4056 solemniter
2074 4004 2378 4069 asseruisse,
2417 4008 2607 4057 norunt
2642 4002 2831 4057 eruditi
2857 4001 3080 4069 theologi

842 4096 1034 4133 omnes.
1109 4080 1300 4133 Verum
1348 4084 1478 4151 quod
1517 4099 1817 4151 expressam
1855 4083 1990 4137 illius
2028 4084 2078 4137 in
2117 4084 2399 4153 symbolum
2439 4083 2689 4139 inferendi
2726 4083 3083 4152 cantandique

841 4159 1277 4214 consuetudinem
1315 4177 1414 4215 uon
1451 4164 1710 4232 probaret,
1765 4164 1813 4216 id
1853 4164 1967 4217 inde
2006 4165 2173 4229 venit,
2235 4165 2369 4233 quod
2406 4164 2639 4218 Ecclesia
2675 4164 2907 4218 Romana
2942 4168 3082 4217 tena-

841 4241 1048 4295 cissima
1084 4257 1287 4309 semper
1325 4244 1421 4296 fuit
1458 4244 1803 4313 antiquitatis
1850 4260 1945 4298 nec
1980 4259 2201 4313 unquam
2234 4245 2337 4297 nisi
2375 4245 2617 4313 exigente
2654 4244 2967 4298 necessitate
3004 4260 3081 4296 sa-

843 4321 1002 4374 cratis
1042 4321 1285 4390 symbolis
1323 4324 1594 4393 quidquam
1633 4324 1749 4377 addi
1789 4325 1928 4378 sivit.
1984 4324 2172 4393 Legite
2209 4341 2340 4395 quae
2378 4341 2441 4378 ea
2478 4325 2540 4378 de
2575 4341 2633 4382 re
2670 4331 2791 4395 post
2824 4324 2885 4379 L.
2911 4324 3077 4378 Alla-

843 4402 1005 4455 tium
1033 4418 1094 4454 ac
1119 4402 1368 4456 Perron
1385 4420 1442 4467 e,
1481 4404 1549 4458 de
1573 4404 1860 4470 stinitate,
1898 4422 1941 4459 c.
1962 4406 2013 4459 ἶ).
2051 4421 2194 4475 prop.
2216 4406 2265 4473 2,
2305 4410 2547 4460 accurate
2572 4407 2782 4476 scripsit
2805 4404 2848 4459 B
2865 4404 3079 4465 randi,

845 4481 988 4535 Dell'
1015 4482 1040 4534 I
1050 4482 1218 4535 'reione
1255 4483 1396 4538 delle
1433 4485 1630 4551 chiese,
1668 4501 1750 4554 pp.
1791 4486 1876 4553 21,
1915 4485 2001 4539 22.
