3514 5391
803 538 872 589 8ss
1444 537 1599 590 Festa
1639 537 1847 590 mobilia
1884 537 1934 590 in
1974 536 2396 604 Quadi-agesimo.

804 754 961 813 esse,
1011 742 1079 798 ut
1125 734 1322 799 laxius
1361 736 1695 820 jejunetur,
1745 741 1879 800 tum
1928 756 2002 800 ex
2035 736 2494 821 dispensatione
2525 734 2860 819 pontificia,
2910 739 3042 798 tum

805 854 879 897 ex
926 834 1476 899 consuetudinibus
1521 833 1800 919 legitime
1847 835 2124 911 servatis,
2173 838 2305 898 tum
2353 854 2431 898 ex
2477 832 2724 898 statutis
2754 831 3044 898 concilio-

766 951 940 995 ·1·um
990 932 1335 1015 topicorum
1396 933 1512 997 rite
1561 932 1946 1016 approbatiS,
2010 933 2160 997 satis
2208 938 2434 997 norunt
2480 951 2718 996 omnes.
2812 928 3044 1015 Relege

805 1029 1231 1095 annotationes
1281 1035 1519 1095 nostras
1567 1035 1737 1095 tomo
1788 1033 1845 1106 1,
1897 1051 1956 1114 p.
2007 1030 2111 1107 62,
2163 1051 2234 1095 ac
2282 1030 2532 1095 consule
2559 1027 3045 1095 etiaminCol-

803 1128 1158 1193 lectione
1210 1127 1510 1194 Concil.
1563 1127 1919 1205 LacenS.‚
1969 1132 2138 1193 tomo
2186 1128 2245 1205 2‚
2297 1148 2565 1193 canones
2611 1128 2674 1192 in
2721 1127 2926 1191 indice
2956 1146 3045 1191 re-

805 1246 942 1290 rum
991 1226 1293 1291 indicatos
1341 1227 1455 1292 sub
1505 1225 1805 1291 vocabulo
1852 1226 2200 1315 Jejunium,
2249 1247 2307 1310 p.
2342 1225 2491 1292 650.
2546 1264 2627 1273 —-
2678 1225 2803 1290 Sed
2841 1227 2918 1290 de
2945 1224 3046 1293 his

805 1324 955 1388 satis
1003 1323 1218 1402 multa,
1268 1325 1458 1390 immo
1507 1326 1685 1410 plura
1731 1326 1956 1419 potius,
2015 1345 2203 1409 quam
2252 1346 2363 1409 pro
2411 1325 2764 1409 scriptionis
2810 1324 3047 1389 ratione

807 1442 1061 1488 neeesse
1109 1422 1243 1488 fuit.

902 1797 1363 1865 Hebdomada
1407 1800 1571 1864 ante
1619 1799 2069 1866 Dominicam
2115 1799 2177 1867 Ι.
2228 1799 2825 1891 quadragesimae
2872 1798 2950 1865 in

1608 1897 1914 1964 ecclesia
1959 1916 2237 1980 graeca.

805 2054 1184 2139 Ἕβδομὰς
1229 2054 1493 2144 πρώτη
1548 2063 1696 2121 τῶν
1743 2082 1866 2144 νη-
1979 2057 3045 2148 Hebdomadaprimajeju-

916 2158 1191 2219 στειῶν
1233 2153 1404 2242 ἤτοι
1450 2154 1760 2239 καθαρὰ
1978 2157 2277 2221 πίονωη
2335 2158 2486 2222 sive
2532 2181 2737 2245 pura
2782 2155 3045 2221 hebdo-

1164 2248 1514 2337 ἑβδομὰς.
1988 2300 1992 2306 ·
2397 2256 2636 2322 mada.

987 2399 1526 2479 Quemadmodum
1587 2400 1646 2463 in
1711 2419 1821 2463 sex
1879 2360 2295 2464 hebdomadis
2355 2399 2721 2464 Latinorum
2783 2398 2868 2494 36
2918 2400 3049 2463 dies

797 2498 1175 2582 jejuniorum
1205 2496 1617 2573 inveniuntur,
1668 2498 1938 2581 demptis
1968 2497 2329 2575 Dominicis,
2380 2499 2467 2562 ita
2498 2499 2686 2562 etiam
2713 2498 2777 2561 in
2810 2501 3047 2581 septem

807 2595 1214 2661 hebdomadis
1263 2596 1643 2660 Graecorum
1705 2596 1967 2661 totidem
2027 2595 2161 2661 dies
2199 2595 2578 2679 jejuniorum
2638 2595 3046 2663 eontinentur,

807 2694 1104 2760 detractis
1151 2693 1498 2760 Dominicis
1547 2700 1609 2759 et
1656 2693 1967 2772 sabbatis,
2016 2715 2139 2760 uno
2187 2700 2431 2760 tantum
2461 2698 2721 2778 excepto
2751 2692 3044 2778 paschali.

813 2793 924 2858 Flst
979 2796 1188 2858 autem
1237 2793 1503 2877 septima
1546 2792 1704 2858 haee
1742 2793 2121 2877 jejuniorum
2169 2793 2597 2872 hebdomada,
2667 2794 2843 2877 cujus
2903 2815 3048 2879 sup-

809 2891 1119 2975 plemento
1168 2892 1391 2957 Graeci
1441 2898 1644 2976 egent,
1692 2898 1763 2956 ut
1808 2893 1894 2957 36
1936 2893 2068 2957 dies
2108 2892 2482 2976 jejuniorum
2519 2893 2808 2966 confiant,
2856 2889 3014 2976 ὲβδο

806 2987 930 3070 μὰς
974 2987 1062 3070 μ’.
1111 2991 1240 3052 τῶν
1285 2992 1590 3075 νηστειῶν
1645 2990 1774 3055 sive
1819 2992 1930 3076 τῆς
1977 2982 2160 3072 ἁγίας
2203 2994 2736 3079 τεσσαρακοστῆς.
2830 2991 3047 3058 Nomi-

810 3092 993 3152 natur
1060 3089 1252 3152 etiam
1309 3084 1574 3172 καθαρὰ
1633 3081 1946 3170 ἑβδομὰς,
2016 3090 2180 3173 quod
2243 3109 2355 3173 per
2419 3110 2554 3156 eam
2623 3089 2839 3156 fideles
2904 3090 3047 3155 olim

809 3187 1015 3250 divina
1038 3206 1154 3269 ope
1175 3186 1402 3250 servati
1428 3191 1635 3251 essent
1648 3189 1810 3273 puri
1833 3193 2017 3271 atque
2033 3189 2499 3253 incontaminati
2529 3210 2565 3253 a
2583 3189 3047 3275 participatione

810 3283 1328 3367 idolothytorum,
1391 3284 1680 3368 quodque
1726 3306 1909 3364 nunc,
1976 3286 2040 3351 in
2085 3290 2329 3372 gratam
2391 3287 2524 3371 ejus
2568 3287 2857 3352 beneficii
2919 3307 3048 3352 me-

809 3382 1091 3460 moriam,
1141 3402 1208 3446 se
1255 3383 1576 3467 utriusque
1623 3385 1929 3467 puritatis
1977 3384 2194 3470 legalis
2228 3404 2298 3450 ac
2329 3385 2603 3464 moraliS,
2648 3405 2890 3451 summe
2920 3390 3047 3451 stu-

809 3481 1016 3544 diosos
1065 3480 1488 3563 profiteantur.
1591 3474 1668 3546 02
1716 3477 2094 3567 χριστιανοί,
2154 3483 2352 3566 inquit
2397 3482 2777 3568 Horologion
2804 3483 2872 3567 ¹),
2934 3505 3048 3547 κα-

813 3572 1157 3663 θαίρονται
1224 3577 1467 3661 μᾶλλον
1531 3577 1641 3644 διὰ
1701 3573 1994 3667 νηστείας
2056 3578 2169 3667 τὴν
2228 3578 2489 3667 πρώτην
2551 3574 2885 3664 ἑβδομάδα
2941 3585 3051 3668 τῆς

813 3667 997 3758 ἁγίας
1040 3680 1574 3764 τεσσαρακοστῆς,
1623 3672 1696 3765 ἣν
1741 3676 1851 3742 καὶ
1897 3676 2077 3766 ἡμεῖς
2122 3676 2231 3742 διὰ
2275 3681 2468 3742 τοῦτο
2513 3675 2815 3764 καθαρὰν
2860 3673 3049 3760 ἑβδο-

808 3770 984 3856 μάδα
1029 3772 1361 3856 καλοῖμεν.

988 3881 1069 3947 Et
1102 3883 1457 3968 puritatem
1506 3881 1767 3970 leyalem
1833 3884 2081 3966 quidem
2141 3890 2516 3974 sequuntur,
2584 3885 2734 3950 dum
2800 3886 3048 3951 ineunte
3152 3947 3157 3951 .

811 3980 1199 4046 hebdomade
1247 3982 1456 4046 omnia
1501 4002 1648 4046 vasa
1693 3987 1827 4045 tum
1876 3982 2233 4065 coquinaria
2280 3987 2412 4047 tum
2442 3982 2745 4048 mensalia
2788 3984 3047 4072 diligen-

810 4080 950 4144 tiori
998 4099 1147 4143 cura
1193 4081 1532 4145 emundant
1594 4099 1664 4144 ac
1712 4080 2011 4163 quidquid
2061 4079 2302 4167 legibus
2346 4084 2458 4168 τῆς
2499 4075 2894 4168 ξηροφαγίας
2947 4084 3050 4148 ad-

813 4177 1046 4242 versari
1092 4182 1322 4260 posset⁷
1374 4199 1535 4261 aqua
1580 4183 1642 4243 et
1688 4178 1832 4264 igne
1880 4178 2344 4264 religiosissime
2392 4185 2692 4266 purgant;
2755 4181 2833 4245 ad
2880 4204 3047 4245 mun-

811 4276 1032 4340 ditiem
1078 4275 1288 4340 cordis
1337 4277 1738 4342 obtinendam
1787 4276 1970 4342 simul
2018 4278 2375 4343 annituntur
2422 4279 2606 4344 variis
2640 4279 3047 4362 poenitentiae

995 4489 1035 4559 ¹)
1075 4489 1211 4543 Edit.
1252 4489 1454 4558 Venet„
1492 4506 1541 4560 p.
1583 4492 1686 4546 317
1706 4506 1717 4557 ;
1760 4491 1879 4546 edit.
1920 4491 2209 4558 Athenien„
2248 4508 2296 4564 p.
2336 4492 2455 4546 340.
