3514 5391
1100 540 1412 596 Solemnitas
1457 542 1698 660 Corporis
1737 542 1947 597 Christi.
2543 546 2650 600 469

406 741 547 799 haec
585 742 798 800 verba:
852 741 1134 801 Urbanus
1172 741 1533 816 Episcopu8‚
1583 742 1807 802 Servus
1846 742 2164 804 Servorum
2204 744 2341 811 Dei,
2390 762 2639 804 venera·

408 822 616 880 bilibus
652 820 950 881 fratribus
988 822 1388 894 Pati-iambis
1436 821 1924 898 Archiepiscopis
1978 831 2041 883 et
2078 825 2216 884 aliis
2255 826 2639 884 ecclesiarum

400 902 683 975 praelatis
744 908 859 961 etc.
890 903 950 973 ¹).
1056 902 1447 975 Transiturus
1514 904 1588 962 de
1642 905 1754 961 hoc
1811 905 2022 963 mundo
2080 906 2159 964 ad
2207 906 2457 965 Patrem
2512 906 2676 965 Sal-.

400 989 568 1042 vator
622 989 832 1042 noster
886 982 1177 1042 Dominus
1233 983 1418 1042 Jesus
1468 982 1745 1042 Christus
1764 986 1778 1054 ,’
1831 1002 2001 1057 quum
2059 990 2291 1060 tempus
2346 986 2638 1061 passionis

399 1080 537 1121 suae
588 1064 880 1135 instaret,
946 1068 1182 1138 sumpta
1220 1080 1417 1122 ⁴coena
1434 1063 1500 1135 ’),
1575 1066 1635 1122 iu
1686 1066 2030 1135 memoriam
2091 1068 2297 1125 mortis
2355 1085 2498 1126 suae
2555 1068 2637 1125 in·

398 1144 588 1203 stituit
626 1158 917 1203 summum
956 1147 1020 1202 et'
1044 1143 1419 1216 magnificum
1459 1145 1548 1203 sui
1577 1146 1841 1218 corporis
1881 1153 1943 1203 et
1968 1148 2276 1219 sauguinis
2306 1164 2643 1207 sacramen·

402 1231 535 1295 tum,
575 1241 793 1299 corpus
830 1225 891 1282 in
928 1224 1122 1282 cibum
1177 1232 1241 1282 et
1277 1226 1623 1298 sanguinem
1674 1227 1736 1284 in
1774 1227 2044 1300 poculum
2084 1229 2415 1287 tribuendo,
2488 1228 2641 1287 Nam

396 1306 620 1377 quoties
670 1306 830 1363 hunc
880 1321 1094 1379 panem
1144 1305 1585 1375 manducamus
1643 1313 1707 1365 et
1759 1307 2004 1365 calicem
2059 1308 2333 1380 bibimuS,
2390 1315 2637 1368 mortem

391 1385 632 1444 Domini
686 1386 1127 1444 annuntiamus.
1214 1385 1286 1444 In
1341 1386 1717 1446 institutione
1773 1388 2006 1461 quidem
2055 1388 2231 1462 hujus
2283 1390 2640 1448 sacramenti

393 1466 544 1525 dixit
590 1467 725 1541 ipse
763 1466 1098 1540 Apostolis:
1151 1467 1287 1525 Hoc
1323 1464 1510 1525 facite
1549 1466 1611 1525 in
1651 1484 1843 1525 meam
1885 1471 2528 1531 commemorationem,
2577 1476 2644 1527 ut

390 1547 779 1620 praecipuum
831 1553 893 1605 et
930 1548 1161 1619 insigne
1200 1548 1547 1606 memoriale
1586 1549 1677 1606 sui
1717 1549 1935 1607 amoris
1973 1550 2206 1621 eximii,
2264 1568 2375 1624 quo
2412 1568 2518 1608 nos
2558 1552 2641 1608 di-

388 1627 563 1695 lexit,
625 1635 796 1687 esset
844 1629 1012 1686 nobis
1065 1629 1175 1687 hoc
1226 1629 1595 1701 praecelsum
1660 1635 1722 1686 et
1772 1630 2122 1688 venerabile
2174 1639 2644 1689 sacramentum:

388 1708 759 1779 memoriale,
813 1709 1067 1780 iuquam,
1118 1708 1393 1767 mirabile
1453 1726 1524 1767 ac
1562 1710 1942 1783 stupendum,
1995 1710 2391 1782 delectabile,
2442 1729 2641 1783 suave,

386 1787 770 1860 tutissimum,
810 1805 883 1847 ac
920 1806 1101 1863 super
1138 1791 1333 1848 omnia
1369 1790 1710 1864 pretiosum,
1751 1791 1811 1848 in
1851 1808 1959 1864 quo
1988 1790 2272 1850 innovata
2297 1798 2434 1850 suut
2471 1793 2650 1864 signa·

383 1873 445 1926 et
480 1869 798 1928 mirabilia
842 1870 1186 1940 immutata,
1238 1869 1300 1927 iu
1338 1886 1449 1942 quo
1486 1870 1744 1928 habetur
1782 1887 1950 1928 omne
1992 1871 2524 1943 delectamentum,
2577 1879 2642 1929 et

384 1949 570 2007 omnis
620 1951 860 2023 saporis
912 1950 1214 2021 suavitaS,
1263 1950 1509 2024 ipsaque
1555 1950 1805 2009 dulcedo
1842 1947 2086 2009 Domini
2138 1952 2524 2024 degustatur,
2576 1953 2640 2009 in

382 2046 491 2102 quo
541 2031 757 2103 utique
815 2032 978 2090 vitae
1033 2030 1379 2103 suffragium
1437 2032 1845 2105 consequimur
1909 2038 1972 2090 et
2027 2033 2256 2090 salutis.
2360 2032 2494 2090 Hoc
2549 2038 2641 2091 est

383 2112 739 2170 memoriale
781 2111 1199 2183 dulcissimum,
1252 2113 1596 2171 memoriale
1636 2113 2123 2183 sacratissimum,
2173 2120 2236 2171 et
2291 2112 2631 2172 memoriale

381 2192 740 2264 salvificum,
791 2192 854 2251 iu
897 2210 1006 2266 quo
1035 2200 1285 2265 'gratam
1334 2194 1760 2267 redemptionis
1805 2200 2046 2252 nostrae
2095 2210 2473 2252 recensemus
2519 2211 2635 2252 me·

382 2272 634 2331 moriam
650 2271 732 2344 ⁸),
785 2273 845 2331 in
883 2289 995 2345 quo
1034 2290 1071 2330 a
1110 2274 1265 2331 malo
1301 2274 1684 2344 retrahimur,
1724 2280 1787 2331 et
1819 2274 1876 2331 in
1917 2274 2067 2332 bono
2114 2272 2535 2345 confortamur,
2574 2281 2650 2332 et*

380 2353 456 2410 ad
499 2354 802 2413 virtutum
860 2361 923 2411 et
975 2354 1306 2427 gratiarum
1362 2354 1700 2427 proficimus
1747 2354 2146 2424 incrementa,
2217 2354 2277 2412 in
2341 2371 2450 2427 quo
2505 2372 2648 2427 pro-⁴

570 2558 610 2628 ¹)
654 2560 807 2615 Hanc
845 2560 1264 2615 constitutionem
1299 2561 1594 2631 germanice
1633 2562 1943 2616 translatam
1969 2562 2110 2631 operi
2137 2579 2228 2616 suo
2259 2561 2525 2628 „Euchar
2527 2561 2640 2616 isti-

376 2646 534 2698 cum“
574 2642 804 2697 inseruit
841 2642 1069 2711 Georg.
1109 2640 1243 2710 Ott,
1282 2657 1367 2712 pp.
1404 2641 1707 2710 207—210,
1746 2642 1869 2700 edit.
1909 2659 1991 2697 an.
2034 2643 2188 2698 1869.
2681 2705 2684 2708 Α

560 2722 607 2790 ⁸)
650 2722 829 2777 Dictio
868 2729 1167 2792 „sumpta
1205 2722 1447 2778 coena“
1487 2723 1969 2792 interpretationem
1993 2724 2152 2790 habet
2178 2740 2241 2777 ex
2269 2739 2380 2776 can.
2401 2686 2638 2792 Liquido

377 2804 463 2859 54.
502 2804 647 2858 Dist.
690 2803 743 2857 2.
783 2802 844 2856 de
884 2803 1075 2857 Cous,
1109 2804 1237 2873 jcta.
1276 2804 1366 2873 gl„
1406 2803 1490 2858 ubi
1517 2820 1559 2858 S.
1585 2804 1860 2873 Augustin.
1900 2804 2003 2858 ait:
2043 2803 2320 2869 Salvator,
2357 2818 2460 2872 quo
2485 2803 2635 2856 zehe-

375 2883 617 2938 mentius
670 2882 1075 2937 commendaret
1110 2882 1371 2952 Hysterii
1415 2883 1567 2938 illius
1616 2883 1960 2937 altitudinem
1977 2924 1993 2949 ,
2047 2882 2146 2937 hoc
2196 2883 2361 2937 voluit
2406 2882 2636 2953 infigere

375 2964 637 3018 cordibus
676 2965 734 3017 et
767 2964 1065 3018 memoriae
1101 2963 1508 3033 discipulorum,
1545 2980 1580 3016 a
1618 2963 1813 3033 quibus
1850 2963 1926 3017 ad
1935 2964 2253 3032 passionem
2279 2963 2637 3032 digressurus·

375 3048 541 3113 παι,-
579 3060 739 3114 quem
776 3043 943 3098 locum
979 3044 1219 3113 glossa
1258 3044 1646 3098 commentando
1685 3044 1760 3098 sic
1798 3044 2038 3113 exponit:
2096 3044 2210 3099 ideo
2249 3045 2494 3098 coenatus
2527 3043 2633 3097 Do-

373 3126 544 3179 minus
584 3124 825 3180 coenatis
863 3124 1124 3194 discipulis
1162 3140 1347 3194 corpus
1385 3141 1530 3178 suum
1568 3123 1800 3191 tradidit,
1840 3128 1898 3177 ut
1934 3124 1985 3177 in
2022 3124 2118 3178 hoc
2156 3128 2479 3178 sacramento
2518 3140 2633 3179 con-

373 3206 781 3260 summationem
819 3205 1041 3259 omnium
1078 3208 1519 3259 sacramentorum
1555 3204 1750 3258 veteris
1788 3205 2090 3258 testamenti
2128 3207 2180 3257 et
2212 3204 2333 3273 agni
2357 3203 2631 3274 paschalis,

372 3303 524 3355 quem
565 3291 695 3340 ante
733 3285 1188 3352 manducaverant,
1228 3290 1283 3339 et
1319 3291 1639 3339 caeterorum
1679 3289 2012 3339 monstraret.

562 3369 610 3435 ⁸)
653 3366 783 3421 Can.
820 3366 1005 3420 Semel
1038 3367 1125 3432 51,
1163 3366 1249 3420 52.
1303 3371 1357 3419 et
1394 3382 1505 3419 can.
1556 3364 1623 3418 In
1666 3364 1884 3419 Christo
1922 3365 2091 3420 semel
2126 3365 2212 3420 53.
2250 3364 2426 3418 Dist.
2467 3365 2515 3417 2.
2556 3365 2632 3418 de

372 3447 599 3513 ConS.;
630 3446 823 3515 agitur
859 3446 921 3499 de
958 3445 1205 3500 memoria
1233 3445 1624 3515 Redemptionis
1662 3448 1872 3499 nostrae
1911 3446 1961 3497 in
2000 3462 2068 3498 ss
2108 3444 2462 3500 Eucharistia:
2503 3443 2633 3498 Eam

372 3529 556 3596 glossa
594 3527 680 3581 his
717 3527 953 3581 versibus
989 3526 1232 3580 Leoninis
1270 3543 1361 3580 seu
1399 3521 1838 3596 ὁμοιοτελεύτοις
1874 3529 2028 3579 ornat
2063 3525 2205 3579 verb.
2253 3541 2321 3578 ne
2358 3524 2630 3578 oblivisca-

371 3623 501 3662 mur
540 3624 660 3662 can.
701 3608 787 3662 51.
827 3606 944 3660 cit.:

778 3713 1047 3767 Clauditur
1082 3713 1180 3766 hoc
1217 3729 1339 3767 vase
1376 3713 1541 3766 nostri
1579 3712 1665 3782 pia
1702 3712 1914 3766 victima
1951 3711 2148 3778 Phase;

779 3792 927 3861 Viva,
967 3793 1228 3860 salutariS,
1267 3793 1425 3847 semel
1464 3794 1515 3846 in
1554 3809 1721 3859 cruce,
1762 3809 1966 3862 semper
2003 3793 2054 3846 in
2090 3794 2210 3846 aris.

780 3873 917 3940 Quos
955 3889 1161 3928 recreas
1199 3874 1325 3929 Jesu
1362 3879 1471 3952 tam
1509 3875 1644 3928 sacri
1685 3874 1914 3944 corporis
1953 3891 2060 3940 esu,

779 3955 824 4007 A
859 3954 1001 4008 vitiis
1037 3954 1224 4009 munda
1261 3953 1455 4009 sacrati
1493 3954 1761 4024 sanguinis
1798 3954 1950 4008 unda.

779 4035 877 4088 Hic
913 4035 1082 4089 editur
1118 4034 1287 4102 JesuS,
1325 4033 1561 4090 remanet
1598 4038 1773 4088 tamen
1811 4034 2016 4104 integer
2054 4051 2189 4088 esus.

778 4177 883 4231 Res
919 4178 1234 4232 occultatur:
1258 4179 1472 4248 ²quare?
1509 4179 1645 4248 quia,
1685 4177 1729 4231 si
1765 4177 2020 4242 videatur,

781 4257 1021 4312 Forsitan
1057 4260 1313 4325 horreres,
1353 4263 1406 4313 et
1442 4259 1752 4313 manducare
1791 4258 2030 4312 timeres:

783 4337 857 4391 Ut
890 4339 999 4392 sine
1037 4338 1269 4408 subjecto
1306 4339 1561 4408 dependet
1597 4338 1649 4391 in
1686 4341 1808 4391 aere
1843 4337 2021 4402 nubeS,

783 4415 853 4470 Et
887 4423 1118 4473 centrum
1154 4422 1326 4473 terrae
1363 4419 1538 4488 pelagi
1576 4422 1841 4472 sustentat
1878 4417 2125 4487 abyssus:

785 4495 868 4552 Sic
902 4498 1007 4556 vini
1045 4499 1185 4556 color
1221 4502 1275 4552 et
1312 4515 1466 4572 sapor
1503 4503 1601 4564 est,
1640 4497 1837 4570 pondus
1866 4513 2063 4569 quoque
2101 4497 2266 4568 panis·
