3514 5391
1564 1604 1712 1677 De
1787 1595 2416 1677 Chaldaeis

1657 1730 1866 1791 notitia
1901 1729 2325 1810 praeliminaris.

1040 1875 1485 1932 Timotheus
1523 1874 1609 1945 1.‚
1658 1874 2083 1932 celeberrimus
2120 1873 2476 1945 patriarcha
2513 1873 2952 1932 Chaldaeorum
2991 1871 3099 1932 Ne·

867 1958 1263 2016 storianorum
1305 1956 1405 2025 (ab
1446 1972 1540 2011 an.
1578 1955 1685 2013 778
1724 1955 1863 2013 circ.
1905 1955 1982 2012 ad
2021 1972 2113 2013 an.
2150 1953 2301 2025 820),
2358 1954 2514 2021 „Nos
2538 1955 2865 2021 orientales,
2903 1956 3099 2028 inquit,

863 2042 991 2092 ante
1038 2054 1222 2091 omncs
1259 2036 1622 2102 credidimus,
1673 2040 1727 2089 et
1763 2036 2005 2107 confessi
2038 2052 2228 2090 sumus
2269 2035 2544 2089 Christum
2564 2077 2580 2101 ,
2634 2036 2938 2090 testimonio
2972 2035 3101 2106 fidei

861 2122 1087 2173 nostrae
1122 2117 1439 2172 solemniter
1475 2115 1716 2170 exhibito
1742 2132 1854 2186 pet·
1889 2117 2098 2184 leyatos
2134 2118 2353 2171 nostros
2388 2115 2667 2170 duodecim
2689 2114 2751 2188 ¹),
2799 2116 2895 2185 qui
2927 2116 3101 2170 sidere

862 2199 1104 2264 ductore,
1142 2198 1281 2252 riam
1320 2197 1495 2250 edocti
1518 2199 1709 2268 suere,
1748 2200 1804 2250 et
1824 2213 1937 2266 pet·
1962 2197 2102 2250 dona
2142 2212 2349 2265 quoque
2373 2197 2492 2260 illa,
2528 2212 2670 2265 quae
2701 2213 2802 2251 nos
2826 2197 3102 2251 obtulimus

862 2279 1087 2350 ἱρείη).
1167 2277 1286 2336 Sed
1326 2277 1586 2334 videnda
1625 2282 1764 2335 sunt
1810 2293 1960 2348 quae
2000 2277 2068 2330 de
2104 2295 2178 2330 ss.
2219 2277 2406 2346 Muqis
2453 2277 2725 2346 evangelii
2767 2277 2914 2332 inter
2955 2277 3100 2332 Chal-

862 2360 1031 2413 daeos
1052 2358 1539 2429 praedicatoribus
1589 2374 1662 2415 ex
1700 2357 1877 2414 libris
1915 2356 2216 2428 liturgicis
2271 2362 2449 2429 atque
2504 2373 2576 2414 ex
2630 2356 2878 2431 antiqua
2913 2358 3098 2430 gentis

860 2440 1192 2498 traditione
1234 2438 1414 2495 affert
1450 2438 1653 2496 RmuS.
1692 2438 2045 2510 patriarcha
2068 2437 2510 2509 Babylonensis
2537 2437 2938 2510 Khayyat‚
2977 2437 3104 2508 Syri

861 2521 1161 2575 orientales
1195 2537 1292 2574 sea
1331 2519 1601 2584 chaldaei,
1637 2535 1732 2591 pp.
1776 2519 2074 2575 157—166.

1043 2608 1339 2668 Chaldaei
1390 2608 1640 2681 primum
1695 2615 1897 2665 tamen
1948 2607 2062 2664 sibi
2115 2608 2450 2665 catholicae
2500 2608 2640 2666 fidei
2689 2609 2820 2666 veri
2859 2609 3101 2667 nominis

866 2690 1217 2763 magistrum
1269 2688 1613 2747 adsciscunt
1663 2687 2058 2746 Addaeum
2116 2706 2220 2746 seu
2273 2687 2757 2747 Thaddaeum
2810 2706 2986 2748 unum
3035 2702 3100 2749 ex

860 2771 932 2827 70
969 2770 1296 2843 discipuliS,
1338 2770 1431 2827 cui
1470 2769 1835 2842 provinciam
1877 2769 2114 2826 illarum
2155 2760 2460 2840 regionum
2502 2768 3100 2829 administrandorum

863 2868 900 2908 a
938 2870 981 2907 s.
1021 2850 1249 2907 Thoma
1289 2850 1581 2922 Apostolo
1639 2849 2008 2906 commissam
2058 2848 2244 2906 fuisse
2295 2849 2511 2906 docent
2528 2848 2595 2918 ⁸).
2681 2849 2754 2907 In
2810 2851 3100 2909 catholica

861 2931 978 2990 fide
1017 2931 1431 3004 perstiterunt,
1470 2947 1650 3001 usque
1692 2929 1772 3010 ad
1810 2930 2112 2987 saeculum
2137 2929 2418 3001 quintum,
2459 2930 2654 3001 quoin
2685 2929 3100 2991 Nestorianam

866 3012 1165 3069 haeresim
1204 3011 1367 3083 rapti
1405 3016 1555 3067 sunt.

1040 3101 1128 3154 De
1148 3100 1580 3154 Nestoriamsmi
1605 3100 1819 3169 origine
1844 3104 1896 3153 et
1908 3115 2216 3169 propre-ssu
2246 3099 2301 3151 in
2328 3098 2568 3165 Oriente,
2592 3100 2645 3153 lz.
2666 3116 2736 3158 e..
2751 3117 2929 3169 penes
2951 3104 3100 3156 Chal·

860 3179 1047 3245 dacos,
1085 3180 1221 3237 aliis
1259 3180 1701 3253 praeeuntibuS,
1756 3178 1946 3237 fusius
1986 3180 2228 3252 scripsit
2267 3179 2423 3236 idem
2461 3179 2692 3237 Rmus.
2737 3179 2996 3254 Khayy
3011 3190 3102 3252 at,

858 3276 953 3331 pp.
996 3259 1300 3323 171—176.
1341 3276 1371 3317 e
1411 3276 1521 3332 quo
1559 3276 1751 3332 pauca
1791 3259 1943 3316 haec
1981 3265 2256 3317 enotasse
2302 3258 2564 3330 jnverit:
2623 3257 2772 3316 Post
2824 3262 3101 3331 synodum

859 3340 1222 3411 Ephesinam
1264 3340 1403 3397 anni
1442 3341 1539 3397 431
1606 3357 1745 3413 pars
1800 3340 2202 3412 episcoporum
2255 3340 2634 3398 orientalium
2689 3341 2765 3397 ab
2815 3342 3102 3415 episcopis

860 3420 1200 3478 orthodoxis
1256 3425 1318 3477 et
1354 3438 1399 3477 s.
1441 3418 1698 3492 Cyrillo‚
1757 3437 1926 3492 quem
1981 3420 2253 3477 haeresis
2306 3422 2702 3491 accusabant,
2755 3422 3014 3480 secessit
3049 3430 3104 3480 et

858 3498 1138 3557 Nestorio
1177 3500 1575 3572 pertinaciter
1614 3500 1907 3558 adhaesit.
1982 3500 2270 3571 Eiusdem
2320 3508 2526 3574 partes
2581 3501 2866 3559 similiter
2917 3504 3104 3562 secuti

859 3586 997 3636 sunt
1047 3580 1268 3637 alumni
1319 3580 1558 3638 scholae
1608 3581 1991 3651 Edessenae‚
2050 3582 2147 3653 qui
2201 3598 2272 3639 ex
2312 3580 2567 3640 Perside
2619 3582 2763 3639 illuc
2815 3592 3106 3641 venerant

859 3660 1051 3717 sacris
1090 3660 1288 3717 literis
1328 3661 1644 3722 imbuendi.
1735 3661 1808 3719 In
1850 3662 1954 3719 hos
1993 3679 2193 3719 omnes
2233 3664 2307 3720 ab
2348 3663 2811 3735 imperatoribus
2851 3663 2982 3722 ΟΡ.
3020 3682 3102 3721 se·

859 3756 999 3797 vere
1041 3747 1239 3797 actum
1280 3748 1409 3813 est3
1460 3758 1644 3815 quare
1685 3759 1759 3800 ex
1800 3743 2046 3817 imperio
2086 3742 2357 3800 Romano
2410 3743 2638 3816 expulsi
2692 3743 2752 3801 in
2792 3744 3100 3803 Persidem

860 3820 1111 3877 maxime
1148 3821 1689 3894 transmigrarunt,
1738 3822 1837 3880 ubi
1878 3824 2041 3881 circa
2081 3840 2176 3881 an.
2213 3824 2321 3881 489
2359 3824 2718 3897 praevalere
2758 3834 3098 3898 coeperunt

858 3900 908 3956 Ε
948 3899 1204 3979 Perside
1248 3918 1391 3960 vero
1432 3901 1781 3960 Nestoriani
1835 3920 2045 3973 magno
2098 3903 2292 3961 studio
2350 3921 2422 3962 ac
2469 3920 2748 3962 successu
2803 3905 3096 3964 haeresim

858 3997 1024 4037 suam
1066 3982 1123 4037 in
1166 3981 1320 4039 alias
1361 3981 1552 4039 Asiae
1592 3991 1799 4055 partes
1838 3990 2266 4056 propagarunt.

1037 4070 1343 4142 Quaenam
1387 4080 1580 4129 autem
1623 4072 1809 4128 variis
1849 4073 2213 4145 temporibus
2254 4075 2462 4131 variae
2508 4074 2948 4139 ..Chaldaeorum
2987 4092 3096 4129 cum

856 4150 1105 4204 Ecclesia
1144 4151 1392 4204 Romana
1421 4151 1924 4205 ’ποθιεἰὶἱαΐὶοηθεέί
1965 4151 2194 4210 fuerint
2221 4154 2588 4220 celebratae,
2627 4162 2762 4226 post
2799 4155 2842 4213 J
2861 4174 2956 4213 os·
2993 4155 3096 4214 Si·

1046 4334 1082 4391 ¹)
1126 4331 1201 4384 De
1241 4330 1550 4384 duodenario
1589 4331 1854 4399 Magorum
1894 4348 2105 4385 numero
2145 4333 2394 4401 relegesis
2434 4336 2614 4387 notata
2654 4340 2691 4385 t.
2735 4336 2783 4399 1,
2823 4350 2871 4405 p.
2908 4336 3028 4389 364.

1036 4409 1079 4475 ²)
1122 4411 1268 4479 Apud
1308 4411 1632 4479 Khayyat
1666 4426 1750 4479 pp.
1791 4412 1856 4466 37
1899 4416 1952 4464 ct
1995 4413 2112 4467 159.

1037 4494 1081 4557 ⁸)
1121 4490 1183 4544 V.
1224 4496 1261 4544 t.
1306 4494 1351 4555 1,
1390 4507 1473 4562 pp.
1514 4492 1638 4546 253.
