3514 5391
410 638 517 649 ——aa
574 643 637 647 .-
676 644 767 649 Δια--

407 723 497 776 λθ]
534 726 693 785 ἔτους
729 726 961 781 Ἰουλίου
982 727 1049 790 ς’·
1087 731 1176 780 καὶ
1213 728 1325 798 οὐχ
1354 727 1483 795 ἠσυ-

407 810 547 874 χίαν
602 805 767 875 εἶχον
803 807 868 860 n?
906 812 1072 879 μέρη,
1128 808 1243 860 ἀλλ’
1281 809 1480 878 ἠγωνί-

408 888 569 948 ζοντο
619 886 938 958 ἀμφότεροι
987 887 1202 961 σπουδῇ
1248 888 1479 962 μεγάλη·

403 969 495 1018 καὶ
531 966 563 1021 ο*
602 967 762 1037 ἀγών
811 969 911 1021 τόν
945 967 1135 1038 ἀγῶνα
1180 969 1478 1040 διεδέχετο,

401 1052 491 1100 καὶ
537 1045 571 1112 ἦ
609 1047 852 1113 διάλεξις
906 1049 1006 1115 τήν
1053 1048 1325 1114 διάλεξιν,
1384 1052 1480 1113 ἕως

403 1120 472 1182 οὗ
509 1128 540 1181 ὁ
581 1127 825 1199 Ἐφέσου
851 1129 1081 1201 Μάρκος
1114 1131 1194 1200 μὴ
1233 1131 1478 1202 δυνάμε-

402 1228 496 1269 νος
530 1210 846 1279 ἀντιλέγειν
899 1211 1035 1280 πρὸς
1071 1210 1137 1263 τα
1176 1211 1478 1283 φανότατα,

399 1290 618 1361 ἀπέδρα
677 1291 778 1345 τόν
826 1291 1016 1362 ἀγῶνα
1065 1292 1344 1353 δειλιάσας
1392 1298 1481 1359 τῆς

400 1370 709 1436 διαλέξεως,
791 1375 856 1425 Oe‘
912 1373 971 1425 δὲ
1027 1374 1210 1426 λοιποὶ
1260 1377 1483 1444 πατέρες

397 1451 713 1523 ἀρξάμενοι
782 1452 874 1506 ἀπ’
944 1452 1115 1507 αὐτοῦ
1176 1458 1276 1507 τοῦ
1331 1457 1483 1524 ἱεροῦ

400 1533 780 1604 πατριάρχου,
828 1537 918 1586 καὶ
954 1539 1055 1587 τοῦ
1089 1534 1481 1604 μεγαλωτάτου

396 1618 599 1684 κυρίου
643 1617 746 1666 τοῦ
779 1614 1051 1678 βασιλέως,
1089 1614 1288 1674 πάντες
1319 1614 1481 1687 συνῄ-

396 1709 570 1749 νεσαν
629 1696 693 1747 ἐν
742 1697 807 1767 τῇ
850 1694 1039 1750 ἑνώσει
1096 1700 1187 1762 τῆς
1235 1700 1481 1756 πίστεως.

395 1774 835 1846 Ἐρευνήσαντες
870 1774 979 1846 γάρ
1005 1775 1131 1835 τούς
1156 1775 1335 1846 ἱερούς
1362 1782 1483 1831 320-

394 1855 605 1925 λόγους
660 1859 753 1921 τῆς
788 1855 1111 1922 Ἐκκλησίας,
1161 1860 1248 1908 καὶ
1289 1856 1483 1927 εὗρόν-

395 1956 484 1997 τες
525 1935 740 1995 αὐτούς
775 1940 1219 2007 συμφωνοῦντας
1255 1943 1329 2005 τῷ
1351 1937 1482 2008 δόγ-

395 2037 557 2088 ματι,
596 2017 826 2089 ἔκριναν
862 2017 1081 2072 δίκαιον
1119 2016 1258 2071 εἶναι
1281 2018 1483 2083 ἑνωθῆ-

396 2118 491 2153 ναι
564 2101 636 2171 τῇ
702 2102 805 2151 τοῦ
863 2101 1007 2152 Θεοῦ
1060 2098 1372 2172 Ἐκκλησία,
1426 2090 1486 2165 ἧς

399 2182 580 2250 χωρὶς
644 2177 748 2232 οὐκ
803 2178 955 2232 ἔστιν
1004 2178 1152 2238 ἐλπὶς
1204 2183 1484 2250 σωτηρίας,

396 2261 431 2328 ἢ
464 2264 674 2332 μένειν
722 2260 781 2313 ἐν
830 2264 907 2327 τῷ
953 2263 1224 2330 χωρισμῷ
1272 2263 1362 2312 καὶ
1411 2265 1486 2327 τῷ

396 2346 720 2412 σχίσματι,
774 2342 916 2394 ἔνθα
953 2341 1192 2411 οὐδεμία
1228 2342 1341 2394 ἐστὶ
1379 2356 1484 2393 σω-

399 2426 585 2494 τηρία.
679 2418 1008 2487 Ἡνώθησαν
1057 2425 1251 2475 τοίνυν
1305 2421 1485 2491 ὥσπερ

396 2503 457 2557 ἐν
509 2507 592 2569 τῷ
646 2500 893 2572 δόγματι
942 2500 1087 2555 οὕτω
1140 2505 1230 2553 καὶ
1280 2502 1338 2555 ἐν
1373 2506 1487 2561 τοῖς

397 2584 623 2643 λοιποῖς
648 2583 980 2653 κεφαλαίοις.
1035 2580 1233 2636 Πάντα
1262 2583 1368 2654 γαρ
1392 2582 1485 2634 διαὶ

400 2667 741 2737 μαρτυριῶν
777 2667 887 2716 τῶν
930 2667 1020 2730 τῆς
1054 2662 1365 2731 Ἐκκλησίας
1401 2662 1487 2715 δι-

398 2745 704 2798 δασκάλων
752 2743 1144 2810 συστήσαντες,
1201 2744 1335 2815 ὅρον
1382 2746 1487 2810 835-

401 2825 686 2897 φώνησαν
711 2828 775 2897 τῇ
794 2823 1075 2892 Ἐκκλησίᾳ
1101 2825 1488 2895 χαρμόσυνον,

401 2905 971 2976 ,,Εὕφραινέσθωσαν
1022 2906 1075 2956 οἱ
1125 2905 1352 2976 οὐρανοὶ
1400 2908 1488 2957 καὶ

401 2984 776 3056 ιῖγαλλιᾶσθω
803 2982 832 3050 ἦ
859 2988 982 3054 γῆ“,
1007 2984 1272 3054 λεγόντες.
1307 2985 1491 3045 Οὕτως

403 3066 514 3121 οὖν
562 3066 673 3120 τόν
723 3065 858 3136 ὅρον
906 3068 1214 3126 τελέσαντες
1249 3068 1308 3120 ἐν
1345 3065 1492 3132 αὐτῷ

403 3148 509 3215 τήν
529 3146 864 3218 ἐκπόρευσιν
888 3150 989 3200 τοῦ
1012 3150 1290 3215 παναγίου
1309 3146 1489 3200 Πνεύ-

402 3247 589 3299 ματος
627 3228 686 3280 ἐκ
722 3231 825 3280 τοῦ
863 3227 1080 3298 Πατρός
1113 3229 1205 3278 καὶ
1233 3232 1328 3279 τοῦ
1360 3229 1491 3280 Υἷοῦ

406 3310 789 3379 σαφηνίζουσι
849 3309 938 3359 καὶ
991 3306 1092 3373 τήν
1144 3306 1223 3358 δι’
1272 3306 1490 3377 α’ζυμου

408 3393 630 3442 θυσίαν
673 3393 817 3459 μίαν
870 3390 958 3440 καὶ
997 3389 1096 3454 τήν
1134 3387 1304 3455 αὐτὴν
1351 3387 1490 3442 εἶναι

408 3468 516 3537 τήν
553 3468 699 3539 μετα
752 3472 851 3522 τοῦ
888 3467 1128 3538 ἐνζύμου
1173 3473 1489 3539 γινομένην,

408 3552 505 3601 καὶ
543 3550 650 3615 τήν
686 3552 797 3602 τῶν
836 3553 1039 3618 ψυχῶν
1073 3548 1365 3618 κάθαρσιν,
1402 3553 1489 3600 καὶ

414 3630 519 3697 τὴν
560 3632 671 3684 τῶν
706 3627 886 3698 ἁγίων
920 3627 1232 3683 ἄπόλαυσιν
1268 3632 1357 3681 καὶ
1394 3630 1492 3681 τὸν

412 3711 596 3781 ι’ἱκρον
633 3709 896 3780 ἀρχιερέα
942 3713 1027 3776 τῆς
1067 3707 1270 3779 Ῥώμης
1305 3707 1492 3762 διάδο·

414 3810 531 3860 χον
589 3795 691 3843 τοῦ
743 3794 1020 3860 μακαρίου
1077 3792 1290 3859 Πέτρου
1353 3788 1491 3844 εἶναι

415 3874 614 3942 σαφῶς
650 3876 962 3942 παριστᾶσι.
1013 3868 1112 3924 Ὅν
1149 3868 1494 3939 σημάναντες

414 3951 806 4011 ἅποστολικοΐς
845 3969 898 4005 τε
925 3954 1015 4002 καὶ
1038 3950 1293 4020 ἐρυθροῖς
1318 3948 1490 4019 γράμ·

416 4046 563 4101 μασι
615 4037 690 4091 εἷς
734 4032 956 4085 ἅπασαν
992 4035 1322 4101 οἰκουμένην
1359 4029 1493 4083 ἀπέ-

421 4113 665 4166 στειλαν·
710 4115 801 4166 καὶ
837 4112 1037 4172 πάντες
1072 4110 1356 4182 ἐστήριξαν
1403 4113 1492 4162 καὶ

419 4190 806 4262 ώμολόγησαν·
846 4196 933 4244 καὶ
971 4191 1368 4262 συνεφώνησαν
1405 4194 1495 4243 καὶ

423 4271 793 4343 ἱερούργησαν
831 4271 979 4343 ὁμοῦ
1001 4272 1142 4343 μετα
1170 4276 1269 4324 τοῦ
1294 4269 1496 4340 Ῥώμης

422 4352 739 4424 ἀρχιερέως.
818 4356 926 4404 Καὶ
964 4351 1125 4411 αὐτὸς
1170 4351 1229 4404 δὲ
1267 4350 1297 4404 ὁ
1336 4350 1495 4422 Ἑφέ-

428 4448 536 4486 σου
573 4431 969 4505 συνεφώνησεν
1005 4433 1062 4485 ἐν
1098 4434 1162 4505 τῇ
1184 4429 1493 4500 α’ναγνώσει

893 528 1065 585 Mense
1103 530 1331 586 Octobri.
1389 531 1623 589 Officium
1660 532 1852 604 Synodi
1889 533 2171 589 Florentin.

2549 533 2655 588 523

1590 736 1822 801 tamen,
1877 738 1938 788 et
1975 744 2156 802 super
2190 731 2302 788 hoc
2341 730 2650 788 admodum

1588 810 1888 883 vigilabat
1923 811 2316 884 unusquisque
2369 828 2443 869 ex
2478 816 2654 884 parte

1591 907 1730 962 sua,
1788 897 1850 949 et
1901 892 2219 949 vehemens
2276 891 2533 949 studium
2595 891 2654 948 iu

1592 972 1880 1029 certando
1909 973 2253 1030 adhibebat.
2305 970 2524 1044 Coepit
2549 971 2655 1043 igi-

1591 1059 1689 1109 tur
1729 1052 2025 1125 disputari
2063 1054 2121 1111 in
2162 1052 2383 1124 synodo
2423 1052 2656 1124 Aprilis

1592 1149 1744 1191 nona
1796 1133 1921 1203 die,
1986 1150 2138 1191 anno
2191 1149 2227 1190 a
2279 1131 2507 1191 Christi
2559 1132 2654 1190 In·

1593 1212 1938 1271 carnatione
1987 1214 2152 1279 1438,
2218 1218 2394 1286 atque
2460 1213 2656 1285 dispu-

1592 1298 1783 1351 tatum
1834 1299 1926 1350 est
1977 1294 2276 1351 mensibus
2334 1294 2426 1365 14,
2491 1292 2657 1351 nimi·

1591 1391 1717 1431 rum
1757 1391 1938 1447 usque
1981 1375 2057 1432 ad
2097 1375 2251 1432 diem
2294 1380 2521 1433 sextum
2549 1373 2658 1433 Ju-

1592 1453 1688 1522 lii,
1760 1454 1900 1512 anni
1956 1455 2123 1521 1439,
2200 1471 2388 1527 neque
2451 1461 2657 1528 partes

1593 1533 1712 1591 otio
1745 1535 2063 1595 vacabant,
2103 1534 2210 1592 sed
2237 1551 2454 1607 magna
2474 1536 2658 1593 utriu-

1593 1630 1702 1686 que
1744 1615 2121 1673 contentione
2162 1616 2532 1686 certabatur,
2569 1622 2656 1672 at·

1593 1713 1704 1769 que
1744 1702 2048 1754 certamen
2089 1696 2418 1765 certamini,
2466 1696 2659 1769 dispu-

1593 1776 1744 1834 tatio
1820 1776 2210 1849 disputationi
2282 1776 2658 1845 succedebat,

1595 1857 1780 1915 donec
1819 1856 2056 1915 Marcus
2082 1856 2439 1930 Ephesinus,
2480 1857 2659 1914 rebus

1586 1938 1715 2010 J‘am
1769 1939 1830 1994 in
1878 1943 2088 2010 aperto
2139 1937 2376 2010 positiS,
2429 1943 2661 1996 contra-

1595 2017 1797 2076 dicere
1837 2034 1950 2075 non
1988 2018 2214 2089 valenS,
2256 2024 2434 2090 atque
2473 2017 2659 2075 disce-

1594 2098 1816 2172 ptando
1844 2099 2038 2156 adhuc
2059 2104 2297 2156 certare
2329 2097 2659 2156 formidans

1596 2178 1846 2249 aufugit.
1917 2177 2166 2238 Caeteri
2204 2184 2398 2237 autem
2438 2177 2662 2236 Patres

1597 2261 1671 2318 ab
1754 2261 2007 2333 ipsomet
2078 2276 2249 2318 sacro
2312 2258 2662 2331 patriarcha

1597 2341 1957 2413 maximoque
1990 2340 2350 2413 imperatore
2378 2357 2576 2398 omnes
2601 2338 2663 2396 in

1596 2421 1864 2479 unionem
1904 2419 2044 2478 fidei
2085 2425 2501 2479 convenerunt.
2565 2418 2663 2477 In·

1596 2502 1967 2573 vestigantes
2016 2501 2172 2559 enim
2214 2518 2414 2559 sacros
2452 2499 2663 2557 Eccle—

1597 2583 1723 2640 siae
1766 2581 2057 2653 doctores,
2096 2582 2357 2653 ipsisque
2398 2580 2661 2651 dogmati

1598 2662 2105 2722 consentientibus
2122 2662 2396 2736 repertis
2414 2676 2662 2733 aequum

1599 2743 2034 2805 existimarunt,
2053 2759 2116 2800 se
2132 2742 2327 2815 potius
2341 2740 2659 2812 Ecclesiae

1597 2824 1718 2882 Dei
1782 2822 2171 2896 conjungere,
2245 2827 2417 2879 extra
2487 2836 2660 2892 quam

1600 2906 1763 2963 nulla
1805 2901 1996 2976 fulget
2033 2903 2246 2962 salutis
2285 2919 2438 2975 spes,
2491 2917 2662 2974 quam

1598 3001 1840 3043 manere
1900 2984 2120 3042 diutius
2169 2983 2228 3041 in
2281 2981 2662 3056 separatione

1600 3071 1664 3122 et
1712 3065 2061 3134 schismate,
2113 3066 2176 3122 in
2214 3080 2324 3137 quo
2362 3063 2530 3122 nulla
2569 3069 2664 3120 est

1599 3147 1776 3203 salus.
1854 3143 2275 3203 Convenerunt
2313 3144 2497 3216 igitur
2543 3149 2661 3200 tam

1600 3227 1658 3283 in
1695 3225 1807 3283 hoc
1846 3225 2151 3297 dogmate,
2203 3241 2373 3297 quam
2431 3225 2488 3280 in
2527 3222 2666 3281 reli-

1599 3308 1727 3379 quis
1767 3305 2081 3378 capitibus,
2121 3304 2427 3376 omniaque
2469 3303 2665 3361 docto·

1600 3404 1726 3445 rum
1767 3386 2083 3444 Ecclesiae
2135 3385 2495 3444 testimoniis
2535 3401 2666 3440 con-

1600 3467 1912 3525 firmantes
1976 3467 2281 3524 decretum
2336 3464 2668 3539 promulga-

1600 3553 1757 3619 runt,
1799 3547 1951 3620 quod
1988 3546 2266 3604 laetitiae
2296 3544 2536 3602 multum
2580 3548 2665 3601 at-

1600 3628 1743 3685 tulit
1788 3626 2133 3692 Ecclesiae,
2195 3626 2491 3683 dicentes:
2548 3624 2666 3681 Ex·

1601 3708 1826 3765 sulteut
1864 3707 2032 3777 coeli,
2074 3711 2136 3764 et
2170 3706 2438 3763 laetetur
2475 3714 2662 3762 terra.

1601 3787 1702 3846 Sic
1739 3787 1927 3857 igitur
1976 3787 2282 3844 decretum
2320 3791 2662 3854 sanxerunt,

1603 3875 1665 3926 et
1690 3868 1893 3927 eodem
1925 3868 2319 3925 declararunt
2345 3865 2670 3939 processio-

1602 3965 1734 4006 nem
1792 3949 1987 4006 sancti
2038 3947 2298 4021 Spiritus
2355 3963 2429 4003 ex
2476 3944 2667 4003 Patre

1600 4029 1894 4101 Filioque,
1935 4035 2112 4101 atque
2140 4027 2335 4098 azymi
2364 4042 2671 4084 consecra·

1603 4109 1820 4167 tionem
1858 4109 2107 4182 perinde
2146 4107 2384 4179 valere,
2439 4124 2510 4165 ac
2549 4105 2667 4164 fer-

1605 4190 1873 4260 mentati,
1926 4196 2047 4247 tum
2089 4186 2417 4245 animarum
2457 4203 2669 4259 purga·

1604 4270 1821 4328 tionem
1840 4275 2292 4339 sanctorumque
2307 4265 2667 4334 fruitionem,

1605 4348 1857 4421 denique
1874 4348 2171 4408 Summum
2190 4346 2537 4404 Pontificem
2553 4345 2669 4403 Ro-

1604 4444 1838 4488 manum
1872 4443 2275 4487 successorem
2300 4426 2471 4483 beati
2495 4423 2666 4482 Petri
