3514 5391
1132 572 1380 643 Synopsis
1417 572 1667 626 festorum
1705 571 1983 625 mobilium.

457 684 710 690 —-——
742 684 2210 691 .————-——-————————-—-0—--
2264 685 2285 689 .-
2303 683 2399 688 ——<
2438 681 2681 688 ————----——-

929 865 956 891 ·
1077 792 1081 795 ·
1149 770 1424 836 Mense
1488 770 1972 854 Septembri.

451 892 729 981 Κυριακι)
806 892 1048 982 ὑστάτη
1119 898 1236 960 τοῦ
1311 897 1508 958 Ματ-
1619 896 1800 960 Dom.
1850 894 1899 959 I.
1965 895 2074 959 SS.
2131 896 2200 958 A]

528 990 751 1060 θαΐου.
1706 994 1973 1058 stodum.

450 1171 732 1259 Κυριακὴ
776 1170 907 1257 πρὸ
952 1176 1064 1261 τῆς
1109 1170 1439 1261 ὖψιόσεως.
1619 1173 1801 1237 Dom.
1834 1172 1995 1236 infra
2025 1170 2200 1235 Octa*

1709 1270 1884 1355 Virg.
1936 1269 2046 1334 SS.
2093 1269 2200 1333 No

528 1373 822 1452 Παρασκ.
868 1367 1034 1453 μετὰ
1078 1366 1191 1455 τὴν
1231 1366 1506 1456 ὕψωσιν·
1663 1371 1939 1449 Quatuor
1983 1372 2200 1452 tempo:

580 1466 781 1545 Τέλος
807 1471 925 1532 τοῦ
951 1464 1115 1532 κατὰ
1145 1469 1513 1531 Ματθαῖον

570 1560 856 1650 εὖαγγελί
860 1588 952 1632 ου.

450 1743 733 1831 Κυριακὴ
777 1743 941 1829 μετὰ
983 1743 1099 1833 τὴν
1143 1742 1419 1833 ὕψωσιν.
1628 1745 1805 1810 Dom.
1855 1711 1967 1810 111ss
2073 1743 2195 1827 Sep

531 1846 721 1911 Δευτ.
759 1842 952 1930 Ἀρχὴ
980 1847 1097 1908 τοῦ
1127 1841 1295 1908 κατὰ
1319 1848 1512 1908 Λου-
1713 1844 1785 1909 Β.
1836 1843 1923 1909 M.
1973 1842 2200 1928 Virgint

529 1946 649 2007 κᾶν
692 1937 1072 2026 εὐαγγελίου.

447 2119 736 2208 Κυριακὴ
782 2119 864 2189 α’.
912 2125 1031 2186 τοῦ
1076 2125 1331 2186 Λουκᾶ.

1242 2301 1515 2366 Mense
1564 2300 1914 2365 Octobri.

447 2424 738 2511 Κυριακὴ
786 2424 868 2493 α’.
917 2424 1002 2490 Ἡ
1026 2430 1142 2490 τοῦ
1164 2424 1517 2513 θειοτάτου
1626 2426 1807 2490 Dom.
1857 2426 1903 2492 Ι.
1963 2426 2199 2490 Festun

578 2519 881 2609 ῥοδαριόυ
928 2521 1132 2611 ἑορτή.

448 2702 739 2791 Κυριακὴ
798 2708 928 2768 τῶν
982 2698 1177 2787 ἁγίων
1222 2703 1519 2790 πατέρων
1629 2704 1786 2770 Aliis
1836 2703 2016 2769 Dom.
2070 2703 2200 2766 fest:

580 2806 693 2889 τῆς
737 2800 815 2882 ζ’.
865 2796 1111 2886 οἶκουμ.
1161 2801 1229 2867 ἐν
1276 2796 1519 2889 Νικαίᾳ
1717 2807 1779 2867 et
1827 2801 2122 2866 Puritatis
2170 2800 2200 2864 Ι

582 2899 872 2966 συνόδου.
2091 2925 2095 2930 ·

784 3081 1206 3146 Mensibus
1267 3080 1704 3146 Novembri
1767 3084 1841 3144 et
1908 3078 2187 3142 Decem

453 3177 744 3293 Κυριακὴ
786 3204 917 3291 πρὸ
963 3209 1074 3292 τῆς
1119 3202 1197 3285 ς’.
1248 3210 1449 3287 Νοεμ.

588 3300 826 3391 Μνήμη
868 3307 979 3390 τῆς
1025 3300 1273 3380 κονέως.
1630 3304 1814 3368 Dom.
1861 3302 1910 3367 I.
1962 3301 2200 3366 Advent

1765 3400 2040 3482 Quatuor
2093 3403 2200 3463 ten

460 3577 743 3666 Κυριακὴ
807 3583 936 3645 τῶν
1001 3574 1197 3662 ἁγίων
1255 3599 1522 3665 προπα-
1633 3580 1816 3644 Dom.
1866 3577 1978 3644 III.
2030 3578 2200 3642 Adve

550 3677 562 3689 ’
587 3675 806 3762 τύρων.

464 3835 746 3925 Κυριακὴ
773 3836 905 3924 πρὸ
931 3842 1043 3925 τῆς
1076 3842 1365 3923 Χριστοῦ
1386 3860 1523 3921 γεν-
1634 3838 1823 3902 Dom.
1868 3836 1977 3903 IV.
2031 3837 2200 3900 Adve

591 3934 841 4022 νήσεως·
888 3941 1018 4001 τῶν
1063 3934 1380 4020 πατέριον.

546 4033 897 4122 Παραμονὴ
942 4038 1071 4099 τῶν
1110 4031 1521 4119 Χριστουγὲν·

596 4157 732 4201 νων,

552 4291 841 4380 Κυριακὴ
882 4290 1047 4376 μετὰ
1091 4290 1204 4379 τὴν
1240 4295 1528 4377 Χριστοῦ
1643 4291 1828 4355 Dom.
1882 4289 2044 4355 infra
2091 4288 2200 4352 Oet

593 4388 900 4479 γέννησιν.

1428 4567 1746 4588 w
