3514 5391
985 539 1121 600 Ordo
1161 545 1407 600 festorum
1446 544 1694 600 ecclesiae
1733 557 1992 600 armenae.

820 746 991 804 Sectio
1027 744 1141 801 VII.
1197 743 1580 801 Chatl-veratz.
1643 742 1908 800 Exultatio
1947 743 2143 800 Crucis.

376 927 572 992 Arm.
635 946 785 992 eum
834 927 899 992 in
945 926 1103 991 serie
1153 923 1236 989 72
1283 922 1728 1010 discipulorum
1779 922 2036 989 collocat
2099 924 2158 989 d.
2210 924 2268 988 9.
2320 924 2420 1009 Ap

376 1022 571 1087 Silam
600 1030 662 1089 et
694 1023 1046 1101 Silvanum,
1097 1020 1488 1103 coadjutores
1517 1019 1712 1095 Pauli,
1750 1021 1828 1084 de
1854 1019 2078 1103 quibus
2106 1019 2299 1085 Men.
2335 1021 2420 1086 Gr]

374 1121 429 1186 d.
477 1121 581 1184 31.
632 1120 806 1198 Julii,
876 1122 1079 1186 Arm.
1130 1138 1275 1183 vero
1337 1119 1396 1182 d.
1448 1116 1551 1182 26.
1604 1115 1796 1181 Junii.
1907 1116 2092 1182 Multi
2155 1124 2420 1184 auctores

372 1218 521 1281 duos
569 1221 796 1301 putant
838 1237 973 1282 esse
1000 1219 1213 1282 'unum
1250 1216 1659 1299 eundemque,
1709 1220 1779 1279 ut
1808 1216 2095 1280 observat
2128 1214 2194 1281 O.
2246 1237 2282 1280 a
2311 1216 2414 1280 La

370 1315 430 1380 in
476 1339 689 1383 comm.
742 1318 926 1402 epist.
978 1315 1065 1378 ad
1117 1312 1483 1381 Thessalon.
1536 1314 1614 1377 ad
1661 1318 1899 1377 textum
1932 1313 2171 1377 Paulus
2218 1324 2277 1377 et
2313 1312 2420 1377 Sili

370 1421 427 1474 et
466 1413 867 1492 Timor-heus,-
913 1414 1053 1479 ideo
1102 1414 1164 1477 in
1212 1413 1440 1478 Mart.
1493 1412 1698 1476 Rom.
1749 1410 1912 1476 Silae
1959 1414 2387 1477 tantummodo

369 1511 519 1575 ritur
568 1532 798 1577 comm.
863 1513 977 1577 sub
1026 1514 1086 1578 d.
1146 1512 1244 1577 13.
1295 1511 1463 1577 Julii.
1562 1510 1717 1575 Cum
1780 1511 2114 1594 praedictis
2175 1512 2379 1596 agitur

368 1611 877 1676 commemoratio
907 1610 1256 1674 Duodecim
1278 1611 1621 1674 Doctorum
1647 1610 1717 1691 ¹),
1768 1610 1893 1692 qui,
1942 1613 2012 1673 ut
2039 1608 2307 1674 habetur
2333 1611 2420 1674 in

369 1709 571 1773 Arm.
642 1715 708 1773 et
765 1707 871 1773 hic
931 1728 1178 1793 quoque
1239 1708 1605 1773 nominatim
1666 1711 1995 1772 recensent
2044 1707 2337 1772 nonnulla
2385 1709 2420 1771 h·

366 1807 553 1881 daria,
617 1807 869 1871 fuerunt
915 1807 1049 1871 isti:
1116 1807 1471 1893 Dionysius
1529 1805 1958 1892 Areopaqita,
2021 1806 2420 1882 Hierotheus,

367 1915 585 1983 vester,
634 1904 1030 1968 Athanasius
1079 1903 1586 1984 Alea-andriam,
1643 1901 1923 1990 Cyrillus
1971 1903 2420 1990 Hierosolyma

368 2003 684 2088 Ephraim
732 2002 950 2089 Syme,
997 2002 1286 2066 Basilius
1338 2000 1799 2084 Caesarcemis,
1871 1999 2213 2086 Greqorius
2265 2003 2420 2089 Nym

373 2100 719 2188 Greyorius
774 2100 1141 2186 Theoloyus,
1191 2101 1597 2187 Epiphanius
1652 2097 1946 2185 Cyprius,
2009 2100 2068 2163 J
2065 2123 2300 2165 oannes
2354 2098 2420 2164 C)

368 2209 626 2277 stemus,
692 2210 753 2264 et
806 2196 1086 2286 Cyrillus
1146 2197 1650 2264 Alea-andriam.
1741 2198 2014 2278 Quorum
2078 2198 2306 2263 festum
2371 2205 2420 2263 el

369 2300 627 2364 seorsim
680 2299 1045 2376 celebretur,
1104 2302 1312 2362 tamen
1361 2297 1463 2363 hic
1512 2317 1757 2381 quoque
1810 2297 1993 2361 simul
2044 2316 2420 2363 commemor

370 2417 506 2462 cum
554 2397 896 2481 discipulis,
948 2417 1019 2462 eo
1069 2397 1234 2481 quod
1266 2396 1639 2480 apostolicae
1672 2396 1990 2460 doctrinae
2024 2396 2259 2461 lumina
2299 2398 2420 2461 exti

369 2497 716 2579 primitivae
787 2494 1121 2562 Ecclesiae.
1216 2495 1457 2560 Horum
1525 2500 1731 2560 autem
1805 2495 2170 2559 memoriam
2243 2495 2420 2560 Kalcr

371 2595 727 2660 immediate
774 2600 914 2680 post
959 2594 1266 2660 Ananiam
1317 2594 1719 2678 subjungunt,
1771 2597 1903 2656 tum
1952 2594 2331 2676 reliquorum
2380 2615 2420 2658 a=

373 2693 640 2770 nomina,
692 2699 752 2759 at
798 2715 911 2758 nos
961 2699 1274 2778 postremo
1322 2692 1456 2757 loco
1506 2691 1962 2768 collocavimuS,
2013 2713 2091 2756 ne
2141 2692 2420 2776 abrump‹

372 2792 517 2855 ordo
568 2793 889 2856 nominum
939 2792 1403 2876 discipulorum.

547 3024 788 3089 Feria
840 3025 910 3091 V.
961 3026 1213 3088 Festum
1261 3025 1564 3111 Dionysii
1610 3023 2059 3110 Areopayitae,
2110 3035 2167 3088 ct
2214 3049 2292 3091 88.
2346 3025 2420 3112 Α]

376 3118 575 3184 lorum
629 3123 935 3185 Timothei
981 3133 1040 3185 et
1093 3123 1243 3200 Titi,
1295 3120 1682 3207 aliorumque
1730 3123 2184 3208 discipulorum
2230 3125 2420 3188 Pauli

550 3247 848 3330 Sancfum
911 3266 1291 3352 Dionysium
1337 3270 1692 3351 Areopa9.,
1772 3267 2131 3350 episcopum
2199 3268 2420 3333 Athen:

379 3360 598 3429 Mart.
650 3362 855 3428 Rom.
906 3365 965 3429 d.
1016 3365 1076 3428 9.
1130 3365 1263 3430 Oct.
1314 3364 1605 3441 collocat;
1657 3364 1852 3428 Men.
1905 3366 2176 3431 Graec..
2227 3369 2420 3433 d.3.‹

353 3461 640 3538 ,mensis;
707 3462 912 3529 Arm.
975 3464 1036 3529 d.
1084 3464 1148 3529 4.
1199 3503 1282 3508 —
1357 3463 1679 3540 Timothei,
1748 3463 2035 3546 discipuli
2084 3486 2132 3530 s.
2183 3466 2378 3543 Pauli,

379 3557 648 3641 episcopi
709 3558 978 3642 Ephesi,
1047 3567 1214 3626 extat
1277 3561 1783 3626 commemoratio
1847 3562 1906 3625 in
1957 3563 2187 3630 Mart.
2241 3564 2420 3630 Rom

380 3654 435 3717 d.
486 3656 590 3721 24.
641 3656 952 3734 Januarii;
1004 3664 1064 3724 at
1113 3660 1172 3723 in
1223 3660 1418 3724 Men.
1471 3660 1743 3725 Graec,
1795 3666 1856 3724 et
1902 3663 1957 3724 A
1979 3682 2106 3728 rm.
2157 3663 2213 3727 d.
2267 3663 2371 3728 22.
2416 3693 2420 3720 ⁴

387 3754 637 3818 mensis.
704 3792 776 3802 —
851 3757 1062 3821 Titum
1122 3758 1398 3841 ejusdem
1460 3758 1634 3823 Pauli
1698 3758 2067 3841 discipulum
2103 3781 2203 3824 ⁴ac
2253 3761 2420 3844 episc

384 3847 595 3915 Cretae
643 3860 1088 3919 commemorat
1123 3855 1348 3923 Mart.
1402 3856 1610 3922 Rom.
1662 3858 1721 3923 d.
1773 3857 1834 3920 4.
1887 3857 2048 3935 .Jan.,
2100 3857 2296 3926 Men.
2339 3859 2420 3924 G]

387 3946 443 4011 d.
493 3949 595 4014 25.
647 3951 847 4036 Aug.;
915 3954 1025 4017 sed
1073 3954 1278 4018 Arm.
1346 3955 1404 4019 d.
1457 3954 1561 4019 29.
1612 3954 1783 4018 Julii.
1880 3954 1992 4018 His
2042 3956 2276 4020 addunt
2322 3977 2420 4020 nol

389 4044 785 4116 Kalendaria:
852 4049 1242 4137 aliorumque
1290 4050 1745 4138 discipulorum
1794 4053 2018 4133 Pauli,
2087 4053 2300 4137 quales
2363 4054 2420 4119 fu

387 4142 735 4231 Archippus
782 4153 842 4212 et
891 4150 1233 4230 Philemon,
1283 4151 1397 4215 sub
1446 4150 1699 4216 Nerone
1745 4152 1808 4215 in
1856 4150 2137 4236 Phrygia
2184 4155 2419 4235 martyr

390 4239 545 4318 secti,
594 4244 668 4308 de
716 4246 941 4329 quibus
990 4247 1216 4312 Mart.
1271 4247 1471 4315 Rom.
1524 4250 1581 4314 d.
1634 4250 1739 4315 20.
1792 4247 2040 4322 Martii;
2093 4249 2285 4314 Men.
2339 4252 2420 4315 G]

561 4401 601 4467 ¹)
638 4404 699 4457 H.
738 4367 879 4474 Mt,
918 4405 1050 4476 quod
1087 4423 1187 4460 non
1213 4407 1551 4476 intelligebat,
1594 4410 1721 4462 falsa
1748 4410 2177 4476 interpretatione
2205 4410 2420 4463 reddidit

396 4480 605 4548 Apostel
636 4486 705 4555 (p.
745 4486 892 4552 257).

492 4590 722 4641 Nilles.
761 4591 1154 4661 Ἑορτολόγιον,
1195 4600 1264 4646 11.
1344 4598 1484 4647 Edit.
1522 4613 1625 4647 sec.
2331 4599 2399 4649 39
