<?xml version="1.0" encoding="UTF-8"?>
<!DOCTYPE html PUBLIC "-//W3C//DTD XHTML 1.0 Transitional//EN"
    "http://www.w3.org/TR/xhtml1/DTD/xhtml1-transitional.dtd">
<html xmlns="http://www.w3.org/1999/xhtml" xml:lang="en" lang="en">
 <head>
  <title>
</title>
<meta http-equiv="Content-Type" content="text/html;charset=utf-8" />
  <meta name='ocr-system' content='tesseract 3.04.00' />
  <meta name='ocr-capabilities' content='ocr_page ocr_carea ocr_par ocr_line ocrx_word'/>
</head>
<body>
  <div class='ocr_page' id='page_1' title='image "./kalendariummanu00nillgoog_0542.png"; bbox 0 0 3514 5391; ppageno 0'>
   <div class='ocr_carea' id='block_1_1' title="bbox 891 518 2494 598">
    <p class='ocr_par' dir='ltr' id='par_1_1' title="bbox 891 518 2494 598">
     <span class='ocr_line' id='line_1_1' title="bbox 891 518 2494 598; baseline 0.004 -20"><span class='ocrx_word' id='word_1_1' title='bbox 891 519 999 579; x_wconf 78' lang='lat'><strong>500</strong></span> <span class='ocrx_word' id='word_1_2' title='bbox 1537 518 1697 581; x_wconf 80' lang='lat' dir='ltr'><strong>Festa</strong></span> <span class='ocrx_word' id='word_1_3' title='bbox 1732 521 1941 582; x_wconf 85' lang='lat' dir='ltr'><strong>mobilia</strong></span> <span class='ocrx_word' id='word_1_4' title='bbox 1978 532 2099 598; x_wconf 87' lang='lat' dir='ltr'><strong>post</strong></span> <span class='ocrx_word' id='word_1_5' title='bbox 2133 521 2494 584; x_wconf 75' lang='lat' dir='ltr'><strong>Pentecosten.</strong></span> 
     </span>
    </p>
   </div>
   <div class='ocr_carea' id='block_1_2' title="bbox 1004 637 1263 644">
    <p class='ocr_par' dir='ltr' id='par_1_2' title="bbox 1004 637 1263 644">
     <span class='ocr_line' id='line_1_2' title="bbox 1004 637 1263 644; baseline 0 0"><span class='ocrx_word' id='word_1_6' title='bbox 1004 637 1263 644; x_wconf 95' lang='lat' dir='ltr'><strong> </strong></span> 
     </span>
    </p>
   </div>
   <div class='ocr_carea' id='block_1_3' title="bbox 1666 640 1826 645">
    <p class='ocr_par' dir='ltr' id='par_1_3' title="bbox 1666 640 1826 645">
     <span class='ocr_line' id='line_1_3' title="bbox 1666 640 1826 645; baseline 0 0"><span class='ocrx_word' id='word_1_7' title='bbox 1666 640 1826 645; x_wconf 95' lang='lat' dir='ltr'><strong> </strong></span> 
     </span>
    </p>
   </div>
   <div class='ocr_carea' id='block_1_4' title="bbox 1845 639 2188 647">
    <p class='ocr_par' dir='ltr' id='par_1_4' title="bbox 1845 639 2188 647">
     <span class='ocr_line' id='line_1_4' title="bbox 1845 639 2188 647; baseline 0 4744"><span class='ocrx_word' id='word_1_8' title='bbox 1845 639 2188 647; x_wconf 95' lang='lat' dir='ltr'><strong> </strong></span> 
     </span>
    </p>
   </div>
   <div class='ocr_carea' id='block_1_5' title="bbox 881 725 3126 1795">
    <p class='ocr_par' dir='ltr' id='par_1_5' title="bbox 881 725 3126 1795">
     <span class='ocr_line' id='line_1_5' title="bbox 1073 725 3119 794; baseline -0 -1"><span class='ocrx_word' id='word_1_9' title='bbox 1073 727 1249 793; x_wconf 89' lang='lat' dir='ltr'><strong>Haec</strong></span> <span class='ocrx_word' id='word_1_10' title='bbox 1298 730 1507 793; x_wconf 91' lang='lat' dir='ltr'><strong>autem</strong></span> <span class='ocrx_word' id='word_1_11' title='bbox 1555 727 1765 793; x_wconf 89' lang='lat' dir='ltr'><strong>omnia</strong></span> <span class='ocrx_word' id='word_1_12' title='bbox 1813 727 2017 793; x_wconf 89' lang='lat' dir='ltr'><strong>animo</strong></span> <span class='ocrx_word' id='word_1_13' title='bbox 2046 725 2327 793; x_wconf 82' lang='lat' dir='ltr'><strong>recolens</strong></span> <span class='ocrx_word' id='word_1_14' title='bbox 2361 725 2806 794; x_wconf 74' lang='lat' dir='ltr'><strong>Sanctissimae</strong></span> <span class='ocrx_word' id='word_1_15' title='bbox 2834 728 3119 794; x_wconf 85' lang='lat' dir='ltr'><strong>Dominus</strong></span> 
     </span>
     <span class='ocr_line' id='line_1_6' title="bbox 895 823 3122 909; baseline 0.001 -21"><span class='ocrx_word' id='word_1_16' title='bbox 895 823 1129 889; x_wconf 87' lang='lat' dir='ltr'><strong>Noster</strong></span> <span class='ocrx_word' id='word_1_17' title='bbox 1175 823 1303 889; x_wconf 89' lang='lat' dir='ltr'><strong>Leo</strong></span> <span class='ocrx_word' id='word_1_18' title='bbox 1351 823 1526 908; x_wconf 88' lang='lat' dir='ltr'><strong>Papa</strong></span> <span class='ocrx_word' id='word_1_19' title='bbox 1570 824 1768 901; x_wconf 67' lang='lat' dir='ltr'><strong>XIII„</strong></span> <span class='ocrx_word' id='word_1_20' title='bbox 1820 844 1942 908; x_wconf 88' lang='lat' dir='ltr'><strong>quo</strong></span> <span class='ocrx_word' id='word_1_21' title='bbox 1991 844 2139 890; x_wconf 90' lang='lat' dir='ltr'><strong>suae</strong></span> <span class='ocrx_word' id='word_1_22' title='bbox 2186 825 2555 908; x_wconf 89' lang='lat' dir='ltr'><strong>praesertim</strong></span> <span class='ocrx_word' id='word_1_23' title='bbox 2601 825 2944 892; x_wconf 86' lang='lat' dir='ltr'><strong>devotionis</strong></span> <span class='ocrx_word' id='word_1_24' title='bbox 2991 844 3122 909; x_wconf 80' lang='lat' dir='ltr'><strong>erga</strong></span> 
     </span>
     <span class='ocr_line' id='line_1_7' title="bbox 902 919 3120 1008; baseline 0.001 -23"><span class='ocrx_word' id='word_1_25' title='bbox 902 919 1200 986; x_wconf 88' lang='lat' dir='ltr'><strong>Sanctum</strong></span> <span class='ocrx_word' id='word_1_26' title='bbox 1248 921 1559 998; x_wconf 87' lang='lat' dir='ltr'><strong>Joachim,</strong></span> <span class='ocrx_word' id='word_1_27' title='bbox 1611 922 1789 1005; x_wconf 89' lang='lat' dir='ltr'><strong>cujus</strong></span> <span class='ocrx_word' id='word_1_28' title='bbox 1836 924 2085 1001; x_wconf 83' lang='lat' dir='ltr'><strong>nomine</strong></span> <span class='ocrx_word' id='word_1_29' title='bbox 2132 923 2268 1006; x_wconf 88' lang='lat' dir='ltr'><strong>ipse</strong></span> <span class='ocrx_word' id='word_1_30' title='bbox 2298 922 2598 1008; x_wconf 85' lang='lat' dir='ltr'><strong>gloriatur</strong></span> <span class='ocrx_word' id='word_1_31' title='bbox 2646 928 2707 989; x_wconf 90' lang='lat' dir='ltr'><strong>et</strong></span> <span class='ocrx_word' id='word_1_32' title='bbox 2753 926 2921 1008; x_wconf 86' lang='lat' dir='ltr'><strong>quod</strong></span> <span class='ocrx_word' id='word_1_33' title='bbox 2951 923 3120 987; x_wconf 83' lang='lat' dir='ltr'><strong>Prae·</strong></span> 
     </span>
     <span class='ocr_line' id='line_1_8' title="bbox 881 1020 3120 1105; baseline 0.001 -24"><span class='ocrx_word' id='word_1_34' title='bbox 881 1020 1150 1104; x_wconf 77' lang='lat' dir='ltr'><strong>paratio</strong></span> <span class='ocrx_word' id='word_1_35' title='bbox 1197 1020 1462 1083; x_wconf 79' lang='lat' dir='ltr'><strong>Domini</strong></span> <span class='ocrx_word' id='word_1_36' title='bbox 1508 1021 1980 1105; x_wconf 88' lang='lat' dir='ltr'><strong>interpretatur,</strong></span> <span class='ocrx_word' id='word_1_37' title='bbox 2047 1021 2453 1105; x_wconf 87' lang='lat' dir='ltr'><strong>conspicuum</strong></span> <span class='ocrx_word' id='word_1_38' title='bbox 2514 1020 2805 1087; x_wconf 78' lang='lat' dir='ltr'><strong>exhibeat</strong></span> <span class='ocrx_word' id='word_1_39' title='bbox 2860 1022 3120 1087; x_wconf 88' lang='lat' dir='ltr'><strong>testimo·</strong></span> 
     </span>
     <span class='ocr_line' id='line_1_9' title="bbox 898 1117 3123 1204; baseline 0 -23"><span class='ocrx_word' id='word_1_40' title='bbox 898 1117 1090 1195; x_wconf 89' lang='lat' dir='ltr'><strong>nium,</strong></span> <span class='ocrx_word' id='word_1_41' title='bbox 1141 1118 1413 1184; x_wconf 89' lang='lat' dir='ltr'><strong>confisus</strong></span> <span class='ocrx_word' id='word_1_42' title='bbox 1460 1118 1594 1184; x_wconf 87' lang='lat' dir='ltr'><strong>fore</strong></span> <span class='ocrx_word' id='word_1_43' title='bbox 1659 1124 1730 1183; x_wconf 88' lang='lat' dir='ltr'><strong>ut</strong></span> <span class='ocrx_word' id='word_1_44' title='bbox 1775 1118 1941 1184; x_wconf 90' lang='lat' dir='ltr'><strong>illius</strong></span> <span class='ocrx_word' id='word_1_45' title='bbox 1989 1124 2170 1184; x_wconf 88' lang='lat' dir='ltr'><strong>aucto</strong></span> <span class='ocrx_word' id='word_1_46' title='bbox 2218 1119 2386 1184; x_wconf 87' lang='lat' dir='ltr'><strong>cultu</strong></span> <span class='ocrx_word' id='word_1_47' title='bbox 2435 1119 2848 1203; x_wconf 80' lang='lat' dir='ltr'><strong>patrocinium</strong></span> <span class='ocrx_word' id='word_1_48' title='bbox 2893 1138 3123 1204; x_wconf 86' lang='lat' dir='ltr'><strong>quoque</strong></span> 
     </span>
     <span class='ocr_line' id='line_1_10' title="bbox 896 1215 3124 1302; baseline 0 -23"><span class='ocrx_word' id='word_1_49' title='bbox 896 1215 1156 1281; x_wconf 88' lang='lat' dir='ltr'><strong>validius</strong></span> <span class='ocrx_word' id='word_1_50' title='bbox 1217 1217 1556 1300; x_wconf 81' lang='lat' dir='ltr'><strong>persentiat</strong></span> <span class='ocrx_word' id='word_1_51' title='bbox 1618 1217 1928 1295; x_wconf 82' lang='lat' dir='ltr'><strong>Ecclesia,</strong></span> <span class='ocrx_word' id='word_1_52' title='bbox 1998 1222 2170 1282; x_wconf 89' lang='lat' dir='ltr'><strong>motu</strong></span> <span class='ocrx_word' id='word_1_53' title='bbox 2219 1217 2469 1302; x_wconf 90' lang='lat' dir='ltr'><strong>proprio</strong></span> <span class='ocrx_word' id='word_1_54' title='bbox 2517 1218 2850 1296; x_wconf 89' lang='lat' dir='ltr'><strong>mandavit,</strong></span> <span class='ocrx_word' id='word_1_55' title='bbox 2917 1222 2987 1283; x_wconf 92' lang='lat' dir='ltr'><strong>ut</strong></span> <span class='ocrx_word' id='word_1_56' title='bbox 3031 1236 3124 1301; x_wconf 90' lang='lat' dir='ltr'><strong>per</strong></span> 
     </span>
     <span class='ocr_line' id='line_1_11' title="bbox 904 1313 3121 1401; baseline 0.001 -24"><span class='ocrx_word' id='word_1_57' title='bbox 904 1334 1201 1396; x_wconf 86' lang='lat' dir='ltr'><strong>praesens</strong></span> <span class='ocrx_word' id='word_1_58' title='bbox 1249 1313 1587 1380; x_wconf 78' lang='lat' dir='ltr'><strong>Decretum</strong></span> <span class='ocrx_word' id='word_1_59' title='bbox 1635 1316 1970 1381; x_wconf 85' lang='lat' dir='ltr'><strong>Sacrorum</strong></span> <span class='ocrx_word' id='word_1_60' title='bbox 2016 1314 2274 1381; x_wconf 88' lang='lat' dir='ltr'><strong>Rituum</strong></span> <span class='ocrx_word' id='word_1_61' title='bbox 2321 1313 2834 1401; x_wconf 86' lang='lat' dir='ltr'><strong>Congregationis</strong></span> <span class='ocrx_word' id='word_1_62' title='bbox 2879 1315 3121 1380; x_wconf 84' lang='lat' dir='ltr'><strong>Festum</strong></span> 
     </span>
     <span class='ocr_line' id='line_1_12' title="bbox 898 1412 3124 1498; baseline -0 -20"><span class='ocrx_word' id='word_1_63' title='bbox 898 1412 1107 1478; x_wconf 82' lang='lat' dir='ltr'><strong>Sancti</strong></span> <span class='ocrx_word' id='word_1_64' title='bbox 1154 1413 1462 1493; x_wconf 87' lang='lat' dir='ltr'><strong>Joachim,</strong></span> <span class='ocrx_word' id='word_1_65' title='bbox 1514 1414 1841 1479; x_wconf 89' lang='lat' dir='ltr'><strong>Dominica</strong></span> <span class='ocrx_word' id='word_1_66' title='bbox 1888 1415 2050 1479; x_wconf 86' lang='lat' dir='ltr'><strong>infra</strong></span> <span class='ocrx_word' id='word_1_67' title='bbox 2082 1413 2377 1479; x_wconf 86' lang='lat' dir='ltr'><strong>Octavam</strong></span> <span class='ocrx_word' id='word_1_68' title='bbox 2411 1413 2718 1498; x_wconf 88' lang='lat' dir='ltr'><strong>Deiparae</strong></span> <span class='ocrx_word' id='word_1_69' title='bbox 2747 1414 3124 1498; x_wconf 88' lang='lat' dir='ltr'><strong>Assumptio·</strong></span> 
     </span>
     <span class='ocr_line' id='line_1_13' title="bbox 899 1511 3124 1597; baseline -0 -21"><span class='ocrx_word' id='word_1_70' title='bbox 899 1513 993 1577; x_wconf 92' lang='lat' dir='ltr'><strong>nis</strong></span> <span class='ocrx_word' id='word_1_71' title='bbox 1042 1532 1395 1591; x_wconf 79' lang='lat' dir='ltr'><strong>occurrenS,</strong></span> <span class='ocrx_word' id='word_1_72' title='bbox 1446 1533 1562 1578; x_wconf 85' lang='lat' dir='ltr'><strong>uec</strong></span> <span class='ocrx_word' id='word_1_73' title='bbox 1608 1534 1733 1578; x_wconf 89' lang='lat' dir='ltr'><strong>non</strong></span> <span class='ocrx_word' id='word_1_74' title='bbox 1783 1513 2043 1578; x_wconf 86' lang='lat' dir='ltr'><strong>Festum</strong></span> <span class='ocrx_word' id='word_1_75' title='bbox 2092 1511 2359 1579; x_wconf 85' lang='lat' dir='ltr'><strong>Sanctae</strong></span> <span class='ocrx_word' id='word_1_76' title='bbox 2407 1512 2652 1589; x_wconf 81' lang='lat' dir='ltr'><strong>Annae,</strong></span> <span class='ocrx_word' id='word_1_77' title='bbox 2704 1532 2846 1577; x_wconf 89' lang='lat' dir='ltr'><strong>cum</strong></span> <span class='ocrx_word' id='word_1_78' title='bbox 2894 1513 3029 1597; x_wconf 89' lang='lat' dir='ltr'><strong>ipso</strong></span> <span class='ocrx_word' id='word_1_79' title='bbox 3072 1511 3124 1575; x_wconf 91' lang='lat' dir='ltr'><strong>in</strong></span> 
     </span>
     <span class='ocr_line' id='line_1_14' title="bbox 900 1608 3126 1694; baseline -0.002 -18"><span class='ocrx_word' id='word_1_80' title='bbox 900 1612 1119 1676; x_wconf 90' lang='lat' dir='ltr'><strong>eodem</strong></span> <span class='ocrx_word' id='word_1_81' title='bbox 1163 1611 1400 1677; x_wconf 89' lang='lat' dir='ltr'><strong>honore</strong></span> <span class='ocrx_word' id='word_1_82' title='bbox 1448 1612 1736 1687; x_wconf 85' lang='lat' dir='ltr'><strong>sociatae,</strong></span> <span class='ocrx_word' id='word_1_83' title='bbox 1787 1611 1906 1676; x_wconf 88' lang='lat' dir='ltr'><strong>diei</strong></span> <span class='ocrx_word' id='word_1_84' title='bbox 1956 1611 2061 1677; x_wconf 81' lang='lat'><strong>26.</strong></span> <span class='ocrx_word' id='word_1_85' title='bbox 2110 1611 2264 1676; x_wconf 85' lang='lat' dir='ltr'><strong>Julii</strong></span> <span class='ocrx_word' id='word_1_86' title='bbox 2315 1611 2593 1689; x_wconf 80' lang='lat' dir='ltr'><strong>affixum,</strong></span> <span class='ocrx_word' id='word_1_87' title='bbox 2660 1631 2697 1675; x_wconf 87' lang='lat' dir='ltr'><strong>a</strong></span> <span class='ocrx_word' id='word_1_88' title='bbox 2743 1611 2862 1675; x_wconf 89' lang='lat' dir='ltr'><strong>ritu</strong></span> <span class='ocrx_word' id='word_1_89' title='bbox 2911 1608 3126 1694; x_wconf 83' lang='lat' dir='ltr'><strong>duplici</strong></span> 
     </span>
     <span class='ocr_line' id='line_1_15' title="bbox 900 1707 3126 1795; baseline -0.001 -22"><span class='ocrx_word' id='word_1_90' title='bbox 900 1709 1116 1793; x_wconf 88' lang='lat' dir='ltr'><strong>majori</strong></span> <span class='ocrx_word' id='word_1_91' title='bbox 1166 1710 1242 1775; x_wconf 86' lang='lat' dir='ltr'><strong>ad</strong></span> <span class='ocrx_word' id='word_1_92' title='bbox 1289 1710 1480 1775; x_wconf 88' lang='lat' dir='ltr'><strong>ritum</strong></span> <span class='ocrx_word' id='word_1_93' title='bbox 1528 1710 1812 1795; x_wconf 89' lang='lat' dir='ltr'><strong>Duplicis</strong></span> <span class='ocrx_word' id='word_1_94' title='bbox 1860 1710 2172 1775; x_wconf 86' lang='lat' dir='ltr'><strong>secundae</strong></span> <span class='ocrx_word' id='word_1_95' title='bbox 2220 1709 2437 1774; x_wconf 89' lang='lat' dir='ltr'><strong>classis</strong></span> <span class='ocrx_word' id='word_1_96' title='bbox 2485 1709 2836 1786; x_wconf 81' lang='lat' dir='ltr'><strong>eleventur,</strong></span> <span class='ocrx_word' id='word_1_97' title='bbox 2906 1728 2978 1773; x_wconf 84' lang='lat' dir='ltr'><strong>ac</strong></span> <span class='ocrx_word' id='word_1_98' title='bbox 3022 1707 3126 1773; x_wconf 85' lang='lat' dir='ltr'><strong>sub</strong></span> 
     </span>
    </p>
   </div>
   <div class='ocr_carea' id='block_1_6' title="bbox 899 1805 3128 1971">
    <p class='ocr_par' dir='ltr' id='par_1_6' title="bbox 899 1805 3128 1971">
     <span class='ocr_line' id='line_1_16' title="bbox 899 1805 3128 1891; baseline -0 -20"><span class='ocrx_word' id='word_1_99' title='bbox 899 1806 1003 1871; x_wconf 91' lang='lat' dir='ltr'><strong>tali</strong></span> <span class='ocrx_word' id='word_1_100' title='bbox 1063 1808 1185 1873; x_wconf 89' lang='lat' dir='ltr'><strong>ritu</strong></span> <span class='ocrx_word' id='word_1_101' title='bbox 1242 1809 1304 1872; x_wconf 92' lang='lat' dir='ltr'><strong>in</strong></span> <span class='ocrx_word' id='word_1_102' title='bbox 1352 1808 1727 1873; x_wconf 82' lang='lat' dir='ltr'><strong>Kalendario</strong></span> <span class='ocrx_word' id='word_1_103' title='bbox 1795 1809 2117 1874; x_wconf 87' lang='lat' dir='ltr'><strong>universae</strong></span> <span class='ocrx_word' id='word_1_104' title='bbox 2185 1807 2504 1873; x_wconf 84' lang='lat' dir='ltr'><strong>Ecclesiae</strong></span> <span class='ocrx_word' id='word_1_105' title='bbox 2564 1807 2862 1891; x_wconf 86' lang='lat' dir='ltr'><strong>deinceps</strong></span> <span class='ocrx_word' id='word_1_106' title='bbox 2923 1805 3128 1873; x_wconf 88' lang='lat' dir='ltr'><strong>inscri-</strong></span> 
     </span>
     <span class='ocr_line' id='line_1_17' title="bbox 903 1905 1184 1971; baseline 0 -2"><span class='ocrx_word' id='word_1_107' title='bbox 903 1905 1184 1971; x_wconf 85' lang='lat' dir='ltr'><strong>bantur.“</strong></span> 
     </span>
    </p>
   </div>
   <div class='ocr_carea' id='block_1_7' title="bbox 1082 2173 2828 2262">
    <p class='ocr_par' dir='ltr' id='par_1_7' title="bbox 1082 2173 2828 2262">
     <span class='ocr_line' id='line_1_18' title="bbox 1082 2173 2828 2262; baseline 0.001 -25"><span class='ocrx_word' id='word_1_108' title='bbox 1082 2174 1179 2237; x_wconf 87' lang='lat' dir='ltr'><strong>De</strong></span> <span class='ocrx_word' id='word_1_109' title='bbox 1223 2174 1387 2256; x_wconf 77' lang='lat' dir='ltr'><strong>festo</strong></span> <span class='ocrx_word' id='word_1_110' title='bbox 1423 2176 1764 2262; x_wconf 78' lang='lat' dir='ltr'><strong>purissimi</strong></span> <span class='ocrx_word' id='word_1_111' title='bbox 1816 2173 2041 2239; x_wconf 58' lang='lat' dir='ltr'><strong>Coi-dis</strong></span> <span class='ocrx_word' id='word_1_112' title='bbox 2087 2174 2161 2237; x_wconf 88' lang='lat' dir='ltr'><strong>B.</strong></span> <span class='ocrx_word' id='word_1_113' title='bbox 2226 2174 2504 2260; x_wconf 69' lang='lat' dir='ltr'><strong>Virginis</strong></span> <span class='ocrx_word' id='word_1_114' title='bbox 2553 2173 2828 2238; x_wconf 78' lang='lat' dir='ltr'><strong>Mariae.</strong></span> 
     </span>
    </p>
   </div>
   <div class='ocr_carea' id='block_1_8' title="bbox 858 2314 3135 2796">
    <p class='ocr_par' dir='ltr' id='par_1_8' title="bbox 858 2314 3135 2796">
     <span class='ocr_line' id='line_1_19' title="bbox 1084 2314 3131 2402; baseline -0.001 -21"><span class='ocrx_word' id='word_1_115' title='bbox 1084 2314 1431 2382; x_wconf 80' lang='lat' dir='ltr'><strong>Constituto</strong></span> <span class='ocrx_word' id='word_1_116' title='bbox 1481 2318 1670 2383; x_wconf 84' lang='lat' dir='ltr'><strong>semel</strong></span> <span class='ocrx_word' id='word_1_117' title='bbox 1705 2318 1770 2382; x_wconf 88' lang='lat' dir='ltr'><strong>in</strong></span> <span class='ocrx_word' id='word_1_118' title='bbox 1799 2317 2098 2395; x_wconf 82' lang='lat' dir='ltr'><strong>Ecclesia,</strong></span> <span class='ocrx_word' id='word_1_119' title='bbox 2147 2317 2397 2382; x_wconf 87' lang='lat' dir='ltr'><strong>afflante</strong></span> <span class='ocrx_word' id='word_1_120' title='bbox 2431 2316 2663 2402; x_wconf 86' lang='lat' dir='ltr'><strong>Spiritu</strong></span> <span class='ocrx_word' id='word_1_121' title='bbox 2695 2322 2928 2393; x_wconf 87' lang='lat' dir='ltr'><strong>sancto,</strong></span> <span class='ocrx_word' id='word_1_122' title='bbox 2980 2314 3131 2380; x_wconf 86' lang='lat' dir='ltr'><strong>cultu</strong></span> 
     </span>
     <span class='ocr_line' id='line_1_20' title="bbox 858 2413 3130 2500; baseline -0.002 -21"><span class='ocrx_word' id='word_1_123' title='bbox 858 2455 862 2459; x_wconf 93' lang='lat'>-</span> <span class='ocrx_word' id='word_1_124' title='bbox 912 2434 982 2479; x_wconf 89' lang='lat' dir='ltr'><strong>ac</strong></span> <span class='ocrx_word' id='word_1_125' title='bbox 1030 2414 1191 2479; x_wconf 85' lang='lat' dir='ltr'><strong>festo</strong></span> <span class='ocrx_word' id='word_1_126' title='bbox 1240 2413 1627 2481; x_wconf 87' lang='lat' dir='ltr'><strong>Sanctissimi</strong></span> <span class='ocrx_word' id='word_1_127' title='bbox 1678 2416 1896 2481; x_wconf 84' lang='lat' dir='ltr'><strong>Cordis</strong></span> <span class='ocrx_word' id='word_1_128' title='bbox 1926 2415 2098 2493; x_wconf 87' lang='lat' dir='ltr'><strong>Jesu,</strong></span> <span class='ocrx_word' id='word_1_129' title='bbox 2150 2434 2539 2500; x_wconf 88' lang='lat' dir='ltr'><strong>consequens</strong></span> <span class='ocrx_word' id='word_1_130' title='bbox 2570 2419 2720 2491; x_wconf 85' lang='lat' dir='ltr'><strong>erat,</strong></span> <span class='ocrx_word' id='word_1_131' title='bbox 2769 2418 2838 2478; x_wconf 89' lang='lat' dir='ltr'><strong>ut</strong></span> <span class='ocrx_word' id='word_1_132' title='bbox 2870 2413 3130 2495; x_wconf 87' lang='lat' dir='ltr'><strong>ejusdem</strong></span> 
     </span>
     <span class='ocr_line' id='line_1_21' title="bbox 905 2509 3133 2597; baseline -0.001 -20"><span class='ocrx_word' id='word_1_133' title='bbox 905 2513 1169 2597; x_wconf 87' lang='lat' dir='ltr'><strong>Spiritus</strong></span> <span class='ocrx_word' id='word_1_134' title='bbox 1230 2514 1522 2579; x_wconf 88' lang='lat' dir='ltr'><strong>instinctu</strong></span> <span class='ocrx_word' id='word_1_135' title='bbox 1587 2516 2067 2580; x_wconf 86' lang='lat' dir='ltr'><strong>constitueretur</strong></span> <span class='ocrx_word' id='word_1_136' title='bbox 2127 2517 2314 2580; x_wconf 88' lang='lat' dir='ltr'><strong>etiam</strong></span> <span class='ocrx_word' id='word_1_137' title='bbox 2363 2513 2566 2579; x_wconf 89' lang='lat' dir='ltr'><strong>cultus</strong></span> <span class='ocrx_word' id='word_1_138' title='bbox 2624 2532 2695 2577; x_wconf 90' lang='lat' dir='ltr'><strong>ac</strong></span> <span class='ocrx_word' id='word_1_139' title='bbox 2741 2512 2974 2577; x_wconf 88' lang='lat' dir='ltr'><strong>festum</strong></span> <span class='ocrx_word' id='word_1_140' title='bbox 3018 2509 3133 2574; x_wconf 90' lang='lat' dir='ltr'><strong>Pu-</strong></span> 
     </span>
     <span class='ocr_line' id='line_1_22' title="bbox 904 2610 3134 2700; baseline -0.003 -24"><span class='ocrx_word' id='word_1_141' title='bbox 904 2613 1136 2677; x_wconf 89' lang='lat' dir='ltr'><strong>rissimi</strong></span> <span class='ocrx_word' id='word_1_142' title='bbox 1183 2610 1400 2677; x_wconf 83' lang='lat' dir='ltr'><strong>Cordis</strong></span> <span class='ocrx_word' id='word_1_143' title='bbox 1448 2613 1718 2692; x_wconf 88' lang='lat' dir='ltr'><strong>Mariae;</strong></span> <span class='ocrx_word' id='word_1_144' title='bbox 1788 2614 1849 2678; x_wconf 88' lang='lat' dir='ltr'><strong>id</strong></span> <span class='ocrx_word' id='word_1_145' title='bbox 1897 2614 2060 2678; x_wconf 90' lang='lat' dir='ltr'><strong>enim</strong></span> <span class='ocrx_word' id='word_1_146' title='bbox 2112 2632 2361 2700; x_wconf 86' lang='lat' dir='ltr'><strong>semper</strong></span> <span class='ocrx_word' id='word_1_147' title='bbox 2424 2613 2660 2677; x_wconf 84' lang='lat' dir='ltr'><strong>factum</strong></span> <span class='ocrx_word' id='word_1_148' title='bbox 2706 2611 3016 2687; x_wconf 83' lang='lat' dir='ltr'><strong>videmus‘,</strong></span> <span class='ocrx_word' id='word_1_149' title='bbox 3077 2614 3134 2670; x_wconf 86' lang='lat' dir='ltr'><strong>ut</strong></span> 
     </span>
     <span class='ocr_line' id='line_1_23' title="bbox 911 2708 3135 2796; baseline -0.002 -21"><span class='ocrx_word' id='word_1_150' title='bbox 911 2712 1436 2796; x_wconf 87' lang='lat' dir='ltr'><strong>quotiescunque,</strong></span> <span class='ocrx_word' id='word_1_151' title='bbox 1500 2711 1856 2777; x_wconf 88' lang='lat' dir='ltr'><strong>labentibus</strong></span> <span class='ocrx_word' id='word_1_152' title='bbox 1904 2712 2115 2790; x_wconf 82' lang='lat' dir='ltr'><strong>anniS‚</strong></span> <span class='ocrx_word' id='word_1_153' title='bbox 2179 2732 2375 2777; x_wconf 88' lang='lat' dir='ltr'><strong>novae</strong></span> <span class='ocrx_word' id='word_1_154' title='bbox 2424 2711 2743 2776; x_wconf 88' lang='lat' dir='ltr'><strong>institutae</strong></span> <span class='ocrx_word' id='word_1_155' title='bbox 2790 2711 3040 2776; x_wconf 85' lang='lat' dir='ltr'><strong>fuerunt</strong></span> <span class='ocrx_word' id='word_1_156' title='bbox 3080 2708 3135 2771; x_wconf 89' lang='lat' dir='ltr'><strong>in</strong></span> 
     </span>
    </p>
   </div>
   <div class='ocr_carea' id='block_1_9' title="bbox 913 2807 3136 2992">
    <p class='ocr_par' dir='ltr' id='par_1_9' title="bbox 913 2807 3136 2992">
     <span class='ocr_line' id='line_1_24' title="bbox 913 2807 3136 2895; baseline -0.001 -22"><span class='ocrx_word' id='word_1_157' title='bbox 913 2808 1174 2894; x_wconf 84' lang='lat' dir='ltr'><strong>gloriam</strong></span> <span class='ocrx_word' id='word_1_158' title='bbox 1225 2809 1368 2874; x_wconf 86' lang='lat' dir='ltr'><strong>Filii</strong></span> <span class='ocrx_word' id='word_1_159' title='bbox 1417 2809 1861 2887; x_wconf 86' lang='lat' dir='ltr'><strong>solemnitates,</strong></span> <span class='ocrx_word' id='word_1_160' title='bbox 1911 2810 2097 2895; x_wconf 87' lang='lat' dir='ltr'><strong>paulo</strong></span> <span class='ocrx_word' id='word_1_161' title='bbox 2129 2815 2272 2895; x_wconf 89' lang='lat' dir='ltr'><strong>post</strong></span> <span class='ocrx_word' id='word_1_162' title='bbox 2303 2809 2600 2894; x_wconf 85' lang='lat' dir='ltr'><strong>analogae</strong></span> <span class='ocrx_word' id='word_1_163' title='bbox 2634 2808 2977 2874; x_wconf 89' lang='lat' dir='ltr'><strong>celebratae</strong></span> <span class='ocrx_word' id='word_1_164' title='bbox 3006 2807 3136 2882; x_wconf 82' lang='lat' dir='ltr'><strong>sint,</strong></span> 
     </span>
     <span class='ocr_line' id='line_1_25' title="bbox 916 2907 1878 2992; baseline 0.002 -20"><span class='ocrx_word' id='word_1_165' title='bbox 916 2908 1142 2992; x_wconf 89' lang='lat' dir='ltr'><strong>quibus</strong></span> <span class='ocrx_word' id='word_1_166' title='bbox 1190 2907 1606 2973; x_wconf 85' lang='lat' dir='ltr'><strong>honoraretur</strong></span> <span class='ocrx_word' id='word_1_167' title='bbox 1654 2908 1878 2974; x_wconf 81' lang='lat' dir='ltr'><strong>Mater.</strong></span> 
     </span>
    </p>
   </div>
   <div class='ocr_carea' id='block_1_10' title="bbox 910 3031 3140 4004">
    <p class='ocr_par' dir='ltr' id='par_1_10' title="bbox 910 3031 3140 4004">
     <span class='ocr_line' id='line_1_26' title="bbox 1092 3031 3135 3118; baseline -0.002 -19"><span class='ocrx_word' id='word_1_168' title='bbox 1092 3034 1313 3099; x_wconf 85' lang='lat' dir='ltr'><strong>Officio</strong></span> <span class='ocrx_word' id='word_1_169' title='bbox 1379 3052 1545 3098; x_wconf 89' lang='lat' dir='ltr'><strong>nunc</strong></span> <span class='ocrx_word' id='word_1_170' title='bbox 1609 3034 1875 3112; x_wconf 83' lang='lat' dir='ltr'><strong>utimur,</strong></span> <span class='ocrx_word' id='word_1_171' title='bbox 1945 3034 2110 3118; x_wconf 88' lang='lat' dir='ltr'><strong>quod</strong></span> <span class='ocrx_word' id='word_1_172' title='bbox 2157 3054 2268 3118; x_wconf 91' lang='lat' dir='ltr'><strong>pro</strong></span> <span class='ocrx_word' id='word_1_173' title='bbox 2317 3033 2633 3099; x_wconf 90' lang='lat' dir='ltr'><strong>Breviario</strong></span> <span class='ocrx_word' id='word_1_174' title='bbox 2683 3031 2960 3097; x_wconf 89' lang='lat' dir='ltr'><strong>Romano</strong></span> <span class='ocrx_word' id='word_1_175' title='bbox 3005 3051 3135 3115; x_wconf 89' lang='lat' dir='ltr'><strong>pro-</strong></span> 
     </span>
     <span class='ocr_line' id='line_1_27' title="bbox 910 3130 3136 3216; baseline -0.002 -20"><span class='ocrx_word' id='word_1_176' title='bbox 910 3132 1121 3196; x_wconf 88' lang='lat' dir='ltr'><strong>batum</strong></span> <span class='ocrx_word' id='word_1_177' title='bbox 1171 3153 1209 3196; x_wconf 87' lang='lat' dir='ltr'><strong>a</strong></span> <span class='ocrx_word' id='word_1_178' title='bbox 1253 3131 1315 3198; x_wconf 81' lang='lat' dir='ltr'><strong>S.</strong></span> <span class='ocrx_word' id='word_1_179' title='bbox 1364 3130 1438 3195; x_wconf 86' lang='lat' dir='ltr'><strong>R.</strong></span> <span class='ocrx_word' id='word_1_180' title='bbox 1489 3130 1556 3198; x_wconf 82' lang='lat' dir='ltr'><strong>G.</strong></span> <span class='ocrx_word' id='word_1_181' title='bbox 1619 3132 1735 3197; x_wconf 86' lang='lat' dir='ltr'><strong>fuit</strong></span> <span class='ocrx_word' id='word_1_182' title='bbox 1783 3134 1881 3198; x_wconf 91' lang='lat' dir='ltr'><strong>die</strong></span> <span class='ocrx_word' id='word_1_183' title='bbox 1931 3132 2035 3197; x_wconf 81' lang='lat'><strong>21.</strong></span> <span class='ocrx_word' id='word_1_184' title='bbox 2086 3131 2237 3196; x_wconf 85' lang='lat' dir='ltr'><strong>Julii</strong></span> <span class='ocrx_word' id='word_1_185' title='bbox 2300 3153 2396 3196; x_wconf 88' lang='lat' dir='ltr'><strong>an.</strong></span> <span class='ocrx_word' id='word_1_186' title='bbox 2453 3130 2731 3216; x_wconf 81' lang='lat'>1857¹)‚</span> <span class='ocrx_word' id='word_1_187' title='bbox 2796 3131 3136 3213; x_wconf 85' lang='lat' dir='ltr'><strong>festumque</strong></span> 
     </span>
     <span class='ocr_line' id='line_1_28' title="bbox 911 3228 3137 3315; baseline -0.001 -21"><span class='ocrx_word' id='word_1_188' title='bbox 911 3231 1268 3315; x_wconf 83' lang='lat' dir='ltr'><strong>peragimus</strong></span> <span class='ocrx_word' id='word_1_189' title='bbox 1328 3230 1637 3296; x_wconf 87' lang='lat' dir='ltr'><strong>dominico</strong></span> <span class='ocrx_word' id='word_1_190' title='bbox 1700 3231 1834 3308; x_wconf 91' lang='lat' dir='ltr'><strong>die,</strong></span> <span class='ocrx_word' id='word_1_191' title='bbox 1902 3232 2006 3314; x_wconf 91' lang='lat' dir='ltr'><strong>qui</strong></span> <span class='ocrx_word' id='word_1_192' title='bbox 2067 3230 2308 3314; x_wconf 88' lang='lat' dir='ltr'><strong>primus</strong></span> <span class='ocrx_word' id='word_1_193' title='bbox 2357 3239 2452 3295; x_wconf 86' lang='lat' dir='ltr'><strong>est</strong></span> <span class='ocrx_word' id='word_1_194' title='bbox 2499 3235 2640 3314; x_wconf 89' lang='lat' dir='ltr'><strong>post</strong></span> <span class='ocrx_word' id='word_1_195' title='bbox 2688 3228 2979 3295; x_wconf 86' lang='lat' dir='ltr'><strong>Octavam</strong></span> <span class='ocrx_word' id='word_1_196' title='bbox 3027 3229 3137 3294; x_wconf 87' lang='lat' dir='ltr'><strong>As·</strong></span> 
     </span>
     <span class='ocr_line' id='line_1_29' title="bbox 913 3321 3134 3412; baseline -0 -20"><span class='ocrx_word' id='word_1_197' title='bbox 913 3321 1282 3412; x_wconf 86' lang='lat' dir='ltr'><strong>sumptionis</strong></span> <span class='ocrx_word' id='word_1_198' title='bbox 1330 3329 1400 3394; x_wconf 93' lang='lat' dir='ltr'><strong>B.</strong></span> <span class='ocrx_word' id='word_1_199' title='bbox 1437 3328 1513 3394; x_wconf 90' lang='lat' dir='ltr'><strong>V.</strong></span> <span class='ocrx_word' id='word_1_200' title='bbox 1562 3328 1653 3392; x_wconf 91' lang='lat' dir='ltr'><strong>M.</strong></span> <span class='ocrx_word' id='word_1_201' title='bbox 1704 3367 1791 3375; x_wconf 89' lang='lat'>—</span> <span class='ocrx_word' id='word_1_202' title='bbox 1840 3327 2100 3394; x_wconf 84' lang='lat' dir='ltr'><strong>Caetera</strong></span> <span class='ocrx_word' id='word_1_203' title='bbox 2148 3348 2306 3412; x_wconf 89' lang='lat' dir='ltr'><strong>quae</strong></span> <span class='ocrx_word' id='word_1_204' title='bbox 2354 3329 2433 3393; x_wconf 85' lang='lat' dir='ltr'><strong>ad</strong></span> <span class='ocrx_word' id='word_1_205' title='bbox 2479 3327 2806 3392; x_wconf 86' lang='lat' dir='ltr'><strong>historiam</strong></span> <span class='ocrx_word' id='word_1_206' title='bbox 2855 3331 3034 3411; x_wconf 89' lang='lat' dir='ltr'><strong>atque</strong></span> <span class='ocrx_word' id='word_1_207' title='bbox 3065 3325 3134 3390; x_wconf 86' lang='lat' dir='ltr'><strong>ad</strong></span> 
     </span>
     <span class='ocr_line' id='line_1_30' title="bbox 913 3424 3137 3512; baseline -0 -20"><span class='ocrx_word' id='word_1_208' title='bbox 913 3426 1231 3511; x_wconf 89' lang='lat' dir='ltr'><strong>proprium</strong></span> <span class='ocrx_word' id='word_1_209' title='bbox 1281 3425 1480 3491; x_wconf 89' lang='lat' dir='ltr'><strong>cultus</strong></span> <span class='ocrx_word' id='word_1_210' title='bbox 1529 3426 1844 3510; x_wconf 88' lang='lat' dir='ltr'><strong>objectum</strong></span> <span class='ocrx_word' id='word_1_211' title='bbox 1891 3431 2207 3512; x_wconf 87' lang='lat' dir='ltr'><strong>spectant,</strong></span> <span class='ocrx_word' id='word_1_212' title='bbox 2271 3425 2567 3511; x_wconf 85' lang='lat' dir='ltr'><strong>peculiari</strong></span> <span class='ocrx_word' id='word_1_213' title='bbox 2613 3424 2770 3491; x_wconf 89' lang='lat' dir='ltr'><strong>libro</strong></span> <span class='ocrx_word' id='word_1_214' title='bbox 2819 3427 2951 3491; x_wconf 85' lang='lat' dir='ltr'><strong>fuse</strong></span> <span class='ocrx_word' id='word_1_215' title='bbox 3006 3445 3137 3510; x_wconf 88' lang='lat' dir='ltr'><strong>per-</strong></span> 
     </span>
     <span class='ocr_line' id='line_1_31' title="bbox 914 3524 3140 3610; baseline -0.001 -20"><span class='ocrx_word' id='word_1_216' title='bbox 914 3525 1315 3590; x_wconf 86' lang='lat' dir='ltr'><strong>tractavimus</strong></span> <span class='ocrx_word' id='word_1_217' title='bbox 1374 3526 1438 3589; x_wconf 92' lang='lat' dir='ltr'><strong>in</strong></span> <span class='ocrx_word' id='word_1_218' title='bbox 1499 3545 1686 3609; x_wconf 87' lang='lat' dir='ltr'><strong>opero</strong></span> <span class='ocrx_word' id='word_1_219' title='bbox 1749 3545 1938 3610; x_wconf 89' lang='lat' dir='ltr'><strong>supra</strong></span> <span class='ocrx_word' id='word_1_220' title='bbox 1999 3526 2271 3591; x_wconf 88' lang='lat' dir='ltr'><strong>indicato</strong></span> <span class='ocrx_word' id='word_1_221' title='bbox 2319 3546 2377 3610; x_wconf 93' lang='lat' dir='ltr'><strong>p.</strong></span> <span class='ocrx_word' id='word_1_222' title='bbox 2428 3525 2580 3602; x_wconf 82' lang='lat'><strong>479,</strong></span> <span class='ocrx_word' id='word_1_223' title='bbox 2644 3524 2749 3591; x_wconf 90' lang='lat' dir='ltr'><strong>lib.</strong></span> <span class='ocrx_word' id='word_1_224' title='bbox 2800 3525 2860 3602; x_wconf 84' lang='lat'><strong>2,</strong></span> <span class='ocrx_word' id='word_1_225' title='bbox 2924 3525 3029 3589; x_wconf 90' lang='lat' dir='ltr'><strong>ubi</strong></span> <span class='ocrx_word' id='word_1_226' title='bbox 3073 3543 3140 3588; x_wconf 83' lang='lat' dir='ltr'><strong>ea</strong></span> 
     </span>
     <span class='ocr_line' id='line_1_32' title="bbox 915 3622 3136 3708; baseline -0 -20"><span class='ocrx_word' id='word_1_227' title='bbox 915 3624 1174 3688; x_wconf 84' lang='lat' dir='ltr'><strong>devotus</strong></span> <span class='ocrx_word' id='word_1_228' title='bbox 1222 3624 1649 3688; x_wconf 86' lang='lat' dir='ltr'><strong>sanctissimae</strong></span> <span class='ocrx_word' id='word_1_229' title='bbox 1698 3623 2006 3708; x_wconf 89' lang='lat' dir='ltr'><strong>Deiparae</strong></span> <span class='ocrx_word' id='word_1_230' title='bbox 2055 3624 2254 3689; x_wconf 86' lang='lat' dir='ltr'><strong>cultor</strong></span> <span class='ocrx_word' id='word_1_231' title='bbox 2301 3628 2574 3708; x_wconf 90' lang='lat' dir='ltr'><strong>quaerat,</strong></span> <span class='ocrx_word' id='word_1_232' title='bbox 2624 3623 2775 3688; x_wconf 84' lang='lat' dir='ltr'><strong>dum</strong></span> <span class='ocrx_word' id='word_1_233' title='bbox 2807 3642 2917 3689; x_wconf 90' lang='lat' dir='ltr'><strong>nos</strong></span> <span class='ocrx_word' id='word_1_234' title='bbox 2948 3622 3024 3688; x_wconf 88' lang='lat' dir='ltr'><strong>ad</strong></span> <span class='ocrx_word' id='word_1_235' title='bbox 3053 3642 3136 3698; x_wconf 80' lang='lat' dir='ltr'><strong>ea,</strong></span> 
     </span>
     <span class='ocr_line' id='line_1_33' title="bbox 917 3720 3139 3807; baseline -0.001 -21"><span class='ocrx_word' id='word_1_236' title='bbox 917 3742 1074 3806; x_wconf 87' lang='lat' dir='ltr'><strong>quae</strong></span> <span class='ocrx_word' id='word_1_237' title='bbox 1121 3723 1199 3786; x_wconf 89' lang='lat' dir='ltr'><strong>de</strong></span> <span class='ocrx_word' id='word_1_238' title='bbox 1249 3721 1382 3786; x_wconf 88' lang='lat' dir='ltr'><strong>aliis</strong></span> <span class='ocrx_word' id='word_1_239' title='bbox 1430 3722 1608 3787; x_wconf 85' lang='lat' dir='ltr'><strong>festis</strong></span> <span class='ocrx_word' id='word_1_240' title='bbox 1656 3722 1861 3788; x_wconf 90' lang='lat' dir='ltr'><strong>adhuc</strong></span> <span class='ocrx_word' id='word_1_241' title='bbox 1894 3727 2131 3788; x_wconf 89' lang='lat' dir='ltr'><strong>restant</strong></span> <span class='ocrx_word' id='word_1_242' title='bbox 2161 3723 2443 3799; x_wconf 88' lang='lat' dir='ltr'><strong>dicenda,</strong></span> <span class='ocrx_word' id='word_1_243' title='bbox 2494 3742 2930 3807; x_wconf 85' lang='lat' dir='ltr'><strong>properamus:</strong></span> <span class='ocrx_word' id='word_1_244' title='bbox 2979 3720 3139 3804; x_wconf 85' lang='lat' dir='ltr'><strong>prius</strong></span> 
     </span>
     <span class='ocr_line' id='line_1_34' title="bbox 916 3819 3136 3907; baseline -0.002 -21"><span class='ocrx_word' id='word_1_245' title='bbox 916 3829 1123 3886; x_wconf 86' lang='lat' dir='ltr'><strong>tamen</strong></span> <span class='ocrx_word' id='word_1_246' title='bbox 1170 3840 1292 3886; x_wconf 90' lang='lat' dir='ltr'><strong>uno</strong></span> <span class='ocrx_word' id='word_1_247' title='bbox 1341 3820 1561 3886; x_wconf 87' lang='lat' dir='ltr'><strong>saltem</strong></span> <span class='ocrx_word' id='word_1_248' title='bbox 1605 3821 1842 3905; x_wconf 84' lang='lat' dir='ltr'><strong>hymno</strong></span> <span class='ocrx_word' id='word_1_249' title='bbox 1891 3842 2031 3887; x_wconf 89' lang='lat' dir='ltr'><strong>cum</strong></span> <span class='ocrx_word' id='word_1_250' title='bbox 2079 3820 2334 3907; x_wconf 88' lang='lat' dir='ltr'><strong>gemina</strong></span> <span class='ocrx_word' id='word_1_251' title='bbox 2360 3821 2654 3898; x_wconf 89' lang='lat' dir='ltr'><strong>oratione,</strong></span> <span class='ocrx_word' id='word_1_252' title='bbox 2702 3820 2767 3886; x_wconf 92' lang='lat' dir='ltr'><strong>in</strong></span> <span class='ocrx_word' id='word_1_253' title='bbox 2800 3819 3136 3904; x_wconf 84' lang='lat' dir='ltr'><strong>expeditum</strong></span> 
     </span>
     <span class='ocr_line' id='line_1_35' title="bbox 919 3918 2746 4004; baseline 0.001 -20"><span class='ocrx_word' id='word_1_254' title='bbox 919 3940 989 3984; x_wconf 86' lang='lat' dir='ltr'><strong>ac</strong></span> <span class='ocrx_word' id='word_1_255' title='bbox 1038 3924 1427 4004; x_wconf 87' lang='lat' dir='ltr'><strong>praesentem</strong></span> <span class='ocrx_word' id='word_1_256' title='bbox 1480 3919 1844 3985; x_wconf 80' lang='lat' dir='ltr'><strong>elericorum</strong></span> <span class='ocrx_word' id='word_1_257' title='bbox 1895 3940 2098 3999; x_wconf 89' lang='lat' dir='ltr'><strong>usum,</strong></span> <span class='ocrx_word' id='word_1_258' title='bbox 2149 3919 2271 3986; x_wconf 90' lang='lat' dir='ltr'><strong>huc</strong></span> <span class='ocrx_word' id='word_1_259' title='bbox 2320 3918 2746 4004; x_wconf 87' lang='lat' dir='ltr'><strong>transscripto.</strong></span> 
     </span>
    </p>
   </div>
   <div class='ocr_carea' id='block_1_11' title="bbox 922 4218 3140 4455">
    <p class='ocr_par' dir='ltr' id='par_1_11' title="bbox 922 4218 3140 4455">
     <span class='ocr_line' id='line_1_36' title="bbox 1106 4218 3138 4295; baseline -0 -21"><span class='ocrx_word' id='word_1_260' title='bbox 1106 4221 1144 4290; x_wconf 87' lang='lat'><strong>¹)</strong></span> <span class='ocrx_word' id='word_1_261' title='bbox 1182 4221 1466 4276; x_wconf 87' lang='lat' dir='ltr'><strong>Romanum</strong></span> <span class='ocrx_word' id='word_1_262' title='bbox 1504 4223 1599 4277; x_wconf 85' lang='lat' dir='ltr'><strong>hoc</strong></span> <span class='ocrx_word' id='word_1_263' title='bbox 1636 4223 1872 4279; x_wconf 85' lang='lat' dir='ltr'><strong>Officium</strong></span> <span class='ocrx_word' id='word_1_264' title='bbox 1908 4241 2021 4280; x_wconf 86' lang='lat' dir='ltr'><strong>cum</strong></span> <span class='ocrx_word' id='word_1_265' title='bbox 2061 4223 2289 4295; x_wconf 87' lang='lat' dir='ltr'><strong>pluribus</strong></span> <span class='ocrx_word' id='word_1_266' title='bbox 2327 4223 2443 4279; x_wconf 87' lang='lat' dir='ltr'><strong>aliis</strong></span> <span class='ocrx_word' id='word_1_267' title='bbox 2463 4222 2660 4278; x_wconf 84' lang='lat' dir='ltr'><strong>Officiis</strong></span> <span class='ocrx_word' id='word_1_268' title='bbox 2695 4221 2930 4293; x_wconf 80' lang='lat' dir='ltr'><strong>propriis,</strong></span> <span class='ocrx_word' id='word_1_269' title='bbox 2966 4236 2998 4274; x_wconf 82' lang='lat' dir='ltr'><strong>a</strong></span> <span class='ocrx_word' id='word_1_270' title='bbox 3020 4218 3138 4274; x_wconf 83' lang='lat' dir='ltr'><strong>Sede</strong></span> 
     </span>
     <span class='ocr_line' id='line_1_37' title="bbox 922 4300 3140 4374; baseline -0 -19"><span class='ocrx_word' id='word_1_271' title='bbox 922 4301 1220 4372; x_wconf 78' lang='lat' dir='ltr'><strong>Apostolica</strong></span> <span class='ocrx_word' id='word_1_272' title='bbox 1256 4302 1416 4357; x_wconf 82' lang='lat' dir='ltr'><strong>variis</strong></span> <span class='ocrx_word' id='word_1_273' title='bbox 1453 4303 1774 4363; x_wconf 85' lang='lat' dir='ltr'><strong>dioecesibus</strong></span> <span class='ocrx_word' id='word_1_274' title='bbox 1825 4310 1878 4359; x_wconf 86' lang='lat' dir='ltr'><strong>et</strong></span> <span class='ocrx_word' id='word_1_275' title='bbox 1915 4305 2176 4374; x_wconf 84' lang='lat' dir='ltr'><strong>religiosis</strong></span> <span class='ocrx_word' id='word_1_276' title='bbox 2213 4305 2475 4358; x_wconf 85' lang='lat' dir='ltr'><strong>ordinibus</strong></span> <span class='ocrx_word' id='word_1_277' title='bbox 2513 4305 2790 4367; x_wconf 78' lang='lat' dir='ltr'><strong>concessis,</strong></span> <span class='ocrx_word' id='word_1_278' title='bbox 2841 4300 3140 4358; x_wconf 84' lang='lat' dir='ltr'><strong>exhibuimus</strong></span> 
     </span>
     <span class='ocr_line' id='line_1_38' title="bbox 924 4384 2448 4455; baseline 0.001 -19"><span class='ocrx_word' id='word_1_279' title='bbox 924 4384 972 4437; x_wconf 87' lang='lat' dir='ltr'><strong>in</strong></span> <span class='ocrx_word' id='word_1_280' title='bbox 1010 4400 1167 4452; x_wconf 86' lang='lat' dir='ltr'><strong>opero</strong></span> <span class='ocrx_word' id='word_1_281' title='bbox 1204 4400 1321 4438; x_wconf 84' lang='lat' dir='ltr'><strong>mox</strong></span> <span class='ocrx_word' id='word_1_282' title='bbox 1359 4384 1566 4438; x_wconf 85' lang='lat' dir='ltr'><strong>citando</strong></span> <span class='ocrx_word' id='word_1_283' title='bbox 1604 4393 1643 4439; x_wconf 87' lang='lat' dir='ltr'><strong>t.</strong></span> <span class='ocrx_word' id='word_1_284' title='bbox 1683 4386 1733 4450; x_wconf 80' lang='lat'><strong>2,</strong></span> <span class='ocrx_word' id='word_1_285' title='bbox 1775 4402 1857 4455; x_wconf 87' lang='lat' dir='ltr'><strong>pp.</strong></span> <span class='ocrx_word' id='word_1_286' title='bbox 1895 4388 2198 4452; x_wconf 74' lang='lat'><strong>383—475,</strong></span> <span class='ocrx_word' id='word_1_287' title='bbox 2237 4386 2358 4440; x_wconf 89' lang='lat' dir='ltr'><strong>edit.</strong></span> <span class='ocrx_word' id='word_1_288' title='bbox 2399 4385 2448 4439; x_wconf 81' lang='lat'><strong>5.</strong></span> 
     </span>
    </p>
   </div>
   <div class='ocr_carea' id='block_1_12' title="bbox 3390 758 3402 1729">
    <p class='ocr_par' dir='ltr' id='par_1_12' title="bbox 3390 758 3402 1729">
     <span class='ocr_line' id='line_1_39' title="bbox 3390 758 3402 1729; baseline 0 0"><span class='ocrx_word' id='word_1_289' title='bbox 3390 758 3402 1729; x_wconf 95' lang='lat' dir='ltr'><strong> </strong></span> 
     </span>
    </p>
   </div>
  </div>
 </body>
</html>
