3514 5391
784 504 1057 577 Ἑβδομιὶς
1092 507 1529 580 διακαινήσιμος.
1586 506 1731 564 Intra
1769 513 2008 565 octavam
2047 509 2295 566 Paschae.
2560 511 2666 567 335

2558 622 2665 630 ——-

606 709 699 793 Τῆ
742 709 1117 793 παρασκευῇ
1160 710 1272 794 τῆς
1318 701 1831 794 διακαινησίμου·
1897 710 2009 783 τῶς
2063 704 2389 787 ζωοδόχου
2442 712 2663 796 πηγῆς.

598 819 673 878 In
696 819 1094 880 Kalendariis
1121 820 1491 880 Graecorum
1522 823 1597 880 ab
1620 821 1902 881 Ecclesia
1927 820 2226 882 catholica
2254 827 2665 897 separatorum

413 901 567 971 seria
619 905 780 958 sexta
834 905 926 968 τῆς
962 900 1392 972 διακαινησίμου
1443 902 1720 975 signatur
1754 901 1973 962 festum
2029 907 2118 968 τῆς
2152 903 2441 972 ζωοδόχου
2478 907 2665 973 πηγῆς,

420 981 605 1040 slav.
640 981 1027 1052 kivopriemnij
1060 977 1312 1048 isto‘lwik,
1363 999 1445 1040 ru
1461 999 1513 1040 m
1529 1000 1561 1041 e
1578 1000 1631 1040 u.
1684 983 1957 1038 isvoralui
1988 984 2133 1039 celui
2166 984 2235 1040 de
2271 985 2433 1040 νὶέίἰὰ
2471 984 2667 1040 aduca-

420 1062 564 1116 toria
588 1059 656 1132 ¹):
720 1063 888 1134 quus
926 1062 1224 1135 objectum
1274 1062 1529 1137 longiori
1583 1064 1693 1122 hoc
1743 1064 2055 1137 synaxarii
2104 1065 2281 1123 titulo
2320 1063 2570 1123 effertur
2605 1065 2664 1122 in

420 1141 905 1202 Pentecostario:

605 1236 686 1305 Τῇ
719 1237 1034 1306 παρασκευῖ
1071 1237 1162 1300 τῆς
1196 1232 1624 1304 διακαινησίμου
1663 1233 1995 1305 ἑορτάζομεν
2032 1235 2096 1287 τά
2123 1235 2370 1304 ἐγκαίνια
2404 1239 2503 1289 τοῦ
2527 1239 2667 1289 ναοῦ

421 1316 510 1378 τῆς
545 1312 849 1384 impurias·
885 1317 1192 1379 Δεσποίνης
1242 1313 1402 1385 ἡμῶν
1447 1317 1538 1366 καὶ
1580 1313 1949 1387 Θεομήτορος,
2009 1319 2098 1382 τῆς
2139 1315 2431 1386 ζωηφόρου
2481 1320 2665 1385 πηγῆς·

416 1391 495 1445 ἔτι
531 1392 591 1446 δὲ
628 1397 717 1445 καὶ
753 1398 959 1464 μνείαν
995 1393 1317 1464 ποιούμεθα
1355 1397 1462 1448 τῶν
1498 1395 1557 1448 ἐν
1594 1394 1771 1463 τούτῳ
1808 1397 2176 1449 τελεσθέντων
2202 1395 2505 1466 ὑπερφυῶν
2532 1401 2666 1452 θαυ-

413 1472 610 1542 μάτων
646 1475 792 1546 παρά
832 1478 924 1541 τῆς
964 1473 1326 1546 Θεομήτορος.

595 1562 765 1638 Quae
815 1565 1199 1637 synaxarium
1249 1564 1440 1638 ipsum
1489 1566 1695 1638 paucis
1743 1571 1962 1624 narrat
2012 1566 2083 1624 de
2122 1566 2345 1639 templo
2397 1567 2473 1625 ad
2510 1567 2666 1626 hunc

417 1643 642 1702 fontem
680 1660 864 1719 prope
904 1643 1028 1704 ΟΡ.
1069 1661 1106 1703 a
1141 1644 1345 1703 Leone
1382 1643 1598 1718 Magno
1635 1646 1887 1718 primum
1927 1645 2192 1708 condito,
2243 1663 2279 1704 a
2316 1645 2665 1707 Justiniano

415 1723 635 1798 deinde
671 1724 1095 1797 reaedificato,
1153 1732 1329 1799 atque
1369 1742 1406 1784 a
1442 1724 1678 1784 Basilio
1714 1725 2039 1785 Macedone
2094 1727 2323 1786 demum
2363 1734 2666 1801 exornato,

412 1821 678 1878 quaeque
718 1805 948 1878 prolixe
986 1804 1180 1864 tradit
1219 1806 1292 1864 de
1319 1806 1624 1865 miraculis
1660 1823 1771 1880 per
1806 1823 2017 1880 aquam
2041 1807 2216 1881 hnjus
2245 1805 2445 1880 fontis,
2483 1808 2668 1867 inter-

414 1885 670 1943 cedente
708 1885 1093 1945 sanctissima
1128 1885 1405 1960 Deipara
1441 1886 1729 1959 Virgine,
1780 1887 2068 1961 patratiS,
2121 1887 2269 1946 nihil
2310 1889 2533 1947 attinet
2568 1888 2667 1947 hic

416 1964 684 2038 referre,
742 1983 916 2039 quum
956 1967 1222 2025 curiosus
1273 1967 1484 2025 talium
1534 1967 1728 2026 lector
1778 1984 1851 2026 ea
1900 1966 2032 2026 fuse
2080 1974 2349 2027 tractata
2397 1969 2669 2028 inveniat

412 2046 574 2120 apud
612 2046 727 2106 Du
766 2045 1047 2120 Gange,
1089 2049 1288 2103 CPolis
1317 2048 1615 2104 Christian.
1641 2049 1680 2106 1.
1706 2049 1759 2120 4,
1799 2054 1941 2107 sect.
1965 2050 2050 2115 15,
2084 2067 2139 2106 n.
2168 2049 2237 2106 13
2274 2047 2443 2120 (edit.
2464 2049 2664 2108 Paris.

411 2145 502 2203 pp.
547 2128 864 2266 18ῗ1-184,
914 2129 1130 2189 Venet.
1178 2147 1274 2203 pp.
1315 2129 1654 2201 128—129),
1712 2137 1775 2189 et
1813 2129 1967 2203 apud
2007 2130 2159 2189 alios
2195 2129 2518 2202 scriptores
2559 2131 2666 2189 ibi·

416 2208 553 2267 dem
595 2225 632 2266 a
675 2209 902 2268 ductos.
1890 2211 1899 2220 ‘

593 2288 722 2363 Ipsi
756 2287 1121 2348 festivitatis
1175 2290 1661 2349 nomenclaturae
1701 2290 2098 2348 illustrandae
2138 2290 2433 2350 inservire
2485 2292 2667 2350 etiam

410 2376 714 2443 poterunt,
752 2386 905 2442 quae
942 2371 1130 2429 habet
1166 2372 1401 2427 Diction.
1440 2372 1539 2426 des
1574 2372 1871 2442 antiquitds
1894 2372 2238 2427 claretiennes
2262 2371 2315 2429 2.
2339 2371 2480 2430 edit.
2504 2374 2661 2432 1877.

409 2467 463 2523 p.
501 2450 634 2521 793,
672 2449 774 2508 ubi
811 2447 1082 2510 refertur
1117 2451 1474 2524 perantiqua
1512 2452 1707 2525 imago
1741 2451 1818 2510 B.
1857 2450 1933 2509 M.
1970 2451 2062 2518 V„
2103 2468 2233 2511 cum
2273 2452 2661 2525 inscriptione

408 2530 473 2582 Ἡ
506 2530 675 2600 πηγή,
731 2539 1200 2604 repraesentans
1236 2531 1570 2606 Deiparam
1624 2550 1753 2591 cum
1790 2532 1953 2591 Filio
1990 2549 2093 2591 suo
2146 2549 2178 2590 e
2217 2549 2362 2591 vase
2414 2534 2669 2605 quodam

415 2612 607 2670 veluti
649 2617 1071 2685 emergentem,
1110 2612 1266 2670 unde
1294 2603 1484 2672 fluunt
1522 2629 1730 2687 aquae,
1768 2612 2084 2672 secundum
2117 2612 2263 2670 illud
2292 2610 2464 2671 Cant.
2486 2614 2539 2687 4,
2568 2615 2666 2672 15:

410 2776 462 2829 in
511 2774 908 2843 Menologio
958 2774 1169 2829 Basil.
1225 2781 1400 2830 autem
1456 2776 1764 2833 accuratiori
1816 2775 1911 2829 hac
1963 2775 2295 2845 inscriptione
2344 2777 2666 2845 propositum

515 2933 902 3005 Συνάθροισις
937 2936 1029 2985 καὶ
1062 2933 1257 3005 μνήμη
1293 2939 1402 2987 τῶν
1427 2935 1485 2988 ἐν
1704 2936 1954 2992 Collectio
1991 2939 2043 2991 et
2080 2937 2512 2991 commemoratio
2535 2937 2666 2991 reli·

409 3013 846 3085 Μαρτυροπόλει
870 3012 1152 3082 λειψάνων
1178 3019 1284 3069 τῶν
1309 3014 1486 3084 ἁγίων
1594 3017 1848 3089 qaiarnm
1868 3033 1943 3072 ss.
1955 3019 2263 3087 martyrum
2284 3016 2339 3070 in
2360 3016 2496 3071 urbe
2509 3017 2662 3071 Mat·-

406 3094 727 3167 μαρτύρων·
778 3098 867 3146 καὶ
905 3099 1195 3166 Μαρουθᾶ
1240 3099 1340 3149 τοῦ
1378 3094 1486 3149 ἐπι·
1593 3098 1867 3168 tyr-opoli,·
1905 3100 1960 3152 et
1992 3098 2292 3152 Marathae
2330 3097 2576 3167 episcopi.

408 3176 642 3230 σκᾶπου.

589 3266 646 3321 S.
683 3266 1039 3321 Maruthas
1089 3267 1274 3337 quippe
1324 3265 1598 3321 Theodosii
1651 3267 1916 3337 (junioriS,
1971 3274 2030 3322 ut
2078 3267 2304 3335 videtur)
2359 3267 2423 3320 ad
2473 3267 2665 3322 Persas

407 3347 638 3416 legatus,
677 3346 885 3417 illicque
924 3363 1123 3401 summo
1159 3348 1213 3401 in
1249 3348 1443 3402 honore
1479 3347 1702 3416 habitus,
1742 3364 1895 3419 quum
1934 3364 2174 3417 magnam
2214 3348 2324 3402 auri
2350 3347 2454 3402 vim
2480 3353 2665 3417 sponte

409 3429 642 3483 oblatam
677 3430 992 3495 recusasset,
1050 3443 1142 3497 pro
1191 3428 1327 3482 omni
1376 3444 1586 3482 munere
1637 3428 1809 3497 potius
1846 3429 2085 3497 rogavit,
2137 3433 2196 3482 ut
2246 3429 2325 3482 fas
2376 3428 2473 3482 sibi
2525 3433 2667 3482 esset

407 3524 478 3563 ss.
529 3512 823 3579 martyrum
886 3508 1132 3577 reliquias
1195 3508 1440 3577 colligere
1496 3508 1696 3579 alioque
1760 3509 2062 3563 transferre.
2164 3508 2309 3577 Rege
2366 3524 2519 3577 porro
2576 3526 2664 3563 an-

407 3594 599 3643 nuente
639 3588 910 3642 Maruthas
959 3588 1219 3643 translata
1269 3589 1386 3642 inde
1424 3588 1701 3642 Persarum
1737 3594 2026 3658 martyrum
2064 3604 2279 3658 corpora
2317 3605 2415 3642 uno
2461 3589 2513 3642 in
2552 3589 2665 3643 loco

408 3670 715 3740 composuit,
756 3673 812 3723 et
849 3669 974 3723 urbe
1013 3668 1297 3736 adstructa,
1336 3684 1520 3722 nomen
1556 3668 1673 3722 huic
1711 3684 1743 3722 a
1777 3669 2118 3737 martyribus
2155 3669 2353 3723 indidit.
2428 3668 2509 3722 Ita
2547 3685 2666 3739 syn-

408 3749 589 3804 axaria
628 3749 806 3804 citatis
844 3750 1012 3803 titulis
1051 3749 1300 3819 subjecta.
1340 3779 1403 3788 —
1445 3749 1523 3804 De
1562 3766 1603 3803 a.
1631 3748 1873 3803 Marutha
1912 3750 2028 3816 (cfr.
2057 3753 2094 3803 t.
2124 3752 2172 3815 1,
2210 3765 2294 3819 pp.
2316 3750 2422 3803 268
2454 3754 2511 3804 et
2535 3749 2665 3817 471)

410 3830 575 3884 multa
611 3830 772 3885 habet
809 3830 864 3884 in
885 3829 1247 3901 praefatione
1296 3829 1373 3884 ad
1409 3830 1544 3884 Acta
1582 3832 1891 3900 martyram
1938 3829 2286 3884 orientalium
2338 3832 2393 3883 et
2427 3829 2663 3885 occiden-

407 3910 600 3965 talium
637 3910 946 3965 Evodius
981 3910 1425 3980 AssemanuS,
1461 3914 1517 3981 t.
1557 3912 1606 3977 1,
1656 3927 1687 3964 a
1723 3926 1773 3980 p.
1811 3910 1913 3977 49,
1967 3926 2031 3964 ex
2067 3909 2249 3980 quibus
2285 3910 2435 3979 plura
2465 3911 2575 3980 jam
2614 3911 2666 3964 in

407 3991 763 4058 germanicum
802 4005 918 4044 esse
957 4005 1207 4045 conversa
1243 3990 1527 4044 monuimus
1565 3990 1603 4044 l.
1643 4006 1686 4044 c.
1727 4020 1793 4027 —
1843 3989 2082 4059 Caetera,
2132 4005 2261 4061 quae
2301 3990 2565 4059 pertinent
2601 3990 2665 4044 ad

409 4070 932 4141 Martyropolitanam
970 4070 1112 4126 illam
1148 4069 1478 4141 reliquiarum
1515 4070 1803 4137 historiam,
1842 4070 1891 4122 in
1917 4070 2082 4139 gestis
2120 4086 2162 4123 8.
2199 4069 2468 4123 Marathae
2507 4070 2664 4125 latius

409 4151 738 4219 explicantur
798 4166 831 4204 a
881 4150 1187 4220 Josepho
1236 4150 1535 4205 Simonio
1584 4152 1988 4219 Assemano‚
2069 4149 2329 4204 Biblioth.
2390 4150 2667 4217 πίθηαι,

409 4234 531 4284 tom.
570 4233 624 4298 3,
665 4236 803 4299 part.
846 4232 875 4284 1
894 4270 907 4297 ,
955 4231 1158 4300 paginis
1194 4232 1246 4284 in
1284 4231 1449 4285 indIce
1487 4246 1659 4284 rerum
1695 4231 1893 4284 notatis
1931 4231 2024 4285 sub
2062 4245 2145 4284 vv.
2185 4229 2564 4299 Maspheracte
2610 4234 2666 4283 et

408 4309 725 4364 Marathus.
2390 4308 2393 4311 ’

595 4389 636 4459 ¹)
677 4391 825 4445 Alias
863 4390 1024 4444 etiam
1060 4390 1354 4460 simpliciori
1380 4392 1597 4446 formula
1624 4395 1950 4460 nuncupatur
1974 4389 2253 4445 Isvorului
2277 4389 2480 4444 Maicei
2502 4390 2664 4443 Dom-

411 4470 585 4536 nului,
623 4474 686 4523 ut
721 4474 806 4525 est
843 4470 980 4539 apud
1017 4469 1253 4525 Melchi
1270 4472 1385 4526 sed
1403 4472 1508 4538 ek,
1553 4471 1814 4526 Oratorin
1871 4471 1974 4535 VJ„
2010 4467 2451 4540 (synaxariula),
2486 4484 2537 4538 p.
2575 4472 2662 4524 83.
