3514 5391
887 529 961 583 ἸΙ
993 531 1126 600 ιέγία
1159 536 1245 584 καὶ
1282 533 1499 602 μεγάλη
1537 533 1865 605 παρασκευή.
1922 534 2038 589 Fer.
2078 534 2164 588 Vl.
2205 535 2253 588 in
2293 534 2601 590 parasceve.
2664 566 2675 581 ·

1048 728 1339 815 ἀνέκραγε
1387 736 1641 816 γοερῶς·

1059 824 1275 910 Οἴμοι,
1326 833 1514 894 θεῖον
1559 827 1815 894 τέκνον]

1047 922 1247 1009 οἴμοι,
1293 926 1370 993 τὸ
1418 932 1558 1016 φῶς
1601 932 1718 992 τοῦ
1762 926 2047 1012 κόσμου]

1048 1019 1111 1088 τί
1159 1021 1304 1103 ἕδυς

1049 1121 1118 1205 ἒξ
1165 1124 1531 1212 ὀφθαλμῶν
1573 1148 1717 1207 μου,

1049 1220 1083 1283 ὖ
1131 1221 1331 1306 ἀμνὰς
1374 1228 1490 1288 τοῖ·
1541 1225 1748 1304 (9⁶05,-

1052 1318 1215 1385 ὅθεν

1049 1414 1113 1485 αἱ
1164 1419 1460 1506 στρατιαὶ
1510 1426 1638 1485 τῶν
1685 1419 2043 1505 ἀσωμάτων

1049 1518 1265 1609 τρομῳ
1313 1514 1681 1599 συνείχοντο
1727 1518 2046 1603 λέγουσαι·

1053 1615 1503 1704 Ἀκατάληπτε
1553 1617 1771 1704 Κύριε,
1821 1617 1981 1700 δόξα
2029 1640 2153 1683 σοι.

800 1761 1004 1826 Hodie
1050 1762 1112 1826 in
1161 1781 1343 1827 cruee
1398 1766 1458 1828 te
1487 1782 1879 1846 suspensum,
1931 1784 1967 1828 o
2001 1764 2300 1841 Verbum,
2350 1765 2662 1848 inculpata

627 1866 951 1944 speetanS‚
1019 1861 1316 1926 maternis
1383 1862 1724 1927 visceribus
1791 1882 2111 1931 moerens,
2180 1864 2366 1927 eorde
2434 1862 2665 1928 vulneri

629 1979 852 2034 amare,
921 1963 983 2023 et
1026 1978 1288 2044 gemens
1336 1959 1619 2024 dolenter
1665 1980 1739 2024 ex
1789 1961 2031 2026 animae
2078 1961 2388 2046 profundo
2436 1961 2665 2026 flebilit‹

631 2056 962 2122 clamabat:
1024 2057 1162 2122 Heu
1212 2079 1312 2122 me
1362 2057 1582 2122 Divine
1629 2058 1829 2124 Nate!
1894 2059 2015 2123 heu
2065 2080 2166 2126 me
2214 2080 2250 2124 o
2297 2061 2402 2125 lux
2449 2060 2661 2124 mundi

633 2176 702 2220 ex
748 2156 946 2221 oeulis
998 2157 1152 2221 meis
1200 2155 1597 2233 abscessisti,
1663 2158 1848 2242 Agne
1896 2157 2064 2223 Dei?
2155 2158 2308 2223 Inde
2370 2160 2665 2241 incorpon

632 2252 968 2336 Spirituum
1019 2254 1327 2319 exercitus
1374 2260 1643 2320 tremore
1692 2256 2203 2340 corripiebantur,
2254 2256 2566 2322 dicentes:
2626 2256 2665 2321 I]

633 2352 1066 2435 prehensibilis
1115 2353 1402 2431 Domine,
1451 2352 1651 2438 gloria
1697 2354 1906 2437 tibi¹).

793 2475 858 2528 Ἡ
881 2475 1019 2545 ἁγία
1043 2480 1132 2528 καὶ
1155 2477 1370 2546 μεγάλη
1396 2477 1705 2548 παρασκευὴ
1735 2477 2133 2547 συμπίπτουσὶι
2160 2483 2233 2551 (q)
2252 2479 2634 2550 εὐαγγελισμῷ
2654 2512 2665 2519 -

633 2556 688 2608 τό
729 2557 961 2610 τυπικόν
1000 2563 1123 2610 ΚΠ.
1166 2589 1232 2597 -
1271 2558 1700 2628 ἀλειτουργητός.
1761 2558 1864 2616 Ita
1900 2558 2202 2617 recentior
2240 2559 2445 2625 εἷδησις
2484 2558 2665 2618 Grae<

805 2639 996 2712 Quum
1048 2644 1282 2713 tempus
1325 2638 1543 2712 jejunii
1605 2638 2145 2712 quadragesimalis
2199 2639 2454 2698 moerori
2504 2641 2660 2714 potis

630 2719 709 2777 sit
745 2720 1009 2778 dicatum
1050 2739 1122 2779 ae
1162 2720 1572 2793 poeniteutiae
1611 2721 1931 2778 solemnius
1972 2720 2241 2793 agendae
2282 2721 2640 2793 institutum,

629 2800 847 2858 fleandi
887 2818 1029 2859 vero
1070 2801 1269 2859 munia
1307 2800 1589 2860 festivam
1629 2802 2045 2859 celebritatem
2098 2808 2161 2858 et
2212 2801 2544 2875 spiritualis
2596 2803 2665 2860 la‹

629 2882 1064 2940 solemnitatem
1103 2900 1301 2941 secum
1340 2881 1622 2953 ferant'),
1671 2899 1744 2940 ex
1782 2881 2153 2954 antiquorum
2193 2898 2545 2952 graecorum
2585 2899 2665 2941 cai

629 2970 951 3036 praecepto
989 2963 1210 3022 Missae
1249 2962 1604 3022 sacrificium
1646 2963 1879 3028 offerre,
1934 2962 2048 3020 nisi
2087 2963 2339 3020 sabbato
2392 2968 2454 3020 et
2489 2962 2665 3020 Domi

631 3048 692 3099 et
727 3050 935 3101 saneto
974 3043 1468 3101 Annuntiationis
1521 3043 1616 3101 die
1636 3042 1713 3114 ⁴),
1773 3049 1897 3100 toto
1947 3042 2460 3115 quadragesimae
2512 3043 2665 3116 spati

630 3122 789 3193 licet,
830 3141 903 3180 ne
942 3116 1228 3182 sacrificii
1266 3123 1589 3182 alacritate
1629 3125 2057 3196 poenitentium
2099 3123 2402 3182 moestitia
2439 3126 2665 3182 turbett

632 3202 821 3261 luctus
852 3204 1104 3278 jejuniis
1143 3206 1516 3263 necessarius
1557 3205 1873 3264 minuatur.
1951 3204 2122 3263 Unde
2163 3204 2290 3278 dies
2322 3204 2659 3277 quadrages

634 3284 842 3341 merito
879 3285 1298 3356 α’λειιουργητοί
1330 3291 1638 3345 vocantur.

806 3365 898 3422 At
936 3383 1009 3423 ne
1045 3366 1189 3439 juge
1228 3366 1586 3424 sacrificium
1625 3367 1740 3424 hae
1781 3365 2218 3441 intermissione
2268 3383 2300 3422 e
2343 3365 2536 3422 medio
2576 3366 2665 3422 sul

635 3450 735 3501 aut
763 3463 941 3503 saera
969 3446 1293 3506 communio
1320 3447 1597 3505 fidelibus
1624 3453 1850 3520 negata
1875 3447 2207 3517 videretur,
2244 3445 2544 3519 provisum
2571 3447 2665 3504 ho<

812 3607 854 3674 ¹)
892 3608 1168 3678 Repetitur
1203 3610 1360 3663 etiam
1397 3609 1533 3662 inter
1570 3608 1803 3677 στιχηρᾰ
1844 3606 2097 3677 meduna
2135 3608 2288 3662 officii
2327 3611 2426 3659 τοῦ
2462 3606 2665 3677 {aaron

811 3686 854 3753 ³)
896 3688 1003 3743 Cfr.
1042 3688 1280 3743 Zonar.
1332 3694 1387 3743 et
1423 3688 1710 3743 Balsam.
1763 3690 1816 3742 in
1866 3706 1983 3743 can.
2022 3689 2118 3743 52.
2169 3688 2369 3758 Synod.
2426 3688 2665 3742 stultate.

640 3766 823 3835 Migne,
862 3767 1008 3823 Patr.
1048 3786 1128 3838 gr.
1168 3775 1207 3824 t.
1244 3770 1332 3835 36,
1370 3785 1453 3839 pp.
1482 3770 1810 3837 695—698).

808 3847 853 3916 ⁸)
893 3849 1143 3916 Quoniam
1193 3850 1516 3904 Sanctorum
1554 3850 2017 3914 commemor-atim
2053 3850 2212 3903 verba
2251 3854 2370 3903 sunt
2395 3849 2659 3903 Zonara

622 3927 1018 3993 jucunditatem
1054 3930 1219 3985 habet
1255 3934 1308 3984 et
1343 3931 1628 3997 laetitiam,
1665 3935 1822 4000 atque
1861 3930 1975 3983 inde
2016 3930 2218 3983 festivis
2244 3930 2440 3983 Officiis
2467 3935 2521 3982 et
2546 3930 2665 3982 Miss

635 4007 767 4062 brari
804 4012 1092 4078 consuevit,
1131 4027 1195 4066 ea
1231 4028 1446 4082 quoque,
1496 4011 1597 4066 nisi
1633 4012 1865 4066 sabbatis
1904 4015 1959 4064 et
1996 4011 2291 4078 Dominicis,
2330 4026 2430 4064 non
2467 4009 2657 4077 agitur,

634 4089 897 4145 admodum
935 4092 1299 4147 annotavimus
1336 4107 1492 4161 supra
1528 4108 1577 4161 p.
1617 4093 1701 4146 99.

808 4171 852 4239 ⁴)
892 4173 1085 4243 Synod.
1124 4172 1352 4226 Trullan.
1391 4189 1502 4227 can.
1541 4174 1627 4239 52,
1665 4172 1800 4241 apud
1841 4172 2033 4240 Migne,
2069 4171 2103 4225 1.
2143 4187 2186 4224 c.
2229 4169 2665 4224 Annuntiationis

629 4249 791 4320 inquit
826 4252 1140 4306 Zonaras
1176 4252 1211 4306 1.
1250 4269 1312 4318 c.,
1353 4253 1684 4321 principium
1736 4255 1999 4323 caputque
2048 4251 2248 4305 salutis
2282 4253 2507 4304 nostrae
2553 4265 2665 4303 cem

620 4331 938 4402 festumque
975 4332 1032 4386 in
1072 4348 1134 4387 eo
1171 4332 1505 4387 celebramus
1540 4330 1637 4402 (ὥς
1660 4332 1843 4400 ἀρχὴν
1868 4335 1956 4383 καὶ
1981 4330 2281 4400 κεφάλαιον
2306 4333 2396 4393 τῆς
2421 4332 2665 4397 σωτηρίαι,

625 4419 878 4485 τιμῶμεν
931 4414 1025 4465 καὶ
1063 4413 1507 4482 πανηγυρίζομεν
1545 4413 1602 4465 ἐν
1642 4411 1836 4483 αὐτῇ);
1873 4412 2241 4467 Balsamon
2278 4410 2449 4467 addit:
2491 4426 2665 4476 πανηγ

623 4493 1105 4569 προςτετάγμεθᾳ,
1135 4495 1343 4564 festum
1382 4509 1549 4563 affere
1571 4493 1733 4566 jassi
1765 4508 1968 4549 sumus,

2763 536 2864 589 251
