3514 5391
773 523 842 578 ‘H
876 517 1013 595 a‘yia
1047 521 1137 579 καὶ
1172 520 1389 598 μεγάλη
1427 520 1484 581 ε’.
1542 518 1659 582 Fer.
1697 517 1762 582 V.
1801 526 1852 584 in
1892 517 2065 583 Coena
2103 519 2325 598 Domini.

2576 521 2685 583 223

600 739 1045 800 Contumeliam
1094 741 1157 800 in
1196 759 1539 816 azymorum
1595 759 1763 800 usum
1801 741 2028 800 iactam
2068 729 2682 818 authentice'propul·

437 822 593 880 savit
628 829 849 881 sancta
888 821 1159 896 Synodus
1196 823 1555 882 Florentius
1594 824 1733 881 anni
1773 824 1930 895 1439,
1970 825 2135 882 edita
2172 824 2286 883 hac
2322 826 2569 883 solemni
2596 826 2683 880 de·

418 904 709 976 finitione:

522 993 615 1045 Ἐν
633 992 832 1064 ιῖζύμῳ
852 993 883 1060 ἢ
910 992 1123 1063 ἐνζυμῳ
1142 994 1289 1064 ἄρτῳ
1314 998 1505 1060 σιτίνῳ

440 1074 498 1125 τὸ
548 1078 649 1127 τοῦ
702 1078 961 1146 Χριστοῦ
1015 1079 1174 1144 σῶμα
1230 1075 1506 1127 τελεῖσθαι

444 1155 658 1220 ἀληθῶς,
711 1155 841 1215 τούς
891 1174 947 1209 τε
996 1158 1155 1227 Ῐερεῖς
1199 1156 1258 1208 ἐν
1296 1158 1508 1225 θατέρῳ

447 1235 565 1288 αὐτὸ
604 1235 667 1287 τι)
707 1241 869 1306 σῶμα
908 1240 1008 1289 τοῦ
1041 1240 1255 1306 Κυρίου
1290 1234 1505 1305 ὀφείλει

443 1317 623 1378 τελεῖν,
676 1317 908 1370 ἕκαστον
944 1317 1199 1383 δηλονότι
1236 1315 1369 1368 κατιὶ
1418 1320 1508 1382 τῆς

444 1396 585 1456 ἰδίεις·
621 1398 901 1463 ἐκκλησίας
960 1401 1066 1454 εἴτε
1123 1396 1342 1463 δυτικῆς
1399 1400 1504 1450 εἴτε

442 1475 750 1544 ἀνατολικῆς
787 1477 1110 1545 συνήθειαν·

1721 994 1789 1048 In
1827 1010 2020 1065 azymo
2056 994 2170 1050 sive
2184 979 2686 1068 fermenta'topane

1614 1071 1828 1129 triticeo
1889 1091 2085 1146 corpas
2144 1077 2353 1131 Christi
2416 1073 2686 1134 ver-amer

1615 1156 1820 1225 conjici,
1865 1155 2284 1226 sacerdotesque
2319 1157 2375 1210 in
2415 1158 2686 1212 alterutro

1615 1235 1790 1304 ipsum
1817 1236 2043 1290 Domini
2076 1252 2272 1305 corpus
2306 1240 2569 1308 conficere
2597 1239 2684 1292 de-

1616 1315 1763 1380 bere,
1813 1327 2241 1385 unumquemque
2275 1317 2483 1372 scilicet
2510 1319 2684 1387 juxta

1612 1412 1749 1450 suae
1775 1396 2033 1450 ecclesiae
2067 1397 2181 1451 sive
2204 1398 2551 1453 occidentalis
2573 1398 2687 1454 sire

1615 1477 1906 1531 orientalis
1942 1479 2377 1532 consuetudinem
2401 1477 2440 1550 ¹)
2457 1473 2490 1548 3⁴-

448 1566 683 1641 ideoque
715 1568 845 1641 jam
887 1585 925 1625 a
963 1567 1359 1626 schismaticis
1399 1566 1476 1626 ad
1512 1565 1849 1646 Ecclesiam
1893 1565 2247 1625 catholicam
2295 1547 2685 1630 redeuntibus

448 1661 726 1723 expressa
780 1648 1118 1707 declaratio
1169 1647 1460 1718 exigitur,
1514 1646 1667 1719 quod
1699 1647 1878 1718 ‚iuxta
1916 1649 2277 1734 oecumenici
2316 1651 2550 1709 concilii
2588 1651 2686 1709 de-

442 1725 781 1800 finitionem,
821 1746 1035 1803 panem
1075 1745 1343 1801 azymum
1385 1728 1565 1785 etiam
1592 1733 1761 1784 recte
1789 1729 2128 1786 consecrari
2155 1747 2268 1787 non
2294 1731 2604 1804 ambigant
2620 1730 2685 1802 ²).

512 1833 517 1837 ·
616 1815 921 1893 Quomodo
961 1825 1162 1876 autem
1199 1823 1447 1890 praeter
1474 1835 1519 1875 S.
1546 1816 1810 1875 Leonem
1831 1817 1941 1876 IX.
1982 1825 2045 1876 et
2068 1817 2246 1877 Card.
2269 1819 2332 1877 H
2376 1822 2684 1893 mbertnm‚

439 1898 567 1957 heic
597 1900 725 1972 jam
767 1899 1058 1957 adductos
1096 1915 1150 1972 p.
1186 1898 1309 1964 222,
1352 1897 1684 1964 doctissimi,
1716 1898 1858 1964 viri,
1912 1905 1975 1957 et
2013 1897 2303 1970 Graeci⁸)

2395 1907 2420 1959 t
2454 1900 2683 1974 Latini,

444 1996 677 2038 errores
716 1979 1082 2050 Caemlarii,
1125 1977 1368 2038 Callisti
1419 1979 1786 2050 aliorumque
1841 1979 2166 2052 diligenter
2204 1980 2550 2054 refutariut,
2589 1999 2685 2039 no·

438 2068 575 2120 runt
615 2063 837 2120 eruditi
878 2059 1145 2132 theologi
1183 2063 1399 2117 omues.
1474 2057 1542 2117 Si
1581 2059 1708 2130 quis
1748 2060 2045 2132 longiores
2094 2077 2166 2119 ea
2205 2061 2278 2119 de
2317 2078 2385 2119 re
2423 2062 2686 2136 disputa·

442 2143 634 2202 tiones
674 2144 733 2201 in
773 2149 970 2217 pauca
1010 2141 1265 2200 collatas
1303 2139 1510 2198 videre
1550 2140 1717 2211 velit,
1757 2141 1943 2200 adeat
1967 2143 2204 2216 saepius
2224 2142 2352 2214 jam
2379 2143 2684 2202 laudatum

431 2304 614 2358 ἔπεισί
658 2323 761 2374 μοι
812 2307 903 2356 καὶ
944 2301 1166 2374 σφόδρα
1214 2302 1398 2369 γελᾷν·
1449 2299 1510 2360 ὃς

434 2385 809 2455 ἐφιλοτιμήθη
845 2383 954 2455 μὲν
993 2382 1315 2452 συγγράψαι
1355 2379 1419 2432 τιὶ
1454 2380 1512 2434 ἐν

434 2471 506 2534 τῷ
553 2466 809 2536 Τριῳδίῳ
848 2468 954 2518 νῦν
992 2462 1359 2534 εὑρισκόμενα
1385 2475 1512 2514 συν·

434 2547 652 2616 αξτὶριιι·
692 2550 756 2619 τῇ
793 2545 945 2618 ῥύμῃ
981 2544 1041 2597 δὲ
1079 2548 1167 2610 τῆς
1201 2546 1389 2601 κακίας
1413 2547 1513 2595 τοῦ

430 2632 752 2698 σχίσματος
769 2628 1032 2690 κινηθείς,
1053 2624 1257 2694 ἔγραψε
1277 2626 1365 2673 καὶ
1388 2626 1511 2692 περὶ

430 2713 521 2774 τοῖς
584 2711 950 2778 προκειμένης
1007 2705 1145 2775 ἡμῖν
1197 2703 1514 2763 ὑποθέσεως

426 2789 653 2859 μεγάλα
715 2792 805 2840 καὶ
872 2785 1186 2857 θαυμαστά.
1275 2783 1394 2837 Ὅτι
1454 2784 1511 2837 δὲ

427 2875 605 2923 ταῦτα
659 2870 717 2922 ἐν
768 2864 1357 2922 Κωνσταντινουπόλει
1414 2864 1515 2917 οὐκ

428 2949 907 3020 ἀνεγινώσκοντο,
958 2947 1159 3006 πάντες
1196 2950 1376 3008 ἴσασι,
1425 2949 1512 2997 καὶ

428 3032 495 3085 οὐ
533 3033 630 3086 δεῖ
656 3050 728 3101 με
754 3033 1056 3101 περαιτέρω
1083 3031 1418 3099 προβαίνειν·
1457 3028 1515 3079 ἐν

429 3112 603 3185 ταύτῃ
632 3111 819 3182 μόνον
846 3115 911 3183 τῇ
936 3110 1092 3163 πόλει
1128 3111 1267 3170 τινες
1291 3112 1511 3160 κατέτα-

430 3200 533 3257 §av
559 3194 623 3246 ἐν
645 3196 721 3259 τῷ
748 3192 1020 3262 Τριῳδίῳ,
1059 3189 1128 3250 ὥς
1149 3191 1512 3264 εὑρίσκονται.

416 3274 534 3328 Ὅτι
575 3274 643 3325 δὲ
669 3274 797 3326 λίαν
830 3265 1218 3341 ἀσυλλόγιστα,
1259 3272 1288 3325 ὁ
1314 3271 1513 3338 βουλό-

423 3375 599 3426 μενος
620 3353 987 3419 ἀντιλεξάσθω
1006 3352 1072 3404 u?
1090 3353 1237 3422 αὐτῷ
1258 3357 1514 3424 εἰρημένα

423 3440 512 3488 καὶ
541 3436 771 3506 εὑρήσει
806 3433 982 3487 αὐτὸν
1007 3434 1065 3486 ἐν
1097 3436 1316 3493 πολλοῖς
1343 3434 1516 3500 ἑαυτῷ

423 3518 797 3586 ἀντιλέγοντα
835 3546 905 3554 -
943 3516 1052 3566 κτλ.

1620 2302 1889 2357 admodum
1927 2303 2124 2388 ridere:
2163 2305 2249 2375 qui
2277 2305 2547 2359 ambitiose
2569 2322 2685 2360 con-

1620 2383 1789 2436 tendit
1804 2424 1823 2452 ‚⁵
1870 2399 1972 2452 ea„
2001 2391 2146 2455 ‘quae
2199 2401 2332 2439 nunc
2381 2386 2430 2439 in
2483 2385 2687 2441 Triodio

1621 2459 1902 2533 synaxaria
1939 2465 2283 2536 reperiantur,
2335 2467 2686 2521 conscribere:

1622 2543 1815 2613 impetu
1864 2560 1990 2599 vero
2039 2545 2318 2614 pravitatis
2368 2550 2568 2614 motus,
2625 2548 2687 2600 de

1618 2626 1882 2694 proposito
1937 2626 2083 2680 nobis
2140 2632 2444 2695 argumento
2500 2644 2688 2698 magna

1620 2712 1675 2759 et
1724 2705 2046 2760 admirabilia
2095 2708 2318 2776 scripsit.
2403 2708 2503 2763 Sed
2553 2710 2688 2779 quod

1620 2801 1684 2839 ea
1721 2785 2167 2856 Constantinopoli
2219 2804 2322 2841 non
2372 2788 2687 2857 legerentur,

1622 2866 1853 2921 omnibus
1881 2872 1964 2920 est
1982 2872 2325 2937 compertum:
2362 2885 2458 2923 nec
2484 2876 2690 2939 oportet

1622 2963 1702 3000 me
1741 2947 1959 3002 ulterius
1996 2949 2291 3018 procedere.
2355 2949 2413 3003 In
2442 2950 2537 3004 hac
2564 2951 2687 3005 urbe

1624 3030 1827 3081 tantum
1866 3028 2070 3098 quidam
2110 3029 2162 3082 in
2188 3028 2409 3097 Triodio,
2448 3032 2686 3101 quemad-

1620 3108 1825 3162 modum
1863 3100 2221 3175 inveniuntur‚
2274 3110 2686 3178 collocaverunt;

1622 3204 1736 3242 esse
1788 3193 1961 3243 autem
2009 3205 2072 3243 ea
2108 3190 2258 3243 valde
2297 3191 2687 3259 irrationabilia,

1623 3270 1666 3322 si
1705 3270 1818 3339 quis
1857 3270 1989 3324 scire
2028 3270 2318 3336 desiderat,
2367 3272 2513 3341 legat
2559 3289 2689 3342 quae

1622 3350 1732 3419 ipse
1773 3351 2073 3419 composuit,
2123 3352 2448 3422 reperietque
2485 3370 2600 3407 eum
2640 3354 2688 3406 in

1626 3430 1884 3499 plerisque
1923 3431 2020 3484 sibi
2059 3432 2155 3499 ipsi
2181 3438 2496 3501 pugnantem
2535 3438 2634 3487 etc.

617 3607 664 3674 ¹)
705 3605 857 3676 Apud
894 3605 1174 3659 Hardouin.
1213 3605 1368 3660 Couc.
1409 3609 1446 3657 t.
1485 3604 1535 3666 9,
1574 3618 1624 3671 p.
1662 3602 1786 3655 422.

612 3685 663 3755 ²)
704 3686 838 3740 Vide
891 3701 1023 3755 quae
1075 3701 1137 3739 ea
1186 3685 1249 3740 de
1298 3702 1357 3740 re
1406 3683 1703 3752 scripsimus
1755 3682 1807 3735 in
1846 3680 2214 3751 Oenipontanis
2252 3683 2398 3736 Actis
2445 3684 2690 3739 literariis

428 3767 770 3837 Zeitschrist
798 3768 908 3837 fur
945 3765 1095 3819 katte.
1140 3765 1442 3834 Theoloqie‚
1482 3764 1637 3829 1880,
1675 3777 1759 3830 pp.
1798 3763 2100 3817 374-375.

611 3848 661 3917 ⁸)
704 3846 764 3901 In
784 3846 866 3900 his
887 3838 1440 3915 emiuetJosephus
1466 3844 1805 3911 episcopus
1831 3842 2332 3911 MethonensiS‚
2371 3845 2454 3914 qui
2478 3845 2691 3913 egregia

423 3935 477 3985 et
513 3926 985 4000 praestantissima
1022 3942 1116 3980 sua
1141 3926 1405 3996 Apoloqia
1430 3940 1543 3995 pro
1568 3924 1803 3992 quinque
1828 3923 2092 3992 capitibus
2114 3924 2312 3993 synodi
2333 3924 2692 3979 Florentinae

424 4027 584 4081 supra
626 4008 851 4065 laudata
888 4022 973 4075 pp.
1013 4006 1256 4075 24—26,
1309 4011 1495 4061 cuncta
1532 4020 1662 4074 quae
1700 4004 1766 4057 ad
1803 4004 1936 4057 hanc
1973 4006 2376 4059 controversiam
2415 4006 2691 4073 pertinent,

423 4092 649 4146 Graecis
690 4089 803 4142 late
845 4086 1076 4155 explicat
1112 4103 1156 4140 c.
1194 4089 1245 4153 2,
1285 4088 1377 4141 tali
1418 4088 1657 4141 lemmate
1696 4087 1953 4154 praefixo:

533 4173 681 4239 Περὶ
747 4172 846 4232 τῆς
903 4169 1171 4235 μυστικῆς
1222 4170 1311 4217 καὶ
1370 4169 1516 4237 ἱερᾶς

418 4255 672 4315 τελετῆς,
726 4248 883 4305 ὅπως
934 4245 1008 4295 δι’
1057 4245 1284 4315 ἀζύμων
1334 4265 1388 4300 τε
1427 4251 1515 4299 καὶ

417 4334 687 4403 ἕνζύμων
722 4324 1055 4398 ὀρθοδόξως
1090 4331 1175 4377 καὶ
1201 4327 1416 4393 ἀληθῶς
1453 4327 1515 4378 τό

416 4419 523 4469 τοῦ
550 4412 820 4482 Χριστοῦ
844 4409 941 4459 καὶ
962 4410 1106 4459 Θεοῦ
1125 4410 1283 4475 σῶμα
1303 4409 1518 4477 ἱερουρ-

416 4501 620 4566 γεῖτιιι.

1730 4167 1819 4219 De
1854 4166 2077 4235 mystico
2115 4169 2168 4218 et
2191 4169 2377 4220 sancto
2401 4165 2692 4235 sacrificio,

1625 4245 1768 4314 quod
1785 4245 1839 4298 in
1867 4261 2060 4315 azymo
2087 4249 2142 4298 et
2154 4246 2493 4314 fermentato
2513 4244 2691 4299 ortho-

1624 4324 1766 4378 doxe
1822 4328 1875 4378 et
1910 4342 2036 4379 eet-e
2085 4324 2295 4377 Christi
2341 4325 2454 4378 Dei
2498 4340 2694 4394 corpus

1625 4405 1923 4476 conficitur.
1988 4405 2160 4473 (Apud
2199 4405 2388 4472 Migne,
2429 4405 2569 4458 Patr.
2610 4421 2688 4473 gr.

1626 4492 1665 4538 t.
1707 4487 1827 4551 159,
1866 4501 1948 4555 pp.
1974 4486 2370 4551 1189—1228).
