3514 5391
853 505 923 559 58
1440 506 1600 561 Festa
1636 508 1844 561 mobilia
1879 512 2000 561 ante
2038 506 2511 577 Quadragesimam.

851 724 1103 785 nonam,
1154 704 1335 769 Dom.
1387 702 1733 790 Quinquag.
1789 704 1957 771 Ned.
2006 708 2067 772 2.
2107 728 2199 791 po
2248 705 2599 787 ammam,
2641 727 2752 772 seu
2791 708 2977 772 Dom.
3007 708 3094 773 II.

845 811 998 886 post
1039 824 1291 866 nonam.

1032 924 1491 992 Conclusio.
1544 965 1623 974 —-
1675 927 2216 1009 Quemadmodum
2275 928 2341 992 in
2401 929 2665 1011 praeviis
2713 929 3096 997 Graecorum

852 1024 1394 1119 exercitationibus
1470 1025 1655 1110 hujus
1714 1027 2015 1111 temporis
2078 1026 2287 1092 omnia
2345 1025 2764 1110 pulcherrimo
2827 1028 3094 1112 quodam

852 1124 1066 1189 ordine
1114 1130 1402 1189 conserte
1449 1128 1858 1209 contexteque
1905 1123 2041 1190 fieri
2091 1124 2375 1203 vidimuS,
2443 1127 2529 1190 ita
2587 1130 2652 1190 et
2710 1126 2773 1190 in
2835 1126 3100 1192 ecclesia

850 1211 1217 1287 occidentali
1264 1243 1422 1288 nexa
1465 1223 1628 1288 inter
1676 1242 1741 1287 se
1792 1222 2201 1307 copulataque
2249 1227 2393 1288 sunt
2439 1225 2667 1301 officia,
2717 1225 2941 1308 quibus
2974 1224 3093 1290 La-

849 1319 960 1383 tini
1006 1320 1195 1384 trium
1242 1320 1778 1386 hebdomadarum
1831 1322 2029 1404 spatio
2078 1322 2155 1386 ad
2193 1320 2506 1405 jejunium
2553 1323 3093 1408 quadragesimale

849 1437 1293 1501 praeparamur
1318 1419 1388 1504 ¹).
1482 1419 1741 1484 Nullum
1792 1420 1974 1484 nobis
2021 1424 2290 1503 tempuS,
2342 1420 2511 1486 nulla
2555 1420 2772 1486 lectori
2801 1421 3100 1506 patientia

849 1506 1200 1594 sufficeret,
1264 1517 1315 1581 si
1363 1516 1460 1582 vel
1508 1518 1868 1582 summatim
1915 1517 2040 1583 huc
2086 1519 2564 1602 transscriptum
2610 1519 2870 1598 iremus,
2939 1540 3095 1604 quae

850 1619 1134 1679 auctores
1196 1634 1354 1698 pene
1402 1616 1709 1681 innumeri
1771 1617 1850 1681 de
1896 1616 2081 1680 variis
2129 1618 2465 1683 eorundem
2516 1616 2866 1683 officiorum
2909 1619 3096 1683 ratio-

849 1713 1032 1777 nibus
1060 1712 1393 1792 historiciS,
1443 1715 1833 1799 dogmaticis,
1883 1713 2250 1799 allegoricis,
2285 1714 2703 1802 tropologicis,
2738 1718 3096 1803 anagogicis

849 1812 1250 1894 scripserunt,
1314 1812 1584 1877 maxime
1633 1812 1737 1896 qui
1787 1813 2267 1878 commentarios
2331 1811 2677 1878 Rationale
2738 1813 3097 1879 divinorum

848 1907 1201 1994 officiorum
1247 1915 1636 1994 nuncupatos
1660 1912 1712 1995 ²²)
1761 1911 1823 1975 in
1853 1909 2062 1976 lucem
2090 1912 2452 1977 emiserunt.
2527 1911 2748 1996 Itaque
2782 1932 2892 1996 pro
2926 1933 3097 1977 more

849 2010 911 2071 et
956 2007 1236 2073 instituto
1287 2028 1485 2091 pauca
1530 2010 1855 2074 dumtaxat
1899 2010 1975 2074 iis
2023 2009 2345 2085 addemuS,
2406 2029 2565 2093 quae
2612 2029 2801 2093 supra
2836 2009 2972 2093 jam
3018 2009 3096 2074 de

850 2100 1291 2192 προνηστίμου
1338 2107 1614 2191 ejusdem
1648 2108 1949 2192 temporis
1992 2108 2352 2173 charactere
2379 2108 2727 2193 generatim
2758 2112 2904 2173 sunt
2932 2108 3100 2174 dicta

851 2223 952 2287 pp.
1008 2202 1302 2280 14—15;
1354 2204 1585 2269 lectore
1634 2206 1837 2289 quoad
1887 2210 2132 2271 caetera
2178 2206 2254 2271 ad
2283 2209 2454 2290 ipsos
2482 2205 2686 2271 fontes
2714 2205 2765 2290 ³)
2795 2206 3094 2293 relegato.

1036 2437 1074 2504 ¹)
1114 2436 1334 2507 „Tribus
1347 2438 1678 2493 hebdomadis
1697 2438 2140 2508 Septuagesimae,
2167 2438 2533 2508 Sexagesimae
2560 2444 2615 2492 et
2633 2437 3098 2508 Quinquagesimae

849 2517 1069 2571 ecclesia
1120 2518 1396 2587 praecipua
1447 2518 1811 2590 redemptionis
1873 2524 2085 2573 nostrae
2131 2519 2381 2590 mysteria
2429 2518 2723 2573 meditanda
2781 2519 2929 2573 nobis
2981 2534 3097 2588 pro-

850 2598 1007 2667 ponit,
1052 2614 1145 2652 nos
1183 2602 1241 2651 ut
1279 2598 1470 2652 efficiat
1507 2599 1571 2652 ad
1609 2599 2070 2669 quadragesimalis
2107 2600 2353 2669 temporis
2391 2599 2724 2653 severitatem
2763 2599 3097 2653 δώωσι-θεέ*

851 2677 933 2732 Ita
968 2676 1280 2733 Benedictus
1316 2678 1416 2733 ΡΡ.
1456 2678 1593 2748 XIV,
1632 2695 1751 2734 mox
1789 2680 2077 2735 afferendus
2114 2695 2164 2750 p.
2203 2680 2290 2736 68.

1029 2758 1072 2826 ²)
1112 2759 1339 2814 Indolem
1374 2760 1555 2814 horum
1592 2777 1804 2831 operum
1841 2762 1952 2831 ipse
1988 2761 2341 2816 Durandus
2380 2765 2619 2830 exponat.
2674 2760 2832 2816 Liber
2870 2761 2986 2829 iste,
3025 2761 3099 2814 in·

848 2841 960 2911 quit
1009 2841 1058 2894 in
1108 2842 1400 2896 Prooemio
1438 2842 1599 2908 libri,
1652 2859 1703 2896 n.
1744 2843 1842 2910 16,
1900 2843 2216 2898 Rationalis
2263 2843 2512 2897 vocabulo
2564 2841 2887 2896 describitur.
2963 2840 3098 2895 Nam

846 2920 1270 2991 quemadmodum
1308 2922 1359 2975 in
1396 2923 1634 2976 rationali
1668 2923 1863 2992 judicii,
1902 2923 2035 2993 quod
2071 2924 2258 2994 legalis
2294 2923 2527 2993 pontifex
2565 2922 2767 2977 ferebat
2791 2921 2842 2975 in
2868 2925 3099 2990 pectore,

849 3002 1097 3071 scriptum
1135 3007 1277 3057 erat:
1335 3002 1720 3073 Manifestatio
1756 3006 1812 3057 et
1846 3003 2070 3069 veritas,
2108 3005 2188 3057 sic
2220 3007 2276 3057 et
2311 3003 2394 3057 hic
2431 3004 2658 3057 rationes
2697 3001 3012 3055 varietatum
3046 3001 3098 3056 in

848 3081 1033 3135 divinis
1071 3082 1252 3136 officiis
1290 3086 1344 3135 et
1381 3098 1557 3136 earum
1594 3084 1848 3137 veritates
1887 3083 2261 3149 describuntur,
2300 3099 2428 3153 quas
2465 3083 2518 3136 in
2554 3081 2741 3136 scrinio
2767 3082 2994 3151 pectoris
3019 3082 3098 3135 sui

848 3161 1182 3215 ecclesiarum
1221 3163 1442 3231 praelati
1482 3168 1535 3217 et
1573 3164 1871 3218 sacerdotes
1909 3164 2096 3218 debent
2133 3163 2356 3218 fideliter
2392 3178 2716 3220 conservare.
2781 3161 2850 3216 Et
2886 3162 3021 3217 sicut
3047 3163 3099 3216 in

847 3241 935 3295 illo
973 3246 1089 3296 erat
1126 3242 1286 3312 lapis,
1343 3243 1393 3296 in
1442 3245 1586 3313 cujus
1624 3244 1895 3314 splendore
1945 3244 2034 3299 filii
2073 3243 2239 3298 Israel
2278 3244 2443 3298 Deum
2495 3244 2589 3298 sibi
2643 3243 2752 3296 fore
2803 3242 3098 3312 propitium,

793 3329 799 3335 ’
849 3323 1230 3391 agnoscebant:
1286 3322 1361 3377 sic
1398 3328 1452 3378 et
1491 3323 1709 3378 devotus
1744 3325 1912 3378 lector
1949 3340 2013 3377 ex
2050 3325 2199 3392 hujus
2236 3325 2471 3397 lectionis
2510 3322 2778 3393 splendore
2816 3323 2868 3376 in
2906 3323 3098 3377 divino-

849 3421 959 3458 rum
998 3406 1279 3459 officiorum
1317 3406 1581 3475 mysteriis
1618 3406 1865 3474 erudituS,
1904 3405 2141 3475 agnoscit
2179 3405 2342 3460 Deum
2380 3406 2527 3460 nobis
2565 3405 2674 3458 fore
2699 3403 2976 3473 propitium
2999 3403 3098 3456 nisi

850 3485 984 3540 forte
1021 3487 1132 3555 ejus
1169 3485 1573 3556 indignationem
1625 3486 1805 3555 culpae
1855 3485 2158 3540 offendiculo
2206 3485 2487 3555 improvide
2541 3486 2878 3539 incurramus.
2967 3482 3098 3537 Illud

847 3581 1045 3636 quoque
1083 3571 1304 3637 quatuor
1340 3566 1591 3621 coloribus
1631 3581 1757 3620 auro
1797 3571 2092 3620 contextum
2131 3571 2262 3635 erat,
2302 3572 2356 3620 et
2391 3566 2475 3620 hic
2513 3565 2595 3632 (ut
2619 3563 2958 3634 praemissum
2993 3566 3097 3630 est)

848 3646 1075 3702 rationes
1114 3647 1426 3701 varietatum
1463 3647 1515 3700 in
1552 3647 1920 3701 ecclesiasticis
1957 3648 2109 3701 rebus
2160 3650 2316 3716 atque
2354 3647 2551 3708 officiiS,
2589 3649 2812 3716 quatuor
2848 3644 3098 3709 sensibus,

852 3726 1092 3780 videlicet
1132 3728 1394 3794 historico,
1434 3727 1730 3797 allegorico,
1783 3728 2102 3797 tropologico
2141 3732 2195 3782 et
2231 3728 2548 3797 anagogico,
2595 3725 2693 3781 fide
2730 3726 2914 3791 media,
2965 3724 3097 3779 colo·

849 3811 1047 3861 rantur.

1029 3887 1074 3954 ³)
1115 3888 1306 3954 Quodsi
1344 3888 1425 3942 cui
1462 3888 1633 3941 aditus
1671 3889 1735 3941 ad
1773 3890 1865 3942 hos
1906 3889 2074 3942 fontes
2121 3904 2224 3968 pon
2255 3887 2384 3941 adeo
2419 3887 2570 3941 facile
2612 3889 2787 3956 patet,
2840 3886 3098 3940 suadenda

848 3968 1012 4021 eidem
1060 3973 1141 4021 est
1190 3968 1344 4022 lectio
1398 3968 1597 4037 egregii
1646 3969 1817 4037 operis
1864 3968 2145 4023 doctissimi
2199 3967 2404 4022 abbatis
2452 3965 2792 4021 Solesmensis
2837 3966 2901 4019 D.
2939 3965 3098 4020 Pro-

849 4049 1034 4117 speri
1073 4047 1502 4116 Guerange-r‚
1556 4049 1742 4101 Annae
1789 4048 2117 4117 liturqique,
2170 4048 2219 4101 in
2269 4063 2368 4117 quo
2416 4048 2582 4100 multa
2629 4046 2899 4116 praeclara
2949 4046 3097 4101 docu-

846 4135 1037 4194 menta,
1089 4145 1151 4182 ex
1190 4130 1315 4198 ipsis
1352 4129 1432 4182 his
1472 4128 1697 4182 fontibus
1736 4128 2034 4197 desumpta,
2087 4133 2146 4181 ut
2197 4128 2260 4181 ad
2312 4127 2580 4181 sublimem
2627 4142 2798 4181 rerum
2835 4141 3097 4180 sacrarum

848 4208 1116 4262 scientiam
1153 4208 1547 4277 promovendam
1587 4223 1830 4277 congrua,
1870 4208 1945 4261 ita
1982 4207 2047 4260 ad
2085 4208 2196 4276 pios
2234 4207 2388 4261 animi
2427 4223 2609 4262 sensus
2635 4208 2935 4262 excitandos
2960 4207 3098 4261 alen·

848 4290 1037 4359 dosque
1076 4295 1391 4359 comparata,
1430 4293 1552 4358 apte
1591 4288 1914 4343 evolvuntur.
1990 4288 2134 4342 Istud
2171 4304 2294 4342 vero
2332 4288 2602 4342 dolendum
2639 4292 2747 4341 est.
2799 4287 2934 4357 quod
2979 4286 3096 4341 illae

848 4370 1018 4437 operis
1055 4374 1249 4438 partes,
1302 4385 1431 4438 quae
1470 4370 1531 4423 de
1571 4370 1792 4424 ecclesia
1829 4370 2067 4424 orientali
2105 4374 2352 4434 tractant,
2391 4370 2679 4424 manifestis
2716 4369 2975 4424 erroribus
3010 4368 3096 4421 im·

848 4466 1027 4504 munes
1063 4466 1163 4503 non
1202 4455 1337 4518 sunt,
1377 4449 1800 4520 quemadmodum
1840 4450 2144 4504 ostendetur
2179 4450 2314 4503 infra
2351 4449 2416 4504 ad
2452 4449 2601 4504 Dom.
2640 4448 2730 4503 ΠΙ.
2767 4448 3027 4516 Quadi-ag.
