3514 5391
810 471 886 524 '1⁹6
924 470 1092 541 ἅγιον
1127 476 1214 524 καὶ
1250 475 1396 543 μέγα
1433 471 1722 537 σάββατον.
1779 470 2060 527 Sabbatum
2097 470 2360 527 Sanctum.

481 669 766 758 ἡμέτερον
843 669 1023 754 γένος
1094 668 1456 758 ἅνακληθὲν
1483 671 1533 756 ¹)
1642 680 1839 735 strum
1902 670 1981 734 ab
2044 671 2308 734 interitu
2356 691 2580 733 revoca

480 767 636 854 πρὸς
654 763 917 834 αἰωνίαν
935 767 1102 858 ζωὴν
1112 766 1532 857 μεταβέβηκε.
1645 769 1735 834 ad
1781 779 2105 834 aeternam
2140 772 2338 834 vitam
2386 771 2585 834 transi

649 896 782 961 Hoc
847 895 1025 960 titulo
1090 895 1380 961 ultimum
1439 894 1671 960 Triodii
1737 894 1969 960 festum
2020 894 2440 960 annuntiatur.
2491 893 2585 975 ,Q

479 994 672 1059 eidem
718 995 1072 1078 subjectum
1119 1001 1214 1059 est
1240 994 1656 1078 synaxarium‚
1706 992 2105 1077 Nicephorus
2144 991 2434 1058 Callistus
2482 993 2559 1058 ab

480 1090 652 1157 celsis
697 1091 884 1174 hujus
929 1092 1051 1157 diei
1100 1092 1543 1177 praerogativis
1590 1092 1664 1157 ad
1712 1095 1989 1157 mentem
2036 1111 2084 1157 S.
2135 1091 2395 1156 Joannis
2440 1090 2585 1176 clm

481 1191 655 1255 stomi
702 1190 1131 1256 describendis
1178 1191 1524 1269 exorditur,
1594 1190 2121 1274 quemadmodum
2170 1211 2356 1275 supra
2394 1190 2526 1274 jam
2577 1210 2585 1253 1

421 1300 427 1306 ’
479 1289 720 1354 nuimus
765 1310 826 1373 p.
877 1289 1027 1356 212.
1123 1288 1348 1354 Paucis
1393 1290 1619 1355 deinde
1668 1289 1940 1354 rationes
1985 1292 2102 1352 τοῖ·
2148 1285 2485 1369 ’σαββάτου
2532 1282 2585 1372 (ἲ

478 1385 880 1464 κατάπαυσις
925 1382 1363 1475 ἑρμηνεύεται)
1410 1388 1784 1471 disputando
1817 1386 2124 1471 proponit,
2175 1386 2585 1451 commentari¹

479 1507 594 1571 que
638 1488 894 1553 tandem
944 1524 1024 1535 —
1076 1486 1414 1570 explicatiS,
1464 1506 1622 1570 quae
1669 1486 1732 1550 in
1772 1485 1950 1549 titulo
1999 1486 2317 1569 proposita
2361 1489 2524 1561 sunt,
2575 1491 2585 1548 1

478 1584 785 1669 mysteriis
836 1622 918 1632 —
970 1585 1252 1650 absolvit.
1303 1622 1385 1632 —-
1436 1584 1570 1650 Nos
1617 1584 1800 1668 spatii
1836 1583 2139 1669 angustiis
2173 1582 2410 1660 inclusi,
2461 1582 2581 1647 alte

480 1688 713 1767 partem
770 1688 1010 1749 tantum
1061 1684 1334 1749 breviter
1381 1683 1792 1768 attingemus,
1859 1686 1929 1745 ut
1974 1680 2329 1766 diligentius
2391 1680 2533 1745 festi
2582 1702 2585 1743 j

477 1781 660 1846 steria
709 1785 919 1847 mente
967 1782 1296 1865 animoque
1344 1780 1749 1866 contemplari
1799 1780 2128 1865 possimus,

653 1888 1002 1953 Sabbatum
1061 1890 1224 1971 apud
1273 1888 1594 1954 Hebraeos
1660 1908 1773 1972 pro
1839 1891 1967 1952 tota
2028 1886 2420 1951 hebdomade
2487 1889 2549 1950 et

477 1988 739 2071 septimo
788 1987 1200 2053 hebdomadis
1249 1988 1348 2052 die
1397 1987 1682 2052 sumitur.
1759 1986 1925 2051 Hinc
1971 1984 2274 2050 dictiones
2316 1983 2532 2069 prima
2576 2009 2585 2044 s

477 2084 628 2166 bati,
677 2087 956 2151 secunda
984 2086 1254 2165 sabbati,
1306 2086 1496 2156 tertia
1526 2084 1799 2164 sabbati,
1850 2089 1911 2149 et
1950 2084 2039 2149 sic
2067 2082 2361 2165 deinceps
2391 2101 2585 2146 sumu]

479 2205 586 2268 pro
634 2185 996 2267 Dominica,
1027 2183 1217 2270 feria
1264 2185 1374 2262 IL,
1406 2183 1596 2269 feria
1642 2183 1764 2250 ΙΙΙ.
1816 2186 1935 2247 etc.

656 2290 1003 2356 Sabbatum
1048 2301 1351 2370 sanctum,
1399 2291 1600 2375 inquit
1630 2290 1737 2354 Ru
1761 2294 2045 2373 pertus
2078 2288 2569 2365 TuitiensiS,

477 2391 714 2455 divinis
761 2390 1012 2477 officiis,
1072 2389 1113 2454 l.
1163 2390 1223 2467 6,
1276 2382 1327 2456 c.
1379 2389 1465 2455 35
1490 2390 1563 2473 2),
1613 2411 1740 2476 pro
1788 2387 2222 2472 magnitudine
2266 2387 2365 2449 rei
2411 2408 2585 2450 coma

475 2510 700 2553 ⁴nomen
747 2490 1031 2553 excessit.
1140 2488 1400 2552 Dicitur
1461 2498 1668 2551 autem
1729 2485 2061 2551 sabbatum
2124 2505 2260 2550 san
2284 2486 2491 2549 ctu'm
2514 2535 2527 2562 ‚

470 2597 742 2673 propter
788 2586 929 2651 alia
964 2583 1188 2673 plura,
1239 2596 1366 2650 mm
1411 2587 1683 2650 maxime
1725 2595 1992 2671 propter
2021 2585 2150 2660 hoc,
2199 2581 2367 2668 quod
2406 2581 2493 2645 ad
2529 2604 2585 2645 ει

468 2686 780 2772 piendam
812 2694 1057 2750 tantam
1082 2684 1340 2750 luminis
1363 2683 1720 2751 claritatem
1741 2707 1908 2749 nova
1933 2680 2195 2748 ecclesia
2219 2704 2398 2747 sacro
2428 2680 2585 2768 bapt¹

477 2784 658 2866 fonte
706 2783 1160 2869 sanctificatur.

660 2891 1199 2972 Quemadmodum
1250 2891 1508 2958 Graecis
1556 2898 1651 2956 est
1704 2887 1781 2953 τὸ
1828 2887 2164 2971 σάββατον
2224 2890 2335 2974 τῆς
2386 2889 2585 2950 &soon

481 2993 719 3076 ταφῆς,
789 2991 877 3055 ita
936 2994 1000 3055 et
1045 2990 1283 3055 Latinis
1349 2991 1595 3073 saepius
1661 2988 2008 3073 appellatur
2074 2986 2345 3070 Requies
2406 2985 2585 3048 Domt

484 3091 787 3175 emporis,
836 3094 906 3154 ut
953 3108 1027 3154 ex
1074 3089 1387 3154 veteribus
1437 3087 1799 3154 Missalibus
1849 3089 2019 3170 patet
2067 3085 2230 3169 apud
2279 3084 2393 3148 Du
2428 3081 2585 3148 Gan

494 3184 782 3251 Glossar.
834 3184 948 3252 lat.
998 3207 1052 3253 v.
1106 3186 1473 3251 Sabbatum.

663 3293 801 3358 Hoc
849 3294 1179 3359 sabbatum
1228 3294 1514 3359 similiter
1560 3302 1846 3357 sanctum
1894 3290 2207 3374 appellant
2246 3289 2461 3356 Galli
2491 3312 2585 3352 sav

489 3392 677 3470 saint,
724 3391 847 3457 Ita
866 3392 922 3457 li
949 3391 1214 3457 sabbato
1242 3403 1425 3456 santo
1457 3392 1681 3475 aliique
1707 3391 1914 3475 populi
1943 3387 2392 3465 occidentales;
2441 3407 2584 3472 may

490 3495 693 3555 autem
728 3495 951 3567 vocant
984 3491 1343 3576 Hungari
1392 3514 1560 3577 naqy
1607 3489 1884 3553 szombat
1932 3493 1993 3553 et
2022 3486 2272 3565 Slavi,
2322 3486 2411 3550 uti
2445 3484 2585 3550 Ser

492 3587 832 3654 Oroatae
898 3587 1105 3653 velika
1166 3588 1501 3673 subota2),
1571 3587 1900 3652 Sloveni
1966 3583 2080 3652 vel.
2132 3584 2379 3662 sobota,
2446 3582 2585 3647 Pol

818 3717 919 3724 —-

674 3789 715 3852 ¹)
753 3785 1071 3847 Ἀνακαλέω,
1110 3801 1312 3852 revoco,
1352 3800 1552 3854 repam,
1591 3788 1847 3837 restauro.
1890 3812 1954 3820 —
1993 3781 2363 3835 Annuntiatam
2409 3779 2493 3833 hic
2530 3795 2585 3846 ge

491 3868 653 3922 nostri
690 3867 1052 3922 liberationem
1099 3866 1162 3920 ab
1201 3870 1417 3919 aeterna
1453 3864 1781 3918 damnatione
1831 3880 1931 3917 non
1978 3864 2052 3916 ita
2090 3878 2205 3916 esse
2250 3860 2585 3929 accipiendau

493 3950 535 4002 si
572 3964 767 4014 omme,
809 3951 1060 4019 quotquot
1097 3946 1161 4000 ab
1200 3946 1322 3999 orbe
1362 3945 1565 4000 condito
1605 3946 1815 3999 fuerunt
1851 3944 2097 4010 nominee,
2137 3941 2324 3995 salvati
2351 3942 2471 4007 sint,
2510 3940 2585 4009 plu

492 4029 716 4085 dicemus
755 4028 986 4082 crastino
1024 4027 1125 4081 die.

669 4109 716 4177 ²)
757 4108 908 4177 Apud
946 4107 1136 4176 Migne‚
1175 4106 1318 4160 Patr.
1356 4105 1448 4160 lat.
1487 4111 1526 4159 t.
1567 4107 1686 4172 170,
1726 4121 1777 4173 p.
1818 4106 1938 4157 168.

671 4189 715 4258 ⁸)
752 4189 812 4243 In
851 4204 1063 4257 corpore
1094 4188 1226 4257 juris
1265 4187 1493 4240 canonici
1533 4187 1690 4239 etiam
1715 4184 1905 4239 dicitur
1940 4183 2221 4238 sabbatum
2248 4196 2502 4249 maynum
2543 4182 2585 4244 (c

493 4270 738 4326 lectionis
763 4270 852 4323 12.
884 4268 1020 4322 Dist.
1042 4270 1132 4333 76)
1174 4271 1228 4321 et
1253 4267 1533 4321 sabbatum
1559 4267 1731 4334 &ociis
1749 4281 1983 4333 maynae
2011 4265 2078 4327 (c.
2095 4262 2339 4315 Licet-as.
2374 4262 2455 4313 13.
2472 4260 2585 4313 Dist

496 4353 708 4421 indeque
749 4349 886 4404 idem
925 4349 1021 4402 hoc
1057 4364 1242 4402 nomen
1280 4346 1481 4417 (velik‘a
1519 4345 1737 4416 sabota)
1786 4346 1838 4400 in
1875 4344 2200 4398 Breviarium
2238 4340 2486 4392 slavicum
2526 4340 2585 4393 rit

495 4432 719 4485 transiit.

2429 4509 2526 4562 17*

2604 471 2711 526 259
