3514 5391
809 492 916 551 676
1268 568 1275 574 .
1356 491 1437 578 De
1469 492 1683 564 jeiuniis
1720 490 2248 563 Syroaeehaldaeorum
2274 488 2522 546 Malabar.

815 605 1149 614 .-—-———----—---
1178 606 1219 611 --
1252 605 1307 610 ....
2955 600 3064 606 .-

811 699 873 757 et
921 712 1080 776 quae
1129 694 1690 775 supererogantur,
1757 707 1875 752 nec
1938 687 2056 770 liis¹
2100 688 2322 771 diebus
2385 688 2461 770 ad
2525 688 2699 752 cibos
2757 687 3066 753 esuriales

812 809 1191 874 quemquam
1242 807 1381 853 esse
1430 787 1801 872 cogendum.

992 896 1303 977 Quantum
1352 915 1496 961 vero
1544 894 1764 958 attinet
1811 895 1889 957 ad
1920 893 2192 958 triduum
2219 892 2439 977 jejunii
2467 893 2668 959 Jonae
2697 891 3066 978 prophetae,

815 997 981 1081 quod
1031 995 1344 1080 appellant
1390 992 1763 1057 Munaneba
1787 993 1858 1075 ¹),
1918 998 1980 1057 et
2028 993 2348 1057 exordium
2396 992 2586 1057 sumit
2637 992 2738 1057 18.
2787 992 2887 1056 die
2937 992 3069 1076 pri-

816 1116 981 1159 mam
1030 1093 1556 1179 Quadragesimae
1604 1093 1772 1158 diem
1807 1094 2237 1177 praecedente,
2289 1094 2367 1158 ob
2397 1093 2592 1177 ipsius
2629 1093 3068 1176 antiquitatem

815 1200 877 1258 et
924 1194 1316 1259 sanctitatem
1371 1195 1544 1275 optat
1591 1191 1866 1274 synodus
1914 1191 2243 1277 diligenter
2289 1193 2541 1256 servari.
2636 1190 2874 1256 Verum
2918 1192 3075 1275 quia

815 1292 1136 1357 christiani
1192 1310 1304 1375 per
1359 1289 1476 1354 hos
1538 1289 1740 1354 solent
1789 1291 2119 1354 convenire
2167 1289 2300 1354 dies
2361 1290 2426 1354 in
2473 1290 2800 1355 ecclesiam
2853 1290 3074 1373 ibique

818 1389 1190 1454 manducare
1258 1388 1542 1451 Nerclzas
1564 1386 1634 1471 2),
1708 1407 1868 1471 quae
1930 1391 2261 1472 parantur,
2329 1386 2644 1453 laudatum
2707 1389 3071 1453 triduanum

811 1488 1115 1571 jejunium
1183 1506 1307 1551 non
1369 1487 1641 1571 graviter
1706 1486 2041 1578 praecipit3
2110 1505 2326 1550 omnes
2388 1491 2595 1551 tamen
2650 1488 2824 1573 gravi
2882 1505 3073 1570 prae-

819 1590 997 1670 cepto
1046 1586 1375 1650 obstrictos
1406 1604 1543 1649 esse
1579 1584 1707 1649 vult
1736 1584 1814 1648 ad
1848 1604 1971 1648 non
2002 1584 2419 1649 comedendos
2450 1585 2808 1649 memoratis
2841 1583 3078 1648 diebus

816 1685 933 1748 nisi
983 1684 1156 1749 cibos
1204 1681 1773 1767 quadragesimales
1799 1680 1871 1766 ³).
1975 1682 2072 1746 Ad
2140 1688 2483 1747 extremum
2534 1683 2770 1760 statuit,
2828 1687 2916 1760 ut,
2969 1702 3079 1747 re-

815 1784 962 1848 licto
1009 1782 1529 1847 Nestorianorum
1597 1801 1770 1846 more
1823 1780 2145 1865 jejunandi
2212 1802 2247 1846 a
2306 1781 2454 1845 solis
2511 1801 2734 1846 occasu
2795 1781 2871 1844 ad
2918 1779 3080 1845 solis

821 1899 1149 1958 occasum,
1225 1881 1289 1944 in
1351 1885 1669 1963 posterum
1737 1899 1880 1944 cum
1945 1880 2207 1944 caeteris
2269 1878 2624 1944 christianis
2681 1879 2978 1964 gentibus
3042 1900 3082 1942 a

830 1978 1038 2043 media
1082 1982 1264 2042 noete
1312 1977 1390 2041 ad
1436 1979 1704 2043 mediam
1753 1982 2001 2042 noctem
2042 1977 2350 2059 jejunium
2397 1981 2664 2042 servent.

1007 2119 1049 2187 ¹)
1088 2119 1387 2188 Legendum
1437 2135 1552 2173 esse
1603 2119 1811 2173 videtur
1847 2119 2259 2185 Mammam-ba,
2315 2119 2448 2190 quod
2497 2123 2580 2173 est
2621 2119 2872 2190 jejunium
2909 2118 3078 2173 trium

814 2203 1025 2268 dierum,
1065 2218 1129 2255 ex
1166 2201 1476 2255 malabarico
1503 2202 1732 2266 Manna,
1771 2201 1803 2254 i.
1844 2217 1908 2269 e.,
1949 2217 2188 2254 numerus
2225 2202 2503 2268 tei-narina,
2543 2207 2598 2255 et
2635 2201 2899 2271 Nojerba,
2932 2202 3077 2271 jeju-

817 2284 972 2337 nium.
1050 2281 1213 2349 (Nota
1249 2280 1507 2335 Raulin.
1547 2281 1611 2334 ad
1649 2281 1699 2334 h.
1739 2281 1795 2347 l.)

999 2361 1043 2430 ²)
1082 2362 1304 2416 Nercha
1344 2366 1426 2416 est
1463 2361 1681 2415 convivii
1734 2361 1949 2430 parandi
1989 2361 2170 2415 turbae
2209 2361 2457 2428 fidelium,
2510 2361 2561 2415 in
2599 2362 2869 2417 ecclesiam
2908 2361 3078 2415 certis

818 2442 1228 2497 solemnitatibus
1268 2441 1647 2508 confluentium,
1686 2447 1864 2495 votum
1902 2457 1992 2495 seu
2032 2442 2269 2511 sponsio:
2321 2442 2375 2496 in
2411 2458 2510 2512 quo
2547 2441 2747 2498 fercula
2784 2457 2974 2512 oryzae
3019 2447 3080 2496 et

820 2525 1015 2579 fructus
1055 2521 1227 2592 aliqui,
1265 2522 1410 2577 nucis
1448 2521 1646 2576 indicae
1684 2521 1821 2576 lacte
1861 2521 2052 2576 conditi
2091 2522 2412 2590 exhibentur,
2460 2523 2616 2591 longo
2654 2522 2831 2577 ordine
2870 2524 3080 2578 cunctis

819 2606 1083 2674 utriusque
1139 2620 1294 2657 sexus
1350 2603 1507 2656 etiam
1558 2602 1793 2671 inopibus
1843 2603 1982 2657 intra
2033 2602 2305 2658 ecclesiam
2361 2604 2413 2656 in
2463 2610 2606 2658 terra
2657 2603 3078 2670 considentibus;

819 2685 1117 2741 sacerdotes
1154 2688 1328 2738 autem
1364 2683 1416 2737 in
1453 2682 1700 2753 gradibus
1738 2683 1924 2738 sedent
1960 2683 2161 2737 altaris.
2219 2682 2305 2738 Fit
2344 2684 2632 2739 convivium
2656 2689 2873 2754 peracta
2894 2683 3077 2749 Missa,

820 2767 871 2820 in
907 2783 1007 2837 qua
1045 2781 1220 2819 omnes
1258 2764 1648 2831 communicant,
1688 2765 1923 2819 recitatis
1961 2764 2102 2833 prius
2140 2764 2441 2834 quibusdam
2479 2765 2734 2835 precibus,
2769 2781 2898 2836 quas
2924 2765 3078 2819 finito

820 2844 1032 2917 prandio
1070 2848 1465 2915 prosequuntur.
1541 2844 1684 2911 Quae
1723 2845 1958 2900 convivia
1996 2844 2195 2914 priscas
2233 2861 2428 2915 agapes
2477 2862 2578 2900 non
2629 2845 2780 2899 modo
2816 2846 3077 2911 referunt,

821 2927 911 2980 sed
949 2925 1290 2980 aemulantur.
1365 2923 1530 2990 Quum
1582 2942 1643 2979 ea
1693 2926 1824 2979 fiunt
1872 2942 1965 2995 pro
2005 2925 2288 2992 defunctis,
2339 2932 2592 2981 vocantur
2632 2926 2806 2979 Cluuia
2844 2930 2938 2980 aut
2976 2926 3075 2980 Ce-

820 3012 965 3061 ruta.
1022 3007 1246 3062 Nercha
1283 3011 1456 3060 autem
1494 3006 1792 3077 plerumque
1829 3008 1889 3060 fit
1927 3006 1978 3058 in
2015 3006 2384 3063 Anniversaiio
2421 3006 2774 3061 Dedicationis
2800 3007 3075 3071 ecclesiae,

822 3094 877 3141 et
915 3087 965 3141 in
1002 3086 1291 3157 praecipuis
1329 3086 1740 3141 solemnitatibus
1780 3092 1834 3140 et
1872 3086 1925 3140 in
1961 3086 2248 3157 aliquorum
2283 3088 2493 3157 nuptiis.
2534 3087 2696 3153 (Nota
2733 3087 2962 3153 Raulin.)

1004 3165 1048 3235 ⁸)
1088 3167 1368 3236 Jejzmium
1408 3168 1697 3237 viminum,
1735 3167 1870 3237 quod
1905 3166 1954 3221 N
1957 3167 2205 3221 estol-iani
2243 3184 2274 3221 a
2311 3168 2590 3237 majoribus
2627 3169 2922 3223 institutum
2949 3169 3074 3223 olim

823 3248 1059 3303 colebant
1097 3249 1262 3302 tribus
1300 3254 1420 3317 post
1458 3249 1648 3303 festum
1685 3248 2004 3318 Epiphaniae
2043 3248 2238 3313 diebu3‚
2288 3253 2520 3319 tempore
2558 3250 2738 3319 synodi
2779 3249 3072 3320 Diamperi-

822 3333 973 3383 tanae
1011 3344 1111 3382 non
1148 3329 1365 3398 amplius
1403 3328 1453 3382 in
1480 3345 1574 3383 usu
1612 3329 1772 3383 fuisse
1797 3329 2004 3383 videtur
2028 3329 2164 3399 apud
2191 3329 2498 3385 christianos
2518 3329 2827 3384 Malabares.
2884 3328 3072 3384 Ortum

820 3408 1074 3462 habuerat
1124 3408 1176 3462 in
1213 3409 1424 3478 regione
1473 3410 1798 3464 Hirtensium
1846 3414 2061 3480 propter
2109 3410 2466 3465 liberationem
2514 3428 2546 3465 a
2591 3410 2813 3480 flagellis
2849 3411 3072 3467 incendii

822 3493 877 3542 et
914 3489 1093 3558 pestis.
1150 3488 1315 3554 Quum
1349 3505 1474 3544 vero
1500 3490 1864 3560 progrediente
1891 3496 2123 3560 tempore
2155 3508 2218 3545 ex
2245 3492 2563 3561 negligentia
2587 3491 2846 3545 hominum
2885 3490 3072 3544 finisset

822 3571 1096 3637 omissum,
1146 3584 1241 3638 per
1277 3570 1409 3625 hanc
1444 3572 1766 3626 occasionem
1803 3571 1995 3640 legitur
2031 3572 2329 3626 restitutum
2380 3572 2474 3626 sub
2511 3588 2644 3627 novo
2681 3571 2832 3626 titulo
2856 3571 3078 3641 jejnnii

822 3650 1121 3719 eirqinum:
1172 3649 1616 3716 AbdalmalechuS,
1666 3652 1896 3706 Arabum
1933 3668 2025 3705 rex
2063 3652 2269 3709 saeculo
2306 3654 2356 3719 7,
2402 3669 2556 3724 quum
2594 3653 2656 3706 de
2693 3652 3071 3721 pulchritudine

823 3731 1090 3785 mulierum
1140 3730 1458 3784 Hirtensium
1509 3732 1786 3793 audiisset,
1841 3732 1908 3785 ad
1945 3732 2232 3802 praesidem
2270 3735 2382 3804 ejus
2418 3734 2517 3788 loci
2566 3733 2725 3801 misit,
2761 3738 2820 3788 ut
2857 3736 3072 3788 cunctas

824 3812 1052 3880 virgines
1090 3811 1202 3864 viro
1239 3816 1390 3880 aptas
1416 3811 1652 3880 eligeret.
1714 3811 1811 3878 Qui
1831 3814 1991 3882 jussis
2017 3814 2393 3883 obtemperans,
2431 3831 2521 3869 eas
2548 3815 2598 3868 in
2624 3813 2779 3868 aedes
2804 3828 2928 3867 suas
2953 3828 3072 3867 con·

823 3907 1047 3961 gregare
1086 3892 1270 3960 coepit.
1341 3891 1469 3946 Tum
1508 3893 1773 3947 christiani
1811 3894 2037 3948 universi
2076 3894 2126 3947 in
2164 3894 2433 3949 ecclesiam
2458 3895 2788 3961 confluenteS,
2820 3895 3070 3963 jejunium

825 3978 878 4026 et
916 3973 1198 4026 orat-ionem
1237 3972 1532 4043 adhibuere,
1572 3974 1844 4027 Dominum
1883 3975 2031 4028 enixe
2066 3974 2419 4045 deprecanteS,
2468 3979 2525 4028 ut
2561 3975 2968 4044 indignationem
3004 3975 3068 4028 ab

825 4052 900 4106 eis
938 4058 1220 4106 averteret.
1297 4052 1475 4107 Tertia
1512 4054 1675 4123 igitur
1712 4054 1822 4121 die,
1874 4070 2028 4124 quum
2064 4054 2291 4109 Joannes
2327 4056 2545 4123 (Azrak)
2585 4072 2760 4110 eorum
2799 4056 3068 4125 episcopus

826 4134 1149 4203 evangelium
1186 4133 1406 4203 legeret,
1444 4135 1831 4189 Abdalmalechi
1869 4135 2152 4201 interitum,
2191 4151 2342 4205 quem
2380 4135 2430 4189 in
2469 4136 2655 4205 spiritu
2690 4143 2928 4205 noverat,
2980 4153 3066 4207 po-

828 4214 946 4282 pulo
984 4214 1326 4268 annuntiavit.
1388 4214 1801 4269 Praedictionem
1839 4231 2051 4284 sparsus
2091 4216 2267 4284 paucis
2303 4219 2423 4285 post
2461 4215 2639 4271 diebus
2675 4232 2853 4270 rumor
2889 4217 3066 4271 confir·

825 4295 1004 4349 mavit.
1096 4294 1294 4349 Exinde
1332 4296 1565 4365 populus,
1605 4295 1738 4365 quod
1777 4296 2036 4364 flagellum
2062 4295 2184 4349 illud
2224 4297 2480 4350 evasisset
2517 4295 2767 4366 gaudens,
2805 4301 2916 4351 tres
2953 4297 3066 4351 illos

826 4374 934 4427 dies
966 4376 1161 4445 jejunio
1201 4376 1369 4429 colere
1410 4376 1595 4445 coepit.
1672 4377 2049 4444 Asseman.,
2088 4376 2161 4430 B.
2200 4392 2268 4443 0.‚
2305 4382 2344 4431 t.
2383 4377 2433 4444 2,
2472 4392 2555 4446 pp.
2593 4376 2718 4431 425.

1734 4535 2104 4554 *JQ‘WJW
2141 4536 2152 4545 ‘
