3514 5391
1024 539 1270 614 Synopsis
1309 542 1428 598 anni
1467 541 1588 597 eccl.
1632 545 1983 599 Armenormn.
2421 539 2427 544 '
2522 545 2625 599 557

459 742 517 804 3.
569 742 972 820 Hinun-k,
1035 743 1099 808 h.
1152 765 1225 816 e.,
1291 744 1663 809 Pentecoste
1711 743 2039 828 paschalis⁷
2090 783 2172 790 ——
2225 767 2258 809 a
2306 745 2630 809 Dominica

565 839 1058 917 Resurrectionis
1107 826 1382 927 (Zadiy)
1433 845 1509 908 ad
1557 843 1789 909 festum
1837 843 2257 908 Pentecoste&

453 948 515 1010 4.
566 948 1146 1024 Hoke-kalust‚
1217 949 1277 1014 h.
1331 971 1416 1026 e.,
1487 951 1813 1016 Adventus
1862 950 2146 1035 Spiritus,
2214 990 2294 998 —

566 1047 743 1113 Pent.
795 1049 869 1112 ad
920 1048 1058 1113 fest.
1107 1048 1690 1133 Transfigurationis
1739 1048 2151 1133 (Vm-tamir).

452 1154 513 1218 ὁ.
571 1152 963 1220 Vartavar
1010 1195 1090 1201 ——-
1146 1178 1179 1220 a
1225 1155 1797 1241 Transfiguratione
1829 1157 1905 1220 ad
1944 1158 2313 1240 Assumptio:

568 1274 751 1337 patae
801 1253 1366 1340 (Verapockumn).

451 1360 510 1424 6.
564 1359 1168 1446 Verapoehumn
1205 1400 1289 1408 —
1338 1363 1480 1428 inde
1529 1363 1605 1427 ad
1658 1362 1957 1427 solemnia
2006 1383 2054 1427 s,
2089 1361 2304 1428 Crucis

451 1469 508 1532 7.
564 1466 1165 1547 Chats-veratz,
1231 1470 1290 1535 h.
1344 1490 1418 1545 e.,
1483 1468 1788 1534 Exaltatio
1839 1470 2053 1534 Crucis
2102 1509 2185 1516 —
2236 1472 2310 1535 ab

567 1567 641 1630 ad
693 1568 1047 1633 Adventum
1097 1566 1468 1655 (Hiee‘nay).

349 1727 357 1734 .
447 1676 508 1738 8.
563 1674 953 1762 Hissnag‚
988 1677 1164 1759 cujus
1185 1676 1512 1740 Dominiea
1543 1676 1742 1759 prima
1764 1676 2313 1761 (Hissnaqa-mud,

563 1794 818 1859 gressus
869 1774 1223 1858 Adventus)
1267 1775 1533 1840 occurrit
1581 1796 1617 1838 a
1667 1773 1769 1839 15.
1822 1774 1919 1838 ad'
1947 1775 2051 1840 21.
2102 1776 2313 1840 Noven

563 1914 859 1987 Quoniam
908 1915 1212 1989 Europaei
1269 1917 1640 1990 expositores
1692 1916 1831 1974 anni
1888 1918 2040 1975 ritus
2095 1919 2313 1976 armeni

380 1994 670 2066 fatentur,
712 1996 992 2067 difficilem
1031 1997 1237 2052 aditam
1278 1997 1354 2052 ad
1377 1999 1568 2068 fastos
1605 2013 1862 2052 armenos
1885 1999 2168 2068 patuisse,
2219 2000 2313 2069 qai

379 2078 722 2148 satisfecerit
741 2077 803 2144 ²),
839 2078 1013 2152 plura
1050 2078 1346 2151 hucusque
1385 2078 1614 2137 indicta
1651 2095 1807 2137 nune
1843 2079 2110 2152 primum,
2151 2080 2313 2153 prola

381 2158 521 2231 logii
561 2159 794 2216 armeni
853 2158 1238 2230 testimoniis,
1297 2164 1434 2217 sunt
1485 2158 1795 2221 afferenda
1846 2166 2025 2233 atque
2079 2160 2313 2218 illustra

382 2255 520 2296 vero
562 2238 782 2296 alienis
822 2239 1050 2297 meritis
1090 2239 1317 2310 ingrati
1352 2239 1683 2310 videamur,
1721 2239 2117 2313 profitendum
2156 2239 2254 2299 hic
2292 2257 2313 2298 ε

380 2320 668 2392 plurima,
722 2336 871 2392 quae
925 2320 997 2378 de
1052 2337 1202 2377 anno
1257 2320 1667 2378 eeclesiastico
1718 2321 2110 2379 Armenorum
2154 2338 2313 2379 sumu

383 2400 591 2458 deberi
615 2400 947 2473 exquisitae
968 2401 1377 2474 singularique
1396 2402 1856 2460 benevolentiae
1875 2400 2006 2459 RR-
2020 2400 2313 2460 Mechitha

382 2480 707 2539 illustrium
742 2481 978 2540 illorum
1015 2488 1084 2539 ut
1123 2481 1446 2553 apostolico
1485 2482 1907 2556 propagandae
1934 2481 2074 2540 fidei
2112 2483 2244 2541 zelo
2290 2501 2313 2540 a

381 2562 644 2620 virorum
684 2562 771 2620 ita
810 2567 873 2619 et
902 2562 1217 2620 literarum
1259 2563 1697 2621 armeniearum
1737 2563 2158 2636 sospitatorum
2199 2580 2269 2622 ac
2311 2583 2313 2588 ·

382 2642 732 2702 nominatim
770 2641 926 2702 Rmi.
952 2643 1031 2701 D.
1059 2643 1662 2719 Archiepiseopi
1707 2643 2022 2703 Arsenii
2059 2643 2313 2717 A‘idyn

382 2724 688 2795 generalis
727 2722 1224 2798 congregationis
1254 2724 1631 2795 ViennensiS‚
1672 2732 1736 2783 et
1772 2726 1851 2783 R-
1886 2724 1955 2782 P.
1994 2723 2215 2784 Pauli
2258 2722 2306 2783 C

383 2805 700 2864 secretarii
752 2804 1247 2884 Congregationlis
1297 2806 1602 2866 Venetae:
1661 2807 1761 2879 qni
1800 2807 1971 2864 ambo
2010 2822 2113 2864 nos
2165 2806 2313 2864 studi

383 2894 642 2944 strorum
669 2886 1017 2959 adjumenta
1057 2904 1129 2945 ex
1154 2885 1416 2946 fontibus
1443 2887 1761 2945 armenicis
1795 2892 2150 2959 quaerentes
2191 2902 2262 2944 ae
2302 2903 2313 2942 ε

386 2965 778 3026 orientalibus
811 2973 1106 3040 uteunque
1133 2969 1350 3026 mereri
1379 2974 1661 3027 conantes
1688 2967 2054 3040 pronissimis
2083 2968 2204 3024 suis
2223 2966 2313 3039 dig

384 3046 707 3109 favoribus,
771 3048 990 3106 Animo
1030 3049 1089 3105 in
1128 3053 1439 3123 utrumque
1480 3049 1873 3107 clarissimum
1915 3049 2106 3106 virum
2136 3047 2313 3105 decen

385 3130 574 3187 lector
614 3146 688 3187 ea
726 3129 786 3187 in
825 3146 952 3187 rem
993 3146 1160 3188 suam
1201 3136 1528 3188 convertat.

541 3323 956 3415 synopsis
1008 3324 1206 3396 anni
1257 3324 1810 3398 ecclesiastici
1859 3325 2073 3397 ritus
2125 3344 2313 3396 arm=

1204 3467 1470 3530 Notiones
1507 3468 1814 3548 generales.

460 3588 517 3652 1.
568 3588 824 3652 Literae
874 3587 1142 3651 annales
1190 3587 1537 3672 (Darekinj
1602 3588 1663 3651 in
1711 3587 2089 3652 Kalendario
2138 3606 2313 3671 perp(

563 3684 652 3750 35
701 3685 1037 3769 Alphabeti
1086 3705 1238 3749 arm.
1288 3683 1521 3762 literae,
1573 3686 1648 3748 ad
1683 3684 2101 3768 designandos
2128 3684 2313 3768 singu

556 3782 734 3865 juxta
782 3784 1019 3848 varium
1068 3783 1396 3849 Paschatis
1443 3803 1790 3848 recursum.

455 3891 513 3955 2.
563 3891 732 3954 Anni
781 3890 1182 3956 ecclesiastici
1230 3896 1368 3955 oeto
1399 3895 1543 3955 sunt
1577 3888 1916 3973 Sectiones,
1967 3882 2285 3971 περίοδοι,

566 3987 990 4054 hebdomades
1029 3990 1499 4064 distribuuntur,
1551 3993 1736 4071 atque
1769 3987 1992 4073 singuli
2029 3987 2161 4050 dies
2192 4005 2313 4049 eon

566 4106 637 4150 ac
689 4087 1182 4154 denominantur.

459 4195 518 4259 3.
569 4194 917 4278 Dayhavcir
948 4196 1345 4260 nominantur
1370 4195 1641 4278 quinque
1667 4194 1831 4259 festa
1856 4192 2247 4277 principalia:
2279 4230 2313 4237 —

555 4292 843 4377 phania;
895 4294 954 4356 2.
1007 4293 1250 4356 Pascha
1265 4317 1287 4371 ;
1333 4292 1394 4356 3.
1455 4293 1514 4355 T
1505 4291 1998 4377 ramfiyuratio;
2042 4292 2103 4356 4.
2158 4289 2313 4353 Aaou

573 4505 614 4571 ¹)
654 4505 929 4570 Daniel,
975 4506 1155 4560 Codex
1191 4506 1497 4572 litmyicns,
1536 4510 1572 4559 t.
1613 4506 1662 4570 4,
1703 4522 1751 4573 p.
1792 4506 1912 4558 249.
