3514 5391
795 560 860 613 ‘H
894 560 1028 629 ἁγία
1063 564 1150 613 καὶ
1186 560 1403 630 μεγάλη
1440 559 1498 614 ε’.
1557 560 1674 614 Fer.
1714 558 1777 612 V.
1816 560 1865 612 in
1905 559 2077 613 Coena
2115 557 2334 612 Domini.
2582 555 2688 611 219

443 758 917 848 ληλοδιαδὸχως
944 754 1016 823 ἔκ
1048 783 1119 824 τε
1148 764 1277 823 τῶν
1311 753 1514 823 θείων
1622 756 1820 823 alium
1887 767 2014 821 tum
2077 779 2155 821 ex
2216 756 2454 820 divinis
2517 755 2686 840 Apo·

446 857 864 939 ἀποστόλων,
948 856 1057 923 καὶ
1130 862 1260 922 τῶν
1327 852 1514 941 ἱερῶν
1621 857 1838 935 stolis,
1906 867 2033 919 tum
2088 878 2167 919 ex
2214 856 2453 919 sanctis
2499 878 2687 919 evau-

446 952 821 1040 ειάγγελῖων
842 1009 857 1037 ,
919 948 926 955 ’
972 951 1514 1043 παραδεδώκασιν
1618 953 1825 1044 qeliis,
1870 955 2054 1019 ‘nobis
2078 965 2349 1041 quatuor
2377 952 2690 1017 celebrare

446 1054 588 1145 ἡμῖν
630 1054 922 1142 τέσσαρά
974 1079 1120 1120 τινα
1168 1051 1510 1140 ἑορτάζειν
1622 1054 2069 1122 tradiderunt:
2150 1075 2399 1117 sacram
2452 1051 2689 1138 pedum

445 1155 554 1220 τὸν
595 1151 769 1240 ἱερὸν
798 1159 1095 1239 νιπτῆρα,
1142 1153 1256 1218 τὸν
1285 1173 1513 1236 μυστι-
1622 1150 2026 1230 ablutionem,
2074 1152 2399 1237 mysticam
2434 1172 2688 1214 coenam

444 1253 553 1318 miv
617 1253 889 1319 δεῖπνον
954 1252 1098 1340 (τὴν
1142 1249 1513 1336 παράδοσιν
1618 1249 2106 1337 (horrendorum
2132 1273 2350 1336 nempe
2376 1249 2553 1336 apud
2573 1270 2691 1311 nos

444 1352 680 1442 δηλαδὴ
740 1357 870 1417 τῶν
931 1349 1090 1416 καθ’
1146 1348 1308 1439 ἡμᾶς
1360 1372 1511 1438 ([ρι-
1616 1350 2057 1438 mysteriorum
2077 1347 2571 1432 exhibitionem),
2592 1370 2687 1410 su-

443 1457 606 1517 κτῶν
649 1444 1082 1539 μυστηρίων),
1146 1448 1260 1537 τὴν
1314 1446 1510 1533 ὖπερ-
1609 1444 2096 1536 pematuralem
2110 1446 2462 1510 orationem
2477 1455 2685 1533 etpro-

443 1555 573 1636 φυᾶ
618 1547 985 1638 προσευχὴν
1028 1546 1138 1612 καὶ
1182 1546 1298 1635 τὴν
1342 1570 1509 1633 προ·
1619 1547 1925 1612 ditionem
1970 1547 2195 1633 ipsam.

443 1644 671 1720 δοσιάν
718 1646 932 1736 αι’·τήν.
2231 1641 2237 1646 ’

617 1789 692 1855 ‘O
738 1790 990 1875 νιπτιήρ
1088 1792 1267 1856 Lotio
1306 1792 1560 1878 pedum.

618 1908 824 1973 Slav.
884 1908 1250 1996 Umovenija
1295 1931 1455 1995 noy,-
1501 1928 1797 1973 rumen
1850 1906 2174 1993 Spalarea
2208 1905 2620 1993 petiereloru.

620 1995 902 2102 Νιπτιμρ
965 2016 1213 2100 proprie
1261 2036 1367 2080 vas
1415 2014 1694 2080 lavandis
1741 2015 1871 2080 sive
1921 2015 2209 2079 manibus
2257 2012 2689 2100 (malluvium)

443 2114 569 2179 sive
620 2114 885 2198 pedibus
931 2111 1324 2200 (pellae-ium,
1350 2113 1610 2199 pelvis),
1660 2119 1728 2178 ut
1762 2114 1925 2197 apud
1954 2112 2137 2179 Joan.
2176 2113 2278 2196 13,
2311 2112 2382 2190 5;
2433 2132 2471 2176 a
2503 2109 2690 2176 verbo

443 2208 668 2289 νίπτω,
719 2216 802 2290 et,
852 2213 1018 2296 quod
1063 2213 1468 2297 frequentiori
1517 2213 1581 2277 in
1627 2232 1743 2278 usu
1776 2217 1888 2289 est,
1938 2212 2103 2276 med.
2140 2204 2474 2293 νίπτομαι,
2523 2207 2689 2288 lavo,

443 2309 652 2390 abluo
749 2311 1008 2377 Graecis
1056 2315 1261 2376 autem
1324 2310 1445 2376 hoc
1501 2310 1638 2375 loco
1701 2317 1796 2376 est
1843 2310 2026 2373 Lotio
2065 2309 2324 2396 pedum,
2392 2329 2466 2374 ex
2512 2329 2689 2393 prae-

442 2409 673 2493 scripto
714 2412 826 2496 τῆς
854 2405 1254 2485 ακολουθίας
1280 2412 1395 2472 ‘coi
1443 2402 1632 2472 θείου
1680 2404 1785 2472 καὶ
1835 2402 2010 2493 ιερυῢ
2055 2412 2382 2495 νιπτῆρος,
2431 2427 2589 2491 quae
2627 2408 2690 2471 in

440 2529 657 2573 eorum
706 2507 1094 2594 Euchologio
1143 2507 1613 2592 desenb1tur1)
1664 2506 1929 2573 solemni
1979 2509 2095 2572 ritu
2150 2506 2523 2592 pelagenda.

620 2615 1040 2702 Lauipedium
1088 2614 1324 2679 Latinis
1371 2613 1742 2678 mandatum
1789 2615 2032 2692 dicitur,
2074 2614 2230 2699 quia
2254 2612 2540 2679 Christus
2568 2612 2692 2677 Do-

442 2717 647 2781 minus
677 2714 1255 2799 quemadmodum
1239 2733 1373 2798 lpse
1404 2714 1656 2790 fecerat,
1707 2714 1792 2778 ita
1816 2717 1884 2778 ut
1913 2736 1949 2778 a
1976 2714 2103 2778 suis
2130 2710 2308 2778 fieret
2335 2710 2688 2777 mandavit.

617 2838 714 2896 Ex
752 2851 971 2909 graeco
1014 2836 1205 2937 Officto
1242 2835 1414 2891 divim
1446 2840 1500 2891 et
1535 2838 1690 2892 sacri
1722 2837 1982 2907 lacipedti
2018 2837 2091 2895 de
2131 2837 2257 2908 ipso
2293 2836 2540 2893 lotionis
2572 2834 2692 2891 ritu

439 2936 635 2994 pauca
672 2919 826 2976 haec
867 2922 1144 2975 enotasse
1178 2906 1336 2974 satis
1373 2915 1593 2975 fuerit:
1645 2915 1900 2976 Chorum
1943 2915 2331 2990 apostolicum
2384 2913 2691 2973 duodecim

440 2998 670 3058 fratres
729 2997 978 3057 lavandi
1033 2996 1115 3068 (οἱ
1165 2998 1455 3066 affl-ortes·
1504 2997 1806 3069 mmmmm)
1860 3001 2392 3070 repraesentantes
2441 2994 2689 3069 primum

445 3080 631 3138 locum
674 3079 927 3137 ostiario
965 3074 1266 3149 (nvimoq),
1305 3073 1506 3136 ,Iudae
1540 3078 1852 3139 traditoris
1889 3094 2200 3151 personam
2229 3074 2564 3145 sustinenti,
2604 3080 2693 3132 as—

444 3160 701 3232 signant,
739 3158 1009 3217 ultimum
1050 3175 1362 3217 oeconomo
1399 3157 1749 3229 (οικονόμῳ),
1789 3156 1963 3215 Petri
2002 3156 2429 3233 vices{agenti.

620 3240 913 3299 Dramati
950 3238 1164 3297 similis
1203 3245 1299 3297 est
1337 3240 1637 3311 evangelii
1675 3239 1857 3297 lectio
1911 3244 2010 3293 τοῦ
2047 3238 2331 3309 νιπτῆροςς
2385 3255 2498 3295 non
2538 3236 2691 3293 enim

446 3338 516 3378 ex
553 3322 698 3380 solis
738 3320 1041 3397 evangelii
1077 3320 1280 3378 verbis
1321 3326 1569 3390 constat,
1608 3320 1713 3377 sed
1742 3320 1903 3379 actio
1929 3326 2059 3378 tota
2086 3318 2398 3394 perficitur
2422 3317 2693 3391 personis

444 3419 743 3460 sermones
785 3402 862 3459 ad
900 3401 1155 3459 invicem
1196 3399 1640 3458 conferentibus
1679 3406 1742 3458 et
1781 3401 2048 3459 actiones
2075 3407 2380 3474 gestaque,
2417 3403 2595 3473 prout
2632 3398 2692 3455 in

446 3480 758 3553 evangelio
799 3492 1181 3551 enarrantur,
1221 3480 1480 3539 sermoni
1520 3481 2003 3539 admiscentibus

608 3564 877 3634 ”Αρχεται
914 3566 1131 3615 νίπτειν
1167 3560 1278 3614 α’πό
1318 3566 1427 3617 τοῦ
1454 3564 1706 3631 πυλωροῦ
1743 3565 1914 3632 μέχρι
1952 3567 2052 3614 τοῦ
2090 3561 2404 3631 οἰκονόαου.
2497 3568 2523 3582 ““

619 3639 840 3714 Judas,
880 3659 918 3700 a
957 3659 1068 3716 qno
1107 3642 1340 3700 initium
1383 3643 1469 3713 fit,
1506 3642 1683 3716 paulo
1721 3642 2135 3701 irreverenter
2150 3643 2196 3712 ²)
2235 3642 2446 3715 pedem
2488 3641 2693 3699 lavan-

450 3725 577 3783 dum
618 3723 873 3797 profert,
914 3725 992 3782 ad
1031 3724 1231 3782 cordis
1271 3724 1552 3782 duritiam
1592 3724 2053 3796 exprimendam.

617 3806 781 3864 Dum
821 3805 929 3862 alii
969 3805 1170 3863 decem
1209 3806 1491 3864 lavantur
1544 3812 1605 3862 et
1643 3806 2100 3877 absterguntur,
2153 3806 2342 3871 verba
2393 3802 2692 3874 evangelii

449 3904 670 3949 morose
709 3886 954 3961 prolata
991 3883 1364 3957 frequentius
1402 3892 1759 3956 repetuntur
1810 3902 1990 3958 usqne
2030 3886 2108 3942 ad
2146 3888 2368 3957 ἔρχεται
2418 3882 2521 3936 οὖν
2558 3882 2694 3952 πρὸς

446 3967 541 4020 τὸν
576 3972 816 4037 Σίμωνα
855 3971 1085 4035 Πέτρον,
1125 3967 1334 4038 quibus
1372 3967 1551 4024 lectis
1591 3966 1972 4038 evangelista
2009 3972 2191 4024 tacet.

628 4128 669 4196 ¹)
710 4127 864 4199 Apud
903 4127 1228 4194 Gretser„
1269 4126 1657 4197 Ποδόνιπτρον
1695 4129 1805 4181 sive
1843 4127 2206 4193 Pcdilam'am,
2246 4144 2289 4180 c.
2319 4129 2402 4192 10,
2440 4142 2557 4195 opp.
2584 4128 2623 4177 t.
2644 4125 2695 4189 4,

446 4215 576 4279 part.
613 4212 664 4277 2,
705 4226 794 4279 pp.
818 4209 1103 4263 195-199
1142 4209 1286 4274 (edit.
1312 4209 1579 4263 Ratisbon.
1606 4225 1688 4262 an.
1716 4210 1900 4275 1734),
1939 4213 1994 4262 et
2019 4208 2153 4278 apud
2181 4206 2372 4262 Goar.
2401 4205 2695 4272 Eucholoq.

440 4307 548 4361 yn,
581 4308 667 4361 pp.
706 4291 886 4346 591—
892 4289 1015 4344 596.
1076 4289 1156 4343 Dc
1192 4290 1445 4359 lavipedio
1483 4290 1546 4344 ab
1573 4290 1885 4358 imperatore
1924 4289 1975 4343 in
1999 4289 2118 4342 aula
2144 4287 2403 4342 celebrato
2433 4286 2694 4340 consulen-

446 4369 537 4423 dus
585 4377 669 4426 est
722 4369 955 4426 Codin.
1007 4369 1075 4423 de
1122 4371 1265 4439 offic.
1319 4370 1458 4426 ΟΡ.
1480 4386 1522 4424 c.
1564 4371 1649 4424 12.
1711 4370 1879 4438 apud
1898 4369 2100 4480 Migne‚
2166 4368 2312 4421 Patr.
2362 4383 2442 4435 gr.
2493 4367 2694 4433 t..157,

445 4465 527 4519 pp
562 4450 803 4507 85-88.

620 4530 666 4599 ³)
714 4526 871 4581 Mb?
912 4527 1204 4588 αὖθενῐίας
1241 4530 1416 4585 dicunt
1453 4530 1657 4585 Graeci.
1733 4530 1814 4584 Ita
1853 4529 2045 4584 Goar.
2086 4544 2134 4598 p.
2174 4528 2296 4590 596,
2335 4542 2385 4579 n.
2428 4528 2512 4586 12
