3514 5391
851 512 958 569 386

1415 628 1448 635 .-
1497 629 1516 634 .-
1579 630 1640 634 -.-

850 712 929 764 ἔτι
977 714 1199 774 ζῶντες,
1255 713 1288 777 ἢ
1337 716 1426 764 καὶ
1473 713 1615 782 μετά
1669 714 1729 765 τό
1782 713 1921 766 cino-

855 795 1052 844 θέσθαι
1103 792 1164 843 τὸ
1216 796 1374 862 σῶαιια
1423 797 1809 863 καθαρθέντες,
1860 798 1923 866 τῇ

853 873 1091 944 οὐρανίῳ
1175 873 1582 942 προσδέχονται
1637 869 1917 942 'neamenim

850 954 983 1006 κατά
1023 956 1121 1007 τὸν
1163 959 1319 1008 θεῖον
1354 958 1444 1006 καὶ
1483 955 1634 1024 ἱερᾶν
1667 960 1757 1021 τῆς
1786 971 1919 1008 συν·-

851 1034 987 1092 όιῖου
1025 1034 1172 1105 ὅρον·
1226 1034 1432 1105 ὁμοίως
1480 1035 1545 1101 δή
1584 1040 1672 1100 καὶ
1720 1038 1775 1088 οἱ
1813 1036 1917 1106 πρό

851 1121 948 1168 τοῦ
985 1120 1362 1186 βαπτίσματος
1409 1115 1502 1168 διά
1553 1121 1662 1170 τῶν
1708 1117 1920 1186 άρετῶν

851 1202 1144 1256 σωθέντες,
1200 1197 1567 1269 προπάτορες,
1624 1203 1917 1268 προφῆται,

850 1277 1210 1348 πατριάρχαι,
1264 1281 1351 1329 καὶ
1389 1278 1609 1332 δίκαιοι.
1692 1279 1801 1337 Οὓς
1837 1279 1919 1331 ἐλ-

856 1360 971 1412 θών
1008 1358 1039 1411 o‘
1082 1359 1352 1426 Χριστός,
1402 1362 1492 1410 καὶ
1542 1359 1596 1411 ἐκ
1635 1363 1743 1411 τῶν
1794 1358 1921 1411 eiii·-

851 1460 958 1493 των
996 1444 1095 1493 τοῦ
1131 1439 1271 1505 ᾅδου
1309 1439 1532 1508 δεσμῶν
1565 1438 1747 1499 λύσας,
1788 1439 1919 1506 ‹imfi-

851 1539 1021 1590 γαγεν
1072 1523 1146 1578 εἰς
1194 1520 1532 1590 παράδεισον
1579 1524 1667 1571 καὶ
1722 1520 1919 1574 τούτου

851 1601 1149 1655 ἀπολαύειν
1203 1600 1411 1667 ἠξίωσε.
1513 1603 1788 1671 Λευτέραν
1842 1601 1916 1664 δέ,

851 1687 958 1735 τῶν
993 1686 1194 1752 μέσων,
1251 1681 1368 1749 ἤτοι
1410 1686 1519 1734 τῶν
1555 1683 1612 1735 ἐν
1648 1686 1918 1751 μετανοίᾳ

851 1762 1287 1829 τελευτησάντων
1324 1765 1412 1813 καὶ
1449 1763 1507 1814 ἐν
1531 1761 1915 1831 ἐξομολογήσει

848 1843 952 1917 μὲν
981 1846 1067 1894 καὶ
1100 1847 1359 1915 συντριβῇ
1384 1847 1473 1909 τῆς
1496 1843 1720 1914 καρδὶας
1743 1842 1916 1912 α’φέν-

851 1944 959 1977 των
995 1925 1060 1976 τά
1088 1924 1296 1977 ἑαυτῶν
1320 1923 1624 1993 πνεύματα,
1663 1924 1740 1993 μή
1768 1927 1917 1994 φθα-

778 1996 784 2002 ’
850 2004 1066 2057 σάντων
1112 2004 1171 2057 δὲ
1209 2007 1588 2069 ἱκανοποιῆσαι
1639 2007 1762 2073 περὶ
1808 2008 1917 2056 τῶν

849 2085 1244 2156 ἡμαρτημένων
1268 2083 1416 2154 ὁμοῦ
1451 2088 1538 2136 καὶ
1564 2085 1918 2155 ἠμελημένων

851 2166 1048 2228 αὐτοῖς,
1088 2164 1180 2217 διά
1222 2166 1320 2232 τὴν
1345 2165 1601 2225 πολλάκις
1627 2165 1918 2236 αἰφνίδιον

848 2250 937 2299 καὶ
973 2245 1192 2316 ἀθρόαν
1228 2245 1592 2316 μεταλλαγήν·
1632 2247 1833 2312 ταύτην
1861 2248 1918 2299 ἐν

851 2332 925 2394 τῷ
960 2332 1308 2398 καθαρτηρίῳ
1333 2329 1566 2398 λέγομεν
1594 2327 1748 2380 εἶναι.
1810 2331 1917 2380 Καὶ

848 2408 982 2477 ὅπερ
1029 2407 1129 2460 οὐκ
1176 2408 1436 2478 ἔφθασαν
1484 2408 1679 2462 ἐκεῖνοι
1724 2411 1920 2470 ζῶντες

849 2493 1098 2555 ποιῆσαι,
1162 2487 1297 2557 ὑπὲρ
1353 2488 1561 2541 τούτων
1617 2492 1670 2541 οἱ
1724 2491 1919 2550 ζῶντες

848 2570 1200 2638 ἔπικουροῦσι
1265 2568 1329 2620 τά
1399 2568 1533 2638 πρὸς
1595 2569 1915 2643 α’νάῤῥυσιν,

847 2650 981 2703 κατά
1016 2649 1114 2704 τὸν
1139 2648 1441 2721 φάσκοντα·
1471 2651 1623 2711 Ἴσως
1646 2652 1765 2721 ἔχει
1793 2653 1915 2707 τινά

850 2730 984 2801 πρὸς
1021 2730 1287 2801 ὠφέλειαν
1323 2735 1412 2783 καὶ
1450 2737 1629 2795 τοῦτο,
1676 2733 1769 2786 διά
1810 2738 1917 2787 τῶν

849 2815 1009 2881 ἱερῶν
1043 2812 1240 2881 εὐχῶν,
1278 2815 1365 2864 καὶ
1393 2813 1789 2882 ἐλεημοσυνῶν,
1828 2818 1914 2866 καὶ

850 2897 1090 2955 θυσιῶν,
1147 2895 1235 2945 καὶ
1274 2897 1382 2945 τῶν
1418 2893 1597 2946 ἄλλων
1634 2899 1724 2960 τῖς
1763 2894 1915 2949 εὐσε-

845 2977 996 3038 βείας
1039 2974 1229 3043 ἔργων·
1291 2973 1361 3033 ῶς
1410 2975 1469 3027 ἐν
1517 2978 1592 3041 τῷ
1642 2980 1780 3043 θείῳ
1829 2979 1915 3028 καὶ

848 3053 976 3123 ἱερῷ
1025 3053 1135 3123 ὅρῳ
1182 3052 1334 3123 μάλα
1382 3056 1551 3112 καλῶς
1599 3059 1915 3126 γέγραπται.

779 3160 788 3169 ·
856 3137 1058 3202 Τρίτην
1096 3152 1151 3186 τε
1201 3136 1289 3184 καὶ
1327 3135 1660 3188 τελευταίαν·
1714 3141 1824 3189 τῶν
1860 3138 1919 3190 ἐν

847 3216 1185 3282 ’θανασίμοις
1233 3212 1626 3284 ἁμαρτήμασιν
1671 3215 1917 3286 άπερχο,

844 3297 1031 3361 μένων
1068 3297 1168 3345 τοῦ
1205 3294 1328 3365 τῇδε
1365 3299 1525 3362 βίον,
1573 3300 1661 3348 καὶ
1706 3298 1919 3367 μηδένα

846 3373 1058 3443 καρπὸν
1111 3378 1405 3442 μετανοίας
1458 3381 1810 3447 κτησαμένων
1860 3378 1917 3431 ἒν

847 3456 923 3519 τῷ
961 3452 1211 3524 παρόντι·
1251 3444 1328 3507 ὦν
1365 3456 1461 3514 τάς
1500 3458 1689 3526 ψυχάς
1715 3458 1917 3517 εὐθέως

846 3538 1194 3597 καταβαίνειν
1210 3537 1283 3593 εἷς
1296 3533 1367 3601 ᾅὸ
1373 3554 1450 3600 ην,
1468 3542 1754 3608 τιμωρίαις
1769 3538 1917 3608 ὅμως

845 3607 1059 3673 άνίσοις
1114 3620 1636 3687 τιμωρηθησοόιιένας
1691 3617 1721 3668 ὁ
1773 3620 1918 3688 ἱερός

847 3697 1139 3747 αἰνίττεται
1179 3694 1319 3766 ὅρος.

1588 511 1747 570 Festa
1787 513 1996 571 mobilia
2034 485 2152 586 post
2190 513 2420 590 Pascha.⁸

2062 630 2145 634 ——-
2170 631 2179 634 -
2228 630 2293 636 ---—
2326 631 2389 636 --.-
2552 631 2783 635 ιω-
2828 629 2845 636 0
2990 628 3089 634 ——a

2030 713 2387 786 baptismum
2440 715 2699 787 aliquam
2737 716 2977 788 peccati
3014 716 3093 774 la·

2030 795 2161 851 bem
2205 800 2662 865 contraxerunt,
2721 795 2930 853 eadem
2970 796 3089 869 ipsa

2030 873 2123 932 vel
2155 872 2289 931 dum
2313 874 2507 932 adhuc
2527 876 2824 942 viverent,
2850 876 2949 934 vel
2966 882 3093 950 post

2031 953 2359 1026 depositum
2402 971 2614 1028 corpus
2654 956 2985 1028 mundatoS,
3037 957 3089 1014 in

2030 1034 2345 1092 coelestem
2397 1036 2655 1108 patriam
2711 1036 2958 1102 assumi,
3009 1055 3091 1094 se-

2030 1115 2276 1173 cundum
2292 1115 2553 1190 divinum
2571 1123 2633 1174 et
2642 1133 2875 1174 sacrum
2890 1118 3088 1190 synodi

2031 1194 2353 1255 decretum.
2427 1195 2567 1254 Eos·
2589 1196 2768 1255 etiam
2810 1197 3094 1273 addimuS,

2030 1276 2128 1346 qui
2168 1281 2309 1333 ante
2336 1276 2693 1349 baptismum
2724 1294 2959 1335 suarum
2980 1279 3091 1337 vir·

2029 1360 2222 1413 tutum
2241 1355 2533 1435 beneficio
2554 1358 2786 1415 servati
2806 1364 2958 1426 sunt,
2977 1358 3091 1430 pri·

2032 1452 2153 1494 mos
2179 1436 2422 1508 PatreS‚
2464 1438 2801 1512 prophetas,
2841 1439 3084 1511 patriar·

2031 1517 2173 1575 chae
2212 1523 2276 1574 et
2291 1517 2504 1590 JustOS‚
2543 1535 2684 1591 quos
2712 1536 2815 1577 suo
2838 1515 3089 1577 adventu

2028 1597 2305 1656 Christus
2361 1600 2436 1656 ab
2476 1597 2698 1657 inferni
2736 1599 2990 1660 vinculis
3026 1599 3090 1656 li·

2027 1680 2270 1737 beratos
2297 1679 2360 1736 in
2386 1681 2613 1737 coelum
2643 1680 2905 1751 deduxit,
2945 1686 3008 1738 et
3028 1687 3092 1738 ut
3144 1733 3153 1740 ,

2028 1777 2096 1816 eo
2115 1758 2465 1817 fruerentur
2496 1760 2702 1833 dignos
2730 1760 2946 1818 effecit.
2994 1759 3091 1818 Se·

2027 1840 2275 1896 cundam
2344 1856 2486 1898 vero
2542 1840 2935 1912 mediorum„
2969 1841 3092 1899 sive

2027 1919 2262 1978 illorum
2323 1920 2421 1991 qui
2470 1921 2847 1993 poenitentes
2896 1921 3093 1979 deces-

2029 2008 2250 2072 serunt,
2293 2001 2447 2058 acin
2479 1999 2851 2062 confessione
2875 2008 2944 2060 ’et
2972 2017 3094 2059 cor-

2028 2080 2120 2138 dis
2159 2081 2514 2140 contritione
2563 2081 2837 2154 spiritum
2891 2083 3098 2140 emise-

2026 2166 2193 2231 runt3
2252 2161 2359 2219 sed
2398 2162 2639 2220 sublata
2677 2163 2752 2220 iis
2799 2160 3097 2222 facultate

2028 2239 2446 2300 satisfaciendi
2504 2259 2611 2315 pro
2674 2243 2945 2315 peccatis
2999 2243 3097 2300 vel

2027 2322 2258 2379 omissis
2297 2323 2555 2395 ipsorum
2610 2324 2680 2381 ob
2720 2324 3097 2397 repentinam

2029 2401 2120 2472 (ut
2156 2401 2250 2473 fit)
2302 2410 2366 2460 et
2404 2409 2877 2462 momentaneam
2917 2404 3100 2462 demi·

2026 2482 2394 2554 grationem;
2445 2484 2602 2542 hanc
2649 2484 2711 2541 in
2749 2484 3098 2557 purgatorio

2028 2579 2158 2620 esse
2219 2563 2497 2632 dicimus;
2561 2564 2827 2637 quodque
2885 2566 2930 2623 ii
2986 2579 3097 2628 non

2026 2649 2348 2717 potuerunt
2383 2644 2444 2702 in
2483 2644 2610 2703 vita
2642 2644 2954 2719 perficere,
2993 2663 3097 2721 pro

2026 2725 2117 2783 his
2138 2725 2494 2798 superstites
2526 2725 2603 2783 ad
2627 2725 3095 2799 redemptionem

2026 2822 2195 2879 opem
2258 2804 2489 2875 serunt,
2556 2806 2875 2864 secundum
2938 2807 3096 2865 illius

2028 2887 2247 2944 dictum
2266 2907 2278 2943 :
2299 2884 2387 2943 'Si
2406 2884 2564 2945 forte
2590 2886 2729 2959 quid
2748 2888 2941 2960 prosit
2959 2887 3095 2945 tibi:

2028 2967 2203 3038 idque
2242 2970 2587 3024 sanctarum
2640 2984 2882 3041 precum
2921 2968 3095 3026 bene·

2025 3046 2175 3118 ficio.
2191 3046 2924 3120 eleemosynis‚sacrificiis
2939 3048 3094 3106 aliis·

2027 3144 2137 3198 que
2177 3127 2288 3198 piis
2327 3126 2635 3199 operibus,
2691 3132 2757 3184 ut
2795 3127 2856 3184 iu
2897 3129 3094 3187 divino

2028 3214 2091 3265 et
2105 3224 2275 3264 sacro
2298 3206 2539 3264 decreto
2570 3207 2787 3280 optime
2809 3208 3091 3282 scriptum

2028 3294 2135 3346 est.
2210 3286 2483 3345 Tertiam
2536 3294 2599 3345 et
2635 3288 2909 3347 ultimam
2965 3305 3093 3347 con·

2026 3368 2325 3426 stituimus
2366 3384 2581 3435 eorum,
2603 3369 2704 3442 qui
2742 3369 2803 3427 in
2830 3370 3093 3427 mortali·

2024 3451 2132 3506 bus
2169 3449 2434 3521 peccatis
2475 3466 2548 3507 ex
2584 3449 2698 3507 hac
2726 3449 2854 3507 vita
2880 3450 3092 3522 migra·

2025 3534 2255 3600 verunt,
2282 3529 2619 3602 nullumque
2651 3530 2767 3587 sibi
2793 3531 3092 3604 poeniten·

2024 3610 2148 3668 tiae
2199 3610 2565 3682 praesidium
2622 3609 2761 3668 dum
2815 3611 3094 3669 viverent

2024 3686 2409 3763 reliquerunt,
2466 3707 2705 3763 quorum
2748 3691 2978 3763 animas
3016 3691 3093 3749 ad

2024 3770 2247 3829 interos
2286 3771 2489 3828 statim
2532 3771 2919 3843 descendere,
2959 3784 3090 3844 poe-

2021 3852 2112 3909 nis
2141 3857 2339 3909 tamen
2364 3851 2705 3924 disparibus
2737 3852 3090 3925 plectendas

2021 3947 2253 3989 sacrum
2292 3932 2485 3989 innuit
2504 3932 2846 4018 decretum.

1026 4052 1296 4111 Eundem
1348 4053 1529 4125 illum,
1587 4070 1754 4125 quem
1805 4055 2208 4113 Methonensis
2260 4057 2514 4114 antistes
2564 4056 2665 4114 hic
2711 4064 2951 4116 secutus
3002 4064 3091 4114 est

843 4133 1188 4207 disputandi
1227 4133 1521 4205 ordinem,
1578 4135 1818 4192 saeculo
1856 4135 2121 4207 proxime
2173 4136 2376 4209 elapso
2425 4143 2745 4195 servarunt
2790 4142 3088 4195 nostrates

852 4213 1195 4280 monachi
1247 4212 1948 4273 Balazsfalvenses
1995 4217 2148 4274 ritus
2187 4217 2393 4287 graeci
2418 4216 2456 4285 ¹)
2514 4217 2575 4274 in
2612 4218 2934 4290 praeclara
2982 4232 3088 4274 sua

1035 4396 1071 4455 ¹)
1112 4394 1189 4447 De
1228 4394 1415 4447 celebri
1456 4395 1767 4448 monasterio
1808 4394 2215 4449 Balazsfalvensi
2253 4412 2409 4466 saepe
2447 4413 2478 4449 a
2516 4396 2662 4451 nobis
2698 4401 2871 4450 actum
2923 4402 3005 4450 est
3040 4397 3088 4450 in

855 4474 1177 4543 „Symbolis“
1216 4474 1425 4541 nostris,
1466 4475 1590 4528 locis
1630 4475 1721 4528 sub
1765 4492 1827 4527 ea
1865 4491 1990 4528 voce
2030 4475 2081 4529 in
2120 4476 2284 4530 indice
2324 4492 2493 4530 rerum
2531 4477 2743 4530 notatis,
2826 4498 2833 4505 ·
