3514 5391
793 500 1042 569 Κυριακὴ
1079 504 1167 565 τῆς
1191 503 1425 569 τυρινῆς.
1473 500 1739 555 Dominica
1768 500 2251 572 Quinquagesimae.
2584 503 2647 557 71

1167 699 1536 766 Transitio
1584 698 1673 765 ad
1720 699 1760 784 ᾖ
1808 698 1876 766 2.

573 843 813 907 Neaeus
858 845 1026 907 inter
1059 855 1294 929 tempus
1327 828 1767 929 προνὴστὶμον
1808 854 1866 907 σε
1895 846 2104 929 ipsam
2134 842 2651 930 τεσσαρακοστήν

406 940 677 1027 exemplo
729 942 1096 1006 certaminis
1145 942 1445 1027 equestris
1491 939 1871 1007 illustratio&

573 1066 919 1153 Eleganter
967 1074 1028 1132 et
1074 1070 1398 1133 commode
1444 1070 1522 1132 ad
1571 1068 1949 1134 curriculum
1996 1069 2282 1134 salutaris
2328 1070 2647 1153 poeniten-

408 1166 518 1230 tiae
555 1166 690 1250 Jam
746 1171 891 1232 ante
923 1165 1472 1252 Quadragesimam
1505 1167 1712 1244 initae,
1763 1168 1874 1232 sed
1904 1171 2147 1252 septem
2179 1167 2647 1234 hebdomadum

405 1267 596 1349 spatio
668 1265 876 1331 adhuc
949 1266 1431 1345 continuandae,
1519 1266 1989 1332 similitudinem
2061 1267 2366 1351 equestris
2427 1285 2645 1331 cursus

407 1367 568 1447 aptat
638 1363 1178 1448 Theophanes
1241 1364 1711 1442 CerameuS,
1786 1364 2213 1447 Tauromenii,
2289 1365 2352 1428 in
2420 1363 2645 1439 Sicilia,

406 1462 646 1528 saeculo
699 1462 804 1529 13.
857 1462 1378 1548 archiepiscopuS,
1437 1464 1596 1544 fiom.
1650 1466 1755 1542 19,
1806 1486 1999 1549 quae,
2064 1467 2222 1528 teste
2267 1482 2494 1548 graeco
2544 1482 2646 1527 co-

405 1562 535 1626 dice
581 1561 944 1626 Matritensi
991 1582 1048 1644 p.
1096 1560 1202 1637 55,
1271 1558 1510 1649 ἐλέχθη
1553 1565 1821 1648 κυριακῇ
1862 1557 2444 1647 τυροαποθέσεως,
2506 1562 2646 1647 ipso

405 1660 504 1723 die
549 1659 869 1724 dominico
917 1662 1028 1746 τῆς
1071 1662 1320 1746 τυρινῆς
1353 1663 1782 1747 pronuntiata
1829 1660 1978 1741 fuit.

575 1766 1115 1856 Quemadmodum
1165 1768 1330 1833 enim
1378 1769 1442 1832 in
1489 1769 1650 1833 ludis
1682 1769 2076 1852 equestribus
2106 1789 2229 1834 non
2259 1788 2479 1834 cursus
2510 1773 2645 1833 tan-

404 1866 720 1931 tummodo
785 1872 999 1931 rectus
1061 1886 1169 1949 per
1229 1870 1428 1930 totum
1493 1867 1766 1932 stadium
1832 1868 2143 1933 circumve
2209 1867 2644 1952 peragebatur,

405 1965 507 2030 sed
557 1964 767 2042 etiam,
817 1984 1012 2048 quum
1043 1969 1406 2048 perventum
1441 1965 1518 2030 ad
1549 1969 1801 2041 metam,
1852 1986 1925 2030 ea
1954 1967 2184 2049 septies
2218 1969 2350 2031 erat
2381 1966 2645 2030 circum-

407 2064 633 2129 eunda:
684 2065 772 2129 ita'
820 2067 883 2127 et
927 2062 989 2126 in
1021 2063 1434 2146 poenitentiae
1482 2063 1788 2128 curriculo
1822 2064 2199 2147 perficiendo
2229 2064 2447 2130 fideles
2481 2060 2647 2145 ἄγω-

407 2155 612 2225 νισταί
677 2183 804 2227 non
867 2161 1066 2226 solum
1128 2161 1190 2226 in
1252 2166 1492 2226 rectum
1556 2168 1813 2238 currunt
1872 2182 2072 2247 usque
2134 2164 2212 2228 ad
2275 2161 2643 2228 solemnium

396 2260 772 2344 jejuniorum
823 2266 1073 2336 metam,
1140 2279 1351 2325 verum
1403 2265 1464 2325 et
1512 2261 1931 2345 praescriptos
1976 2258 2127 2337 τοὺς
2172 2255 2342 2324 ἑπτὰ
2385 2258 2648 2337 κύκλους

403 2357 550 2441 περὶ
593 2357 709 2446 τὴν
754 2352 1091 2443 πυραμίδα
1138 2354 1279 2445 ἢτοι
1327 2355 1563 2445 ὀβηλὸν
1610 2353 2204 2445 διαπληκτίζονται,
2250 2369 2485 2446 septem
2530 2362 2645 2423 cir·

403 2459 606 2523 cuitus
667 2457 842 2522 circa
904 2455 1239 2521 obeliscum
1293 2456 1656 2542 conficiunt,
1721 2462 1791 2522 ut
1837 2459 1921 2524 ita
1970 2479 2154 2525 cursu
2204 2458 2433 2541 septies
2482 2459 2647 2524 circa

403 2560 628 2622 metam
679 2557 799 2621 rite
835 2556 1079 2642 agitato
1128 2555 1399 2639 palmam
1446 2557 1697 2621 demum
1748 2557 2085 2622 obtineant.

574 2663 797 2750 Itaque
847 2666 1045 2729 totum
1091 2661 1242 2729 illud
1290 2664 1705 2749 poenitentiae
1753 2669 2000 2750 tempus
2058 2669 2200 2730 ante
2248 2666 2512 2748 primam
2553 2665 2646 2748 Je-

394 2763 715 2846 juniorum
782 2762 1244 2828 hebdomadam
1310 2762 1505 2836 instar
1578 2764 1763 2847 primi
1832 2764 2109 2847 rectique
2177 2763 2465 2828 curriculi
2530 2769 2642 2838 est,

399 2865 635 2947 septem
706 2881 857 2928 vero
921 2860 1385 2925 hebdomadum
1452 2863 1845 2946 sequentium
1912 2863 2110 2945 spatia
2176 2864 2412 2945 septem
2483 2861 2645 2926 circa

397 2966 627 3026 metam
680 2961 879 3026 flexus
928 2963 1089 3036 sunt,
1156 2958 1382 3042 quibus
1428 2960 1588 3025 bene
1637 2960 1938 3025 confectis
1986 2959 2199 3042 jejunii
2246 2978 2487 3024 merces
2536 2961 2643 3024 da-

397 3063 497 3124 tur
521 3060 590 3144 ¹).
656 3058 832 3124 Haec
881 3051 1012 3124 fere
1059 3058 1335 3123 Scorsi
1381 3059 1444 3123 in
1489 3060 1659 3122 notio
1686 3059 1776 3123 ad
1803 3059 2065 3123 citatam
2094 3055 2434 3132 homiliam,
2485 3078 2643 3142 quae

398 3158 473 3223 ab
521 3159 662 3241 ipsa
709 3157 845 3239 ejus
890 3157 979 3221 rei
1027 3158 1554 3222 demonstratione
1601 3156 1723 3222 tale
1772 3158 2088 3222 exordium
2140 3156 2310 3221 ducit
2330 3156 2413 3240 2):

508 3259 586 3328 Οἳ
625 3260 869 3339 ἐντοῖς
896 3258 1199 3340 ἱππικοῖς
1231 3260 1469 3340 ἄθλοις
1684 3265 1803 3345 Qui
1873 3265 2254 3329 contendunt
2318 3264 2383 3328 in
2454 3283 2642 3347 eque-

400 3359 881 3446 ἀγωνιζόμενοι,
934 3355 1204 3426 ἐπειδᾶν
1251 3358 1469 3439 αὐτοῖς
1578 3365 1810 3428 stribus
1841 3362 2304 3439 certaminibUS,
2354 3362 2539 3427 simul
2573 3385 2641 3428 ac

398 3459 568 3548 δοθῇ
583 3466 704 3526 τοῦ
725 3456 967 3545 δρόμου
993 3458 1466 3547 τόσήμαντρον,
1579 3462 1828 3548 signum
1889 3460 2176 3525 curriculi
2251 3461 2463 3525 datum
2526 3467 2639 3539 est,

401 3552 902 3645 διασχισθείσης
947 3563 1059 3646 τῆς
1088 3555 1465 3647 ὕσπληγγος,
1581 3560 1809 3643 apertis
1858 3558 2211 3624 carceribus
2245 3576 2437 3642 equos
2466 3560 2641 3625 iden-

399 3655 650 3740 θαμινὰ
713 3655 867 3733 τοὺς
921 3655 1183 3733 ,ἵππους
1244 3652 1464 3741 μαστί-
1579 3658 1772 3724 tidem
1843 3659 2079 3724 scutica
2145 3658 2499 3724 verberatos
2565 3660 2643 3723 ad

401 3754 613 3834 ζοντες
659 3754 832 3841 πρὸς
864 3754 979 3843 τὴν
1012 3751 1249 3820 νύσσαν
1280 3752 1464 3820 ἐλαύ-
1577 3762 1807 3822 metam
1859 3758 2133 3843 adigunt,
2185 3762 2246 3822 et
2274 3756 2507 3823 crebris
2554 3756 2641 3822 le-

403 3874 605 3934 νουσι,
670 3856 931 3934 συχνοῖς
975 3852 1313 3942 φερόμενοι.
1360 3853 1467 3919 καὶ
1579 3856 1883 3940 vibusque
1930 3856 2189 3921 saltibus
2237 3857 2315 3922 ad
2363 3875 2503 3942 eam
2546 3855 2640 3920 in-

577 4070 622 4138 ι)
662 4070 861 4124 Eodem
884 4069 1130 4138 ,exemplo
1167 4070 1426 4123 hominum
1472 4070 1523 4122 in
1574 4069 1741 4123 stadio
1791 4085 1941 4123 eursu
1992 4069 2300 4122 certantium
2347 4067 2511 4120 utitur
2547 4066 2642 4121 Ec·

401 4151 554 4206 clesia
592 4152 758 4214 latina
796 4151 851 4204 in
887 4148 1120 4219 Epistola
1156 4150 1344 4204 missae
1380 4150 1528 4203 Dom.
1567 4149 2008 4220 Septuagesimae,
2047 4154 2106 4203 ut
2130 4148 2329 4202 scilicet
2352 4150 2641 4216 perspectO,
2677 4178 2680 4182 ·

402 4232 529 4299 quod
565 4232 754 4287 victori
791 4230 1109 4299 proponitur,
1149 4230 1325 4284 bravio
1349 4229 1525 4284 fideles
1551 4245 1677 4284 onus
1703 4229 2049 4297 poenitentiae
2073 4228 2314 4283 libentius
2340 4226 2640 4294 suscipiant,

402 4315 454 4364 ct
486 4313 700 4366 remotis
737 4310 992 4374 omnibus»,
1029 4325 1158 4379 quae
1196 4327 1400 4364 cursum
1436 4310 1680 4380 impedire
1717 4313 1946 4378 possent,
1986 4325 2079 4378 per
2106 4310 2200 4363 hos
2226 4307 2335 4361 dies
2360 4304 2543 4360 melius
2581 4323 2642 4361 ac

404 4390 548 4446 eitius
584 4393 651 4446 ad
688 4389 976 4460 praemium
1012 4395 1236 4444 currant.

576 4470 620 4542 ²)
660 4469 813 4544 Apud
853 4469 1042 4542 Mignc,
1081 4469 1221 4524 Patr.
1259 4487 1338 4542 gr.
1378 4476 1416 4524 t.
1456 4472 1575 4537 132,
1615 4486 1697 4540 pp.
1737 4470 1839 4522 411
1882 4485 2021 4542 seqq.
