3514 5391
3074 12 3440 256 *l

897 547 1002 602 456
1539 547 1698 601 Festa
1736 547 1943 602 mobilia
1980 552 2098 617 post
2136 547 2498 601 Pentecosten.

905 659 1312 664 --μ--.ια’
1493 661 1558 665 ..ι-
1573 661 1600 666 -.-
1731 661 1849 665 -—--
1920 661 1933 664 -
1958 659 2127 666 —--—

900 751 1370 829 computantur3
1434 767 1579 810 nam
1628 767 1663 810 a
1708 745 2018 811 Paschate
2082 746 2155 810 ad
2207 745 2601 811 Dominicam
2660 746 2936 811 omnium
2984 745 3127 810 San-

900 849 1138 909 ctorum
1187 846 1319 910 dies
1367 849 1512 910 sunt
1556 845 1679 923 57;
1732 867 1768 910 a
1816 846 1915 909 die
1962 845 2022 911 3.
2054 845 2329 928 Maji,.ad
2375 847 2433 912 d.
2489 845 2592 911 28.
2643 843 2815 909 Junii
2862 844 3128 909 totidem.

898 941 1100 1022 Quare
1148 944 1402 1026 dempto
1432 944 1752 1010 intervallo
1802 964 1838 1009 a
1872 944 1971 1009 die
2019 944 2079 1008 3.
2114 943 2263 1027 Maji
2315 945 2391 1009 ad
2425 943 2817 1009 Donninicam
2866 942 3129 1008 omnium

899 1041 1266 1106 Sanctorum
1296 1063 1490 1107 unum
1516 1043 1808 1126 idemque
1838 1042 2103 1126 spatium
2138 1043 2254 1107 erit
2286 1064 2322 1107 a
2345 1042 2657 1108 Paschate
2690 1042 2769 1106 ad
2798 1042 2857 1107 d.
2884 1042 2946 1108 3.
2968 1039 3130 1125 Maji‚

901 1141 1065 1222 quod
1116 1146 1210 1205 est
1258 1162 1291 1205 a
1339 1140 1522 1207 Dom.
1572 1141 1851 1205 omnium
1901 1139 2267 1205 Sanctorum
2319 1141 2395 1205 ad
2445 1141 2549 1206 28.
2599 1140 2791 1206 Junii.

1077 1337 1305 1403 Finis
1345 1338 1664 1422 jejunii.
1731 1377 1817 1385 ——
1881 1335 1961 1401 ‘H
2003 1335 2214 1426 μνήμη
2261 1334 2469 1401 αὐτῶν
2530 1334 2631 1421 (ἐν
2692 1330 2822 1400 ἔτει
2872 1334 3132 1424 ἀωποί)

904 1432 1099 1521 ἡμέρᾳ
1145 1433 1427 1521 δευτέρᾳ.

1076 1561 1277 1628 Slav.
1329 1562 1611 1626 Praznilc
1657 1584 1785 1627 avv.
1835 1560 1987 1648 Apl.
2035 1561 2271 1647 (1881)
2316 1584 2354 1624 v
2388 1559 2782 1647 ponedolok5
2846 1578 3131 1625 rumen.

900 1660 1081 1723 Diua
1128 1659 1227 1723 lor
1271 1661 1343 1723 in
1390 1657 1545 1725 luni.

1087 1781 1282 1860 Τέλος
1324 1788 1436 1872 τῆς
1481 1789 1608 1848 τῶν
1655 1779 1850 1866 ἁγίων
1887 1781 2313 1849 :maccolum
2345 1778 2658 1872 νηστείας,
2710 1783 2890 1848 Finis
2904 1783 3137 1873 jejunii

902 1881 1381 1969 Apostolorum,
1453 1883 1513 1948 in
1585 1882 1933 1948 Paschaliis
2004 1883 2286 1969 signatur
2356 1884 2668 1968 adscripta
2731 1881 3136 1948 hebdomadis

901 1981 1072 2056 feria,
1101 1981 1158 2044 in
1188 1999 1374 2064 quam
1402 2001 1473 2046 eo
1498 2001 1659 2046 anno
1684 1980 1914 2046 festum
1934 1981 2297 2065 Principum
2313 1981 2755 2065 Apostolorum
2789 1982 2924 2065 (29.
2946 1979 3137 2062 Junii)

899 2079 1132 2144 incidit.

1078 2257 1172 2321 Ex
1219 2276 1341 2340 quo
1390 2256 2007 2323 Graeco-Melchitae
2056 2259 2501 2325 Kalendarium
2542 2261 3001 2345 Gregorianum
3045 2279 3135 2323 re-

901 2361 1218 2440 ceperunt,
1259 2355 1562 2439 jejunium
1614 2357 2058 2441 Apostolorum
2124 2359 2288 2442 apud
2338 2379 2445 2423 eos
2492 2379 2569 2423 ex
2616 2357 2971 2443 particulari
3019 2363 3137 2422 sta-

903 2459 1035 2518 tuto
1083 2472 1331 2536 semper
1379 2453 1513 2518 dies
1560 2453 1752 2520 habet
1801 2456 1903 2533 12,
1954 2457 2483 2539 quemadmodum
2532 2457 2765 2522 dietum
2816 2462 2913 2521 est
2959 2475 3139 2540 supra

901 2574 961 2637 p.
1013 2552 1175 2626 3013
1224 2571 1442 2616 verum
1489 2552 1552 2616 in
1598 2552 1850 2638 vulgato
1898 2553 2271 2620 Kalendario
2321 2556 2569 2620 arabico
2597 2555 2747 2619 novi
2774 2551 2932 2632 stili,
2981 2553 3137 2637 quod

905 2671 1028 2718 non
1072 2651 1157 2715 ita
1202 2651 1440 2734 pridem
1480 2671 1556 2717 ex
1585 2650 1925 2737 longinqua
1949 2650 2127 2738 Syria
2161 2653 2535 2738 accepimus,
2584 2654 2717 2719 dies
2743 2652 2951 2719 adhuc
2971 2652 3140 2737 juxta

909 2751 1230 2833 antiquam
1276 2752 1387 2835 τῆς
1433 2744 1726 2836 νηστείας
1773 2749 2065 2835 μέθοδον
2112 2758 2258 2818 sunt
2291 2753 2650 2837 computati.
2729 2752 2826 2817 Ita
2871 2774 2929 2818 v.
2960 2774 3022 2838 g.
3052 2771 3141 2816 as·

901 2852 1150 2933 sumpto
1195 2868 1353 2912 anno
1396 2848 1561 2913 1881
1609 2850 1932 2935 signantur
1965 2851 2026 2915 in
2052 2850 2382 2917 Paschalio
2414 2876 2477 2915 n.
2504 2862 2621 2915 st:
2674 2850 2872 2936 Caum
2895 2847 3138 2914 errand

901 2950 990 3011 16
1019 2951 1227 3035 jaum,
1276 2942 1530 3011 ‘id'hom
1562 2944 1879 3012 el-arba‘a
1908 2950 2312 3038 ==jejunium
2358 2948 2806 3037 Apostolorum
2852 2951 2943 3013 16
2989 2949 3134 3021 dies,

901 3045 1202 3107 memoria
1248 3066 1459 3109 eorum
1488 3045 1676 3132 feria
1702 3047 1856 3125 IV.‚·
1904 3049 1966 3112 in
1995 3048 2325 3113 Paschalio
2352 3048 2600 3115 Juliano
2649 3052 2892 3120 autem:
2952 3048 3137 3136 Quum

901 3140 1149 3206 errusul
1177 3144 1284 3219 21,
1311 3138 1563 3207 ‘id'lzom
1586 3143 1913 3210 ol·itsnain
1931 3180 2003 3197 =
2008 3148 2329 3236 jejunium
2346 3146 2797 3233 Apostolorum
2817 3149 2897 3210 21
2934 3146 3134 3232 (dies),

900 3241 1201 3305 memoria
1246 3262 1458 3305 eorum
1484 3241 1674 3327 feria
1720 3244 1831 3322 II.,
1881 3264 2039 3328 quae
2088 3246 2275 3309 etiam
2324 3246 2383 3310 in
2433 3245 2568 3311 aliis
2596 3244 2946 3310 Paschaliis
2991 3245 3137 3310 ritus

904 3341 1113 3426 graeci
1161 3344 1453 3405 annotata
1499 3341 1785 3408 vidimus,

1082 3518 1282 3584 Simili
1329 3519 1525 3584 ferme
1573 3522 1813 3586 ratione
1860 3522 2235 3587 Kelenderis
2292 3521 2642 3605 caeterique
2688 3521 2829 3587 libri
2878 3519 3137 3607 liturgici

904 3615 1446 3683 Ruthenorum
1498 3620 1863 3685 canonicum
1913 3620 2032 3685 hoe
2073 3619 2379 3704 jejunium
2429 3620 2737 3703 hodieque
2778 3620 2961 3705 juxta
2988 3618 3137 3685 anti-

903 3735 1090 3798 quam
1137 3715 1524 3799 disciplinam
1575 3719 1870 3795 referunt,
1921 3720 2203 3803 quamvis
2251 3720 2329 3784 ad
2360 3740 2553 3785 unum
2599 3719 2763 3784 diem
2799 3720 2886 3786 sit
2914 3741 2987 3786 ex
3018 3718 3136 3783 dis-

904 3812 1264 3895 pensatione
1341 3815 1683 3881 redactum.
1797 3816 1972 3897 Quod
2040 3818 2334 3882 nimirum
2402 3818 2676 3902 synodus
2750 3815 3139 3903 provincialis

902 3910 1283 3976 Zamoscena
1330 3933 1426 3981 an.
1483 3914 1654 3978 1720
1708 3914 1843 3997 jam
1890 3926 2248 3991 consuerat,
2314 3915 2393 3979 ab
2439 3917 2549 3979 hoc
2580 3918 2832 4005 jejunio
2882 3916 3169 3983 rusticor

904 4008 1186 4094 aliosque
1247 4013 1577 4095 operarios
1638 4010 1736 4076 vel
1792 4014 1864 4076 in
1899 4022 2092 4100 parto
2153 4012 2252 4077 vel
2296 4015 2367 4077 in
2415 4024 2605 4078 totum
2652 4013 2902 4079 absolvi
2938 4035 3137 4102 posse,

893 4116 1240 4192 propterea
1287 4110 1454 4193 quod
1498 4110 1728 4173 incidit
1774 4113 1844 4174 in
1892 4122 2164 4197 tempus,
2230 4134 2349 4196 quo
2379 4111 2609 4199 fruyes
2665 4110 3134 4199 colliyuutufll,

902 4204 964 4268 id
1033 4209 1250 4287 postea
1308 4207 1635 4292 episcopus
1700 4209 2129 4294 Leopoliensis
2198 4210 2421 4273 Petrus
2465 4207 2807 4293 Belamki,
2874 4212 3135 4278 instante

904 4302 1211 4387 gubernio
1274 4305 1434 4369 civili
1499 4311 1751 4391 propter
1812 4308 2041 4373 famem
2108 4313 2255 4373 tunc
2313 4314 2734 4395 grassantem,
2798 4310 3132 4397 generatim

1090 4498 1131 4565 ¹)
1172 4498 1275 4555 Tit.
1318 4501 1402 4554 16.
1442 4500 1530 4555 De
1550 4501 1795 4573 jejuniis
1831 4505 1885 4556 et
1909 4503 2100 4575 festis.
2174 4504 2389 4560 Collect.
2427 4503 2644 4560 Lacone.
2684 4514 2722 4560 t.
2762 4507 2812 4574 2,
2850 4522 2899 4577 p.
2937 4507 3021 4561 63.
