3514 5391
912 529 991 590 De
1023 533 1232 607 jejunii·
1270 528 1788 606 Syro-chaldaeorum
1814 530 2146 591 Malabarum.

581 728 956 794 Decembris
1015 727 1117 792 20.
1184 728 1247 792 in
1309 727 1524 813 vigilia
1585 727 1840 812 gloriosi
1903 728 2189 812 Apostoli
2251 748 2299 796 s.
2352 729 2463 795 Th«

397 827 504 893 24.
557 827 921 893 Nativitatis
969 825 1046 891 D.
1096 825 1178 890 N.
1229 825 1287 889 J.
1341 824 1476 903 Oh„
1529 826 1644 890 etsi
1694 825 1844 890 alias
1892 825 2010 891 hae
2058 827 2215 891 duae
2247 829 2324 892 ad
2346 827 2463 912 jeju

398 926 733 989 Adventus
780 925 1109 1007 pertinent.
1194 985 1197 988 ,

584 1033 671 1097 Et
718 1037 787 1097 ut
834 1030 1223 1116 particularis
1269 1030 1427 1095 haec
1476 1030 1738 1095 ecclesia
1800 1051 1942 1095 cum
1990 1030 2275 1097 Ecclesia
2319 1034 2463 1097 univ

393 1132 772 1207 consentiat,
824 1130 1038 1194 statuit
1086 1129 1381 1214 synoduS,
1422 1129 1831 1213 jejunandum
1882 1149 2018 1194 esse
2043 1131 2219 1213 juxta
2249 1151 2463 1214 praece

391 1229 773 1296 universalis
830 1228 1145 1293 Ecclesiae
1208 1232 1472 1311 quatuor
1518 1228 1661 1292 anni
1709 1228 2131 1311 temporibus;
2196 1230 2463 1293 nimirun

397 1329 577 1403 feria,
635 1328 745 1393 VI.
791 1333 852 1392 et
886 1326 1160 1391 Sabbato
1209 1327 1566 1391 immediate
1602 1331 1742 1410 post
1773 1326 1956 1390 Diem
1986 1326 2379 1391 Dominicam
2410 1327 2460 1393 Ι.

391 1428 819 1512 dragesimae,
870 1445 1028 1509 quae
1076 1431 1286 1489 tamen
1325 1425 1653 1508 Jejuniain
1683 1423 2216 1509 Quadragesimali
2238 1425 2463 1508 jejunit

398 1528 709 1590 tinentur.
804 1523 1102 1589 Similiter
1148 1523 1303 1588 feria
1347 1523 1456 1587 IV.
1510 1523 1614 1589 VI.
1676 1527 1736 1588 et
1786 1523 2058 1587 Sabbato
2105 1524 2463 1588 immediate

392 1624 669 1688 Festum
715 1623 1152 1700 Pentecostes;
1203 1623 1403 1705 prima
1446 1622 1550 1686 IV.
1606 1622 1780 1698 feria,
1830 1622 1950 1688 VJ.
2003 1627 2063 1685 et
2108 1621 2379 1687 Sabbato
2433 1623 2463 1686 il

395 1723 570 1787 diate
606 1726 746 1807 post
773 1721 1006 1785 festum
1040 1742 1088 1786 S.
1124 1719 1339 1785 Crucis
1372 1741 1586 1785 mense
1618 1719 2040 1804 Septembris3
2091 1722 2291 1804 prima
2319 1721 2428 1785 IV.
2460 1742 2463 1749 ¹

396 1820 508 1885 VI.
566 1824 631 1885 et
678 1821 934 1885 sabbato
992 1824 1130 1903 post
1160 1819 1736 1885 festum<s.Luciae
1786 1820 1862 1882 ad
1915 1818 2017 1882 13.
2046 1819 2434 1897 Decembris

390 1918 642 2002 jejunia
681 1917 1292 2001 comprehenduntur
1338 1919 1400 1981 in
1437 1917 1672 2001 jejunio
1717 1919 1947 1982 servari
1993 1918 2170 1982 solito
2220 1919 2438 1983 diebus

399 2017 699 2082 versariis
747 2017 1069 2081 Adventus
1119 2016 1370 2081 Christi.

584 2125 913 2208 Approbat
957 2124 1212 2207 insuper
1260 2124 1533 2208 synodus
1572 2123 1880 2206 jejunium
1926 2123 2236 2208 praemitti
2271 2123 2463 2188 solitu:

400 2224 927 2307 Assumptionem
968 2223 1272 2287 Dominae
1320 2223 1588 2287 Nostrae
1637 2243 1673 2286 a
1724 2224 1782 2288 1.
1817 2223 2086 2307 Augusti
2136 2242 2333 2306 usque
2382 2222 2458 2286 ad

399 2322 639 2386 festum
663 2323 733 2407 ¹),
789 2326 850 2386 et
897 2322 975 2386 ad
1022 2320 1427 2386 Nativitatem
1485 2322 1765 2404 ejusdem
1821 2322 2129 2386 Dominae
2180 2342 2214 2385 a
2265 2323 2318 2386 1.
2371 2320 2463 2405 Se]

403 2419 540 2485 bris
604 2441 801 2504 usque
866 2420 944 2484 ad
1007 2420 1233 2485 festum
1300 2421 1494 2504 ipsius
1520 2421 1594 2504 ²),
1665 2425 1725 2484 et
1765 2421 2067 2504 jejunium
2136 2422 2303 2503 quod
2352 2440 2463 2485 voc

401 2517 850 2602 Apostolorum
917 2539 953 2582 a
1000 2519 1198 2602 prima
1247 2520 1345 2584 die
1410 2523 1549 2602 post
1597 2519 1825 2582 festum
1880 2518 2285 2583 Pentecostes
2351 2519 2463 2601 qui:

402 2617 583 2701 ginta
630 2621 962 2701 sequentes
1009 2618 1141 2681 dies
1168 2616 1240 2702 ³),
1291 2617 1519 2702 quippe
1568 2636 1726 2700 quae
1775 2617 2006 2701 optime
2057 2636 2128 2681 ac
2158 2615 2463 2681 laudabilit

404 2717 624 2780 stituta
671 2721 853 2780 sunt:
919 2717 1325 2798 quamobrem
1377 2721 1616 2800 optaret
1663 2715 1939 2799 synodus
1989 2736 2060 2780 ea
2108 2716 2422 2781 observari

407 2815 571 2880 sicut
634 2814 973 2897 antiquitus
1036 2835 1074 2878 a
1128 2816 1344 2898 primis
1409 2814 1763 2879 christianis
1830 2816 1891 2879 in
1942 2815 2057 2879 hac
2105 2815 2359 2899 regione
2415 2834 2463 2878 s(

406 2913 680 2978 fuerunt.
748 2912 960 2977 Nihilo
997 2913 1200 2976 minus
1234 2913 1378 2997 quia
1411 2918 1710 2996 quantum
1763 2914 1837 2977 ad
1869 2912 2025 2977 haec
2048 2912 2288 2995 jejunia
2335 2912 2461 2976 mul

406 3010 527 3075 suit
561 3011 962 3088 consuetudo,
1006 3016 1068 3076 et
1102 3030 1174 3076 ex
1206 3012 1565 3095 opinionum
1598 3013 1891 3077 varietate
1923 3010 2248 3094 multiplex
2278 3017 2463 3095 pertu·

412 3113 474 3172 et
522 3108 1043 3173 conscientiarum
1092 3108 1451 3174 haesitatio:
1521 3100 1795 3174 declarat
1843 3111 2152 3193 synodUS,
2221 3111 2463 3175 nemine

416 3205 572 3270 haec
612 3205 850 3288 jejunia
897 3209 1199 3272 servanda
1261 3209 1433 3293 gravi
1483 3224 1814 3292 praecepto
1863 3208 2198 3293 obstringi,
2266 3213 2328 3272 et
2375 3209 2463 3272 ha‘

426 3325 561 3370 esse
611 3305 672 3368 in
723 3310 1038 3389 posterum
1091 3311 1383 3390 tanquam
1437 3328 1624 3391 opera
1671 3309 1921 3372 omnino
1969 3296 2309 3372 voluntarie
2358 3328 2463 3371 sus

595 3597 821 3668 ¹),Lege
859 3600 1137 3653 universali
1189 3600 1440 3654 ecclesiae
1492 3599 1759 3653 orientalis
1812 3600 2110 3654 Nestoriani
2135 3601 2412 3671 jejunium
2461 3643 2463 3651 .

414 3680 576 3734 tionis
613 3680 685 3733 B.
741 3679 979 3748 Vir-qima
1015 3681 1188 3734 colunt
1225 3698 1256 3733 a
1294 3681 1539 3734 Kalendis
1578 3681 1802 3749 Augusti
1842 3698 2000 3751 usque
2040 3681 2104 3734 ad
2144 3683 2226 3735 15.
2268 3681 2463 3751 ejusd]

593 3759 637 3827 2“)
678 3760 822 3826 Quod
868 3760 951 3814 hic
988 3762 1250 3830 signatum
1286 3760 1479 3829 legitur
1502 3761 1783 3829 jejunium
1824 3761 2145 3815 Natiuitatis
2182 3763 2253 3815 B.
2294 3762 2368 3814 M.
2425 3762 2463 3814 V

414 3840 657 3895 storianis
694 3840 1026 3908 incognitum,
1066 3843 1250 3895 referri
1289 3858 1440 3911 posse
1479 3842 1686 3894 videtur
1723 3842 1787 3895 ad
1813 3842 2092 3910 jejuniam
2117 3842 2282 3896 Eliae
2320 3859 2409 3895 seu
2452 3851 2463 3895 4

414 3921 543 3991 quod
581 3936 674 3989 per
710 3924 910 3990 septem
949 3921 1291 3975 hebdomadas
1330 3921 1531 3992 colitur,
1571 3938 1601 3974 a
1642 3922 1908 3975 Dominica
1945 3923 2110 3991 prima
2137 3922 2280 3976 Eliae
2321 3925 2463 3994 (quae

417 4006 524 4054 tam
562 4000 782 4054 aestatis
820 4002 1072 4069 sequitur)
1132 4018 1290 4072 usque
1343 4002 1407 4055 ad
1447 4004 1626 4057 feriam
1667 4001 1751 4055 VI.
1806 4007 2022 4072 quartae
2075 4004 2423 4057 hebdomadae

417 4098 505 4135 seu
542 4081 792 4150 septimae
833 4081 992 4136 Eliae.
1070 4086 1413 4137 Asseman.
1453 4085 1487 4137 1.
1528 4103 1569 4138 c.
1611 4101 1657 4153 p.
1698 4085 1823 4138 387.

594 4160 636 4228 ³)
678 4161 956 4230 Jejunium
997 4165 1378 4232 Apostolorum
1429 4164 1714 4233 antiquitus
1753 4164 1799 4217 N
1806 4165 2050 4218 estoriani
2102 4180 2195 4233 per
2240 4168 2440 4232 septem

417 4242 608 4309 madaS,
648 4258 680 4295 a
719 4243 847 4296 feria
886 4241 950 4297 11.
991 4250 1108 4312 post
1145 4244 1497 4301 Pentecosten.
1528 4245 1880 4314 producebant
1918 4261 2077 4315 usque
2118 4245 2182 4298 ad
2222 4243 2463 4297 Dominic:

418 4338 548 4375 mam
587 4323 805 4376 aestatis
842 4322 1182 4392 (Nosardil),
1219 4340 1351 4394 quae
1390 4326 1610 4393 septima
1649 4330 1731 4378 est
1769 4343 1799 4378 a
1826 4325 2151 4390 Pentecoste,
2192 4325 2323 4377 etin
2350 4340 2450 4394 qua

417 4402 678 4456 duodecim
717 4404 1080 4471 Apostolorum
1120 4405 1444 4468 celebratum
1485 4422 1615 4460 nunc
1655 4422 1777 4459 vero
1817 4406 2019 4461 aferia
2057 4405 2120 4458 ΙΙ.
2160 4412 2279 4473 post
2319 4404 2463 4457 Pent.

420 4482 481 4534 ad
520 4484 603 4536 29.
631 4483 786 4547 Junii‚
825 4484 872 4537 h.
903 4501 964 4551 e.‚
1004 4502 1166 4555 usque
1206 4485 1269 4538 ad
1298 4485 1487 4538 festum
1514 4486 1879 4554 Apostolorum
1907 4490 2162 4538 servatur.
2214 4487 2463 4538 Assem&

2354 4575 2454 4627 43*

2546 530 2651 592 675
