3514 5391
1060 555 1237 614 Mense
1274 559 1428 613 Julio.
1486 557 1646 613 Festa
1682 558 2010 625 synodorum.

674 672 725 676 --
808 671 953 677 ——.---
994 672 1127 677 ”—
1218 672 1309 677 .ἡὴ
1336 672 1485 678 ...----ὴ
1552 672 1707 679 --ῳᾉ
1793 671 1940 677 -,-.,--

2545 560 2647 612 491

414 757 600 822 fuisse
665 758 828 822 diem
886 757 1290 835 dominicum,
1361 757 1468 841 qui
1529 758 1934 841 propinquior
1995 763 2088 823 est
2151 758 2270 823 diei
2328 759 2427 823 16.
2478 757 2648 836 Jnlii,

415 855 752 921 honoribus
799 876 848 920 S.
900 856 1333 942 Athenogenis
1381 856 1604 922 dicato,

584 981 937 1047 Hodiernae
962 981 1370 1046 solemnitatis
1395 981 1709 1063 objectum
1735 982 2055 1069 Horologii
2087 982 2387 1048 editiones
2413 1002 2650 1060 omneS‚

410 1079 746 1157 Romanae,
810 1080 1070 1159 Veneta,
1120 1079 1542 1157 Atheniensis,
1606 1080 1829 1146 iisdem
1872 1081 2078 1146 verbis
2126 1078 2422 1147 efferunt:
2480 1078 2651 1143 Ψάλ-

408 1177 585 1243 λεται
634 1175 674 1264 ἡ
723 1172 1086 1242 ἀκολουθία
1131 1182 1260 1242 τῶν
1315 1171 1509 1260 ἁγίων
1567 1176 1675 1242 καὶ
1740 1176 2084 1266 θεοφόρων
2143 1176 2461 1264 πατέρων,
2527 1183 2655 1244 τῶν

405 1271 498 1353 εἷς
539 1275 662 1354 τὰς
704 1269 775 1358 ἓξ
821 1270 1268 1358 οἶκουμενικᾶς
1313 1273 1621 1352 συνόδους
1666 1273 2131 1341 συνελθόντων·
2188 1274 2483 1342 τουτέστι
2528 1282 2656 1342 τῶν

405 1369 497 1451 εἷς
541 1373 658 1459 τὴν
707 1372 788 1445 α’.
839 1372 908 1440 ἐν
953 1369 1199 1461 Νικαίᾳ
1245 1378 1398 1456 318,
1446 1379 1574 1439 τῶν
1619 1369 1713 1452 εἷς
1756 1372 1872 1462 τὴν
1916 1373 2005 1457 β’.
2054 1370 2123 1439 ἓν
2157 1371 2654 1441 Κωνσταντίνου

405 1471 597 1539 πόλει
648 1477 803 1554 150,
868 1478 998 1538 τῶν
1041 1468 1135 1552 εἶς
1179 1472 1294 1562 τὴν
1336 1471 1415 1557 γ’.
1478 1470 1548 1539 ἐν
1593 1471 1839 1562 Ἐφέσῳ
1885 1477 2037 1553 200,
2103 1478 2233 1538 τῶν
2275 1469 2368 1551 εἷς
2411 1473 2526 1563 τὴν
2572 1474 2653 1541 δ’.

405 1569 474 1637 ἐν
517 1571 895 1661 Καλχηδόνι
943 1575 1096 1656 630,
1143 1576 1273 1637 τῶν
1315 1565 1411 1648 εἷς
1453 1570 1569 1660 τὴν
1612 1569 1686 1637 ε’.
1737 1569 1807 1636 ἐν
1853 1570 2154 1654 ΚΠόλει,
2216 1572 2294 1638 τὸ
2341 1572 2653 1659 δεύτερον,

404 1674 573 1755 165,
639 1668 748 1737 καὶ
794 1675 923 1736 τῶν
967 1665 1062 1748 εἷς
1106 1669 1220 1759 τὴν
1265 1669 1343 1751 ς’.
1411 1667 1480 1735 ἐν
1529 1669 1822 1752 ΚΠόλει,
1888 1669 1964 1735 τὸ
2010 1665 2246 1756 τρίτον,
2304 1675 2454 1739 170.
2552 1674 2653 1740 Ab

405 1771 504 1836 his
566 1791 698 1836 non
761 1772 1118 1857 discrepant
1184 1769 1517 1846 formulae,
1590 1770 1816 1854 quibus
1883 1770 2110 1836 festum
2177 1772 2237 1835 in
2302 1771 2657 1859 Horologiis

404 1869 1061 1955 Austro-Hungaricis
1109 1869 1411 1936 enuntiari
1463 1869 1743 1934 videmus
1769 1869 1839 1951 ¹).
2128 1882 2138 1893 ·

584 1995 842 2061 Priores
889 2015 996 2060 sex
1045 1997 1266 2080 synodi
1312 1996 1769 2071 oecumenicae,
1820 2015 2080 2079 quarum
2124 1997 2426 2061 memoria
2474 1997 2656 2061 hodie

404 2094 729 2159 communi
776 2093 997 2160 Officio
1045 2093 1267 2179 agitur,
1317 2093 1435 2158 hae
1484 2097 1667 2159 sunt:

524 2238 582 2301 1.
641 2235 938 2323 Synodus
992 2236 1285 2301 Nicaemz
1334 2236 1474 2323 (L),
1524 2235 1640 2301 sub
1689 2234 2091 2301 Constantino
2139 2236 2370 2323 Magno
2395 2237 2447 2321 2)
2498 2237 2656 2303 cele-

634 2336 816 2401 brata
863 2356 1023 2402 anno
1073 2356 1250 2402 aerae
1295 2335 1568 2421 vulgaris
1615 2335 1768 2413 325,
1826 2336 1889 2400 in
1937 2356 2059 2418 qua
2106 2341 2494 2421 propugnata
2541 2336 2659 2402 fuit

636 2433 832 2499 Verbi
883 2435 1170 2500 divinitas
1218 2435 1514 2500 adversus
1559 2434 1830 2499 Arianos
1854 2433 1940 2519 ⁸);
2039 2508 2046 2513 ,

520 2560 583 2623 2.
641 2558 939 2647 Synodua
993 2559 1707 2647 Constantinopolitana
1754 2562 1829 2641 1.,
1880 2561 1994 2625 sub
2025 2559 2375 2624 Theodosio
2404 2559 2657 2643 Magn0‚

639 2678 803 2724 anno
835 2658 987 2738 381,
1036 2660 1099 2725 in
1148 2679 1271 2744 qua
1301 2660 1595 2725 damnata
1635 2649 1925 2725 haeresis
1943 2657 2312 2736 Macedonii‚
2364 2657 2661 2722 adversus

641 2757 912 2842 Spiritus
959 2759 1159 2824 sancti
1205 2758 1610 2835 divinitatem,
1658 2763 1724 2824 et
1765 2757 2119 2843 symbolum
2151 2756 2468 2821 Nicaenae
2517 2754 2662 2820 fidei

640 2856 1079 2921 confirmatum
1127 2861 1254 2930 est;

415 3165 541 3231 περὶ
583 3160 750 3225 αὐτῆς
784 3159 966 3229 μόνον
1015 3164 1106 3226 τῆς
1143 3159 1211 3218 δ’.
1262 3163 1350 3211 καὶ
1389 3164 1478 3227 τῆς
1516 3158 1585 3222 ς’,
1643 3165 1753 3213 τῶν
1797 3160 1932 3211 ’eata'
1987 3164 2094 3213 τῶν
2128 3164 2528 3231 μονοφυσιιιῦν
2576 3163 2661 3211 καὶ

408 3241 811 3310 μονοθελητῶν
849 3244 1341 3311 συγκροτηθεισῶν.

601 3321 642 3390 ¹)
684 3320 932 3391 Exemplo
970 3322 1041 3375 sit
1078 3322 1235 3377 editio
1273 3339 1485 3377 rumena
1524 3322 1931 3378 Balasfalvensis
1968 3323 2087 3377 anni
2128 3324 2297 3388 1869,
2350 3339 2480 3393 quae
2521 3321 2662 3375 fest-i·

412 3418 531 3457 vam
571 3402 887 3474 synodorum
926 3403 1463 3464 commemorationem
1515 3403 1590 3457 ita
1628 3404 1867 3473 proponit
1914 3403 1980 3457 ad
2033 3404 2115 3458 16.
2153 3402 2304 3457 Julii:
2367 3400 2594 3456 Cede-se
2631 3417 2663 3452 α

410 3484 510 3550 sel,
547 3485 612 3538 σὰ
656 3522 669 3536 .
709 3522 723 3536 .
765 3521 777 3536 .
809 3485 1030 3554 facemu
1070 3486 1374 3539 (ementirea
1412 3502 1487 3539 ss,
1514 3486 1764 3555 parente]
1804 3486 1985 3539 celoru
2023 3485 2139 3538 318
2176 3483 2243 3538 de
2280 3484 2335 3538 la
2375 3482 2662 3537 adunat-cm

412 3562 481 3617 de
518 3561 787 3629 antonia,
836 3579 967 3618 care
1001 3563 1084 3617 s'a
1114 3568 1312 3635 focata
1350 3566 1405 3618 la
1446 3565 1675 3634 Nice’a-,·
1730 3569 1785 3620 st
1819 3566 2036 3620 aceloru
2079 3564 2190 3617 150
2226 3563 2294 3617 de
2330 3564 2384 3616 la
2434 3580 2466 3615 a
2504 3562 2664 3616 dou'a

413 3643 672 3698 adunare
706 3643 761 3696 la
803 3644 1200 3715 Constantinop.
1216 3661 1240 3712 ;
1275 3648 1331 3700 si
1363 3646 1582 3700 aceloru
1622 3645 1697 3699 70
1735 3646 1854 3713 (sic)
1895 3646 1963 3700 de
1999 3647 2053 3701 la
2081 3662 2114 3699 a
2139 3645 2303 3699 trei’a
2331 3643 2662 3698 adunarem

416 3722 599 3792 Efesu
616 3738 644 3791 ,·
679 3725 736 3777 st
769 3724 986 3779 acelora
1013 3725 1128 3778 630
1163 3726 1232 3780 de
1255 3727 1312 3781 la
1337 3743 1372 3779 a
1386 3726 1578 3796 patr-'a
1607 3727 1663 3779 in
1694 3727 1995 3781 Calcedomae
2013 3743 2037 3794 ,·
2074 3728 2129 3780 st
2150 3726 2369 3780 aceloru
2397 3725 2509 3778 160
2544 3725 2663 3788 (sic)

416 3802 484 3856 de
519 3801 577 3857 la
617 3819 653 3856 a
692 3803 884 3870 cincta,
920 3807 976 3859 st
1009 3807 1226 3861 acelora
1266 3806 1377 3860 170
1413 3806 1481 3860 de
1517 3807 1572 3860 la
1612 3823 1645 3859 a
1683 3806 1869 3861 sies’a.

598 3881 645 3948 ²)
686 3882 821 3949 Quid
859 3883 1075 3939 Romani
1114 3886 1390 3941 Pontifices
1429 3886 1477 3939 vi
1517 3887 1770 3957 primatus
1808 3888 1886 3941 sui
1926 3887 1975 3940 in
2002 3886 2341 3941 convocandis
2367 3889 2664 3940 confirman—

418 3963 596 4034 disque
636 3965 868 4018 conciliis
904 3967 1233 4035 generalibus
1272 3967 1492 4036 egerint,
1530 3971 1586 4021 et
1622 3983 1776 4037 quam
1803 3971 2120 4037 potestatem
2158 3967 2210 4020 in
2235 3968 2297 4021 iis
2324 3966 2665 4030 exercuerint,

419 4047 537 4112 post
572 4045 751 4114 plures
788 4045 919 4100 alios
958 4047 1010 4110 (a
1050 4046 1333 4115 Devoti,
1373 4047 1554 4101 Instit.
1593 4064 1710 4102 can.
1752 4047 1786 4101 l.
1829 4050 1875 4114 1,
1916 4065 1958 4101 c.
1999 4050 2050 4112 3,
2090 4048 2122 4116 ξ
2159 4048 2229 4102 38
2268 4047 2479 4112 citatos)
2520 4061 2665 4115 prae-

419 4125 558 4178 clare
611 4124 843 4179 ostendit
889 4141 1014 4180 van
1052 4125 1520 4191 Everbroeck‚
1580 4128 1667 4183 De
1703 4128 1847 4197 jure
1899 4127 2053 4181 Rom.
2109 4125 2392 4196 pontificis
2440 4124 2664 4179 concilia

420 4205 759 4260 oecumenica
799 4206 1124 4261 convocandi
1157 4208 1332 4277 iisque
1356 4207 1728 4277 praesidendi
1763 4208 1977 4274 (Archiv
2005 4209 2088 4261 fiir
2112 4207 2254 4260 kath.
2276 4204 2665 4269 Kirchenrecht‚

421 4291 545 4339 tom.
584 4287 660 4352 2),
700 4291 845 4339 recte
884 4286 1071 4341 idcirco
1111 4291 1164 4341 et
1194 4290 1311 4358 jure
1350 4304 1381 4340 a
1418 4287 1591 4342 Rmo.
1630 4288 1760 4342 Hef
1770 4288 1874 4341 ele
1913 4288 1979 4342 ad
2017 4287 2362 4341 defensionem
2386 4300 2542 4339 verae
2580 4284 2665 4337 do-

421 4365 619 4420 ctrinae
658 4366 880 4420 collatus
918 4365 1545 4438 (Concilienqeschichte,
1583 4371 1621 4421 t.
1662 4371 1711 4434 1,
1751 4384 1800 4437 p.
1843 4369 1911 4423 15
1949 4368 2072 4423 edit.
2111 4367 2186 4430 2).

605 4449 648 4511 ⁸)
690 4445 1044 4501 Constitutum
1082 4452 1356 4517 praeterea
1394 4449 1571 4516 fuisse,
1611 4453 1668 4503 ut
1705 4450 1953 4502 memoria
1989 4447 2169 4518 synodi
2197 4446 2391 4515 primae
2421 4443 2666 4514 peculiari

424 4524 557 4582 festo
596 4525 997 4598 instauraretur,
1035 4528 1393 4586 annotavimus
1433 4543 1589 4602 supra
1627 4545 1708 4598 pp.
1749 4529 1853 4583 377
1894 4533 1947 4581 et
1985 4528 2106 4581 416.
