3514 5391
817 556 1063 625 Κυριακῆ
1103 560 1203 609 τοῦ
1241 554 1464 625 Πάσχα.
1519 556 1787 611 Dominica
1824 555 2255 613 ResurrectiouiS.
2551 560 2660 615 325

420 665 2221 675 ”mmm—.—

411 755 641 821 μανείην,
696 769 837 823 quae
871 753 1124 808 uidentur
1160 752 1362 808 indicia
1400 754 1696 819 multarum
1747 771 1871 808 esse
1906 770 2338 824 maynarumque
2387 756 2663 821 virtutum,

415 835 592 886 tamen
633 836 688 887 et
723 833 842 904 ipsa
879 850 984 888 non
1024 850 1311 904 expressa,
1347 850 1521 904 neque
1556 834 1734 888 solida
1773 838 1954 900 erant,
1989 835 2091 888 sed
2127 835 2475 902 adumbrata,
2513 839 2569 889 et
2590 836 2666 890 ad

415 913 698 967 verborum
736 915 964 984 speciem
1004 917 1209 986 efficta,
1246 918 1357 969 tum
1393 915 1561 990 multo
1585 915 1846 985 pluribus
1896 915 2072 985 iisque
2109 916 2277 971 certis
2323 919 2378 971 et
2411 914 2663 987 turpissi-

414 993 519 1047 mis
563 995 910 1065 stantiorum
966 996 1110 1050 notis
1174 996 1518 1050 dedecorata·
1556 996 1868 1050 sordebant.
1956 995 2042 1054 Et
2078 994 2299 1054 Thom
2320 1013 2443 1054 ass
2464 998 2662 1068 inus,

419 1073 705 1144 Theoloqia
743 1076 995 1144 deamat„
1034 1081 1076 1134 t.
1112 1077 1164 1142 2,
1203 1077 1241 1135 l.
1279 1076 1329 1142 4,
1371 1092 1418 1134 c.
1456 1076 1508 1146 9,
1548 1076 1609 1134 in
1642 1076 1795 1134 fine:
1835 1077 1937 1131 Nil
1969 1077 2159 1142 lutiae,
2197 1076 2309 1142 ait,
2346 1077 2429 1131 nil
2450 1077 2663 1147 sapien-

412 1154 526 1209 tiae
562 1159 618 1210 et
650 1156 970 1212 sobrietatis
992 1158 1205 1228 reyulis
1227 1156 1698 1222 accommodatius,
1735 1173 1895 1227 quam
1924 1158 2190 1212 communi
2199 1158 2447 1228 fidelium
2477 1159 2669 1213 sensui

412 1238 466 1289 et
498 1236 822 1292 credulitati
854 1237 1274 1302 adhaerescere,
1310 1238 1572 1292 liberatos
1609 1238 1814 1293 scilicet
1850 1255 1884 1291 a
1918 1239 2136 1293 Christo
2173 1254 2277 1293 non
2291 1239 2665 1309 philosophos,

410 1333 514 1370 non
556 1332 901 1387 quoscunque
938 1319 1097 1385 alios,
1134 1320 1247 1373 nisi
1281 1319 1377 1387 qui
1410 1319 1466 1372 in
1500 1318 1689 1387 qratia
1729 1322 1783 1372 et
1819 1318 2061 1373 amicitia
2100 1318 2212 1373 Dei
2247 1336 2276 1372 e
2314 1319 2446 1374 ciens
2482 1336 2664 1374 exces-

410 1398 634 1452 sissent.
691 1396 1014 1457 Pulchram
1056 1397 1451 1458 calmetus
1491 1398 1976 1456 dissertationem
2016 1398 2222 1470 edidit,
2261 1408 2396 1457 num
2424 1399 2664 1469 ethnici,

411 1479 621 1550 quibus
679 1479 778 1537 lex
828 1478 1067 1552 Moysis,
1127 1486 1232 1538 aut
1281 1479 1680 1550 Evangelium
1739 1479 2044 1551 incognita
2100 1477 2300 1546 fuere,
2359 1479 2667 1553 potuerint

412 1563 729 1616 aeternam
769 1559 1025 1619 salutem
1067 1562 1373 1634 consequi3
1413 1567 1477 1619 et
1513 1561 1795 1633 ostendit,
1835 1560 2088 1619 Sanctos
2126 1561 2262 1620 illos
2303 1569 2441 1621 ante
2468 1564 2661 1635 legem

411 1638 653 1712 MoysiS,
691 1645 841 1713 puta
879 1640 1044 1711 Seth,
1083 1641 1228 1712 Noe,
1269 1640 1724 1708 Melchisedech,
1766 1641 1865 1714 qui
1902 1641 2043 1699 fidei
2079 1642 2300 1700 lumine
2339 1641 2535 1701 Deum
2574 1658 2669 1700 co·

407 1731 766 1794 gnoverunt,
795 1728 858 1780 et
880 1739 1026 1796 puro
1053 1723 1449 1796 religiosoque
1478 1723 1657 1794 cultu,
1686 1728 1748 1781 et
1774 1723 2116 1781 innocentia
2143 1723 2309 1781 vitae
2337 1723 2665 1794 coluerunt,

411 1803 671 1861 salutem
711 1808 1021 1862 aeternam
1063 1803 1342 1877 adeptos;
1391 1803 1769 1877 philosophos
1806 1819 1967 1874 ver0,
2008 1803 2106 1875 qui
2144 1804 2409 1861 naturali
2446 1803 2665 1861 lumine

408 1881 610 1941 Deum
651 1882 920 1941 habuere
959 1884 1274 1957 cognitum,
1312 1890 1599 1957 tantoque
1635 1883 1928 1942 beneficio
1969 1884 2138 1941 abusi
2178 1884 2307 1955 ejus
2347 1901 2511 1956 opem
2553 1901 2665 1941 non

409 1962 830 2035 implorarunt,
886 1965 992 2022 sed
1043 1964 1219 2023 foedo
1271 1966 1558 2023 idolorum
1611 1965 1797 2023 cultui
1848 1965 2196 2030 haeserunt,
2257 1960 2665 2037 corruptisque

410 2043 677 2102 moribus
715 2061 780 2102 se
821 2047 1359 2116 commacularunt,
1409 2046 1573 2103 inter
1611 2062 1753 2117 quos
1793 2043 2106 2116 SocrateS‚
2158 2045 2367 2112 Plato,
2420 2045 2666 2105 Seneca,

410 2141 600 2197 neque
643 2125 902 2184 salutem
941 2131 1251 2184 aeternam
1291 2132 1666 2198 consecutOS,
1725 2142 1912 2199 neque
1967 2142 2003 2182 a
2041 2124 2281 2184 Christo
2330 2126 2407 2184 ad
2444 2124 2668 2183 inferos

411 2206 821 2266 descendente
861 2206 1153 2265 liberatos
1192 2225 1343 2268 esse.

475 2484 588 2543 De
642 2482 1174 2542 benedictione
1223 2484 1782 2574 esculentorum
1830 2484 1902 2541 in
1954 2484 2340 2556 paschate,
2392 2487 2468 2541 et
2516 2482 2612 2540 de

1067 2593 1489 2651 elevatione
1535 2587 1646 2672 τῆς
1690 2577 2032 2666 παναγιάς.

594 2748 946 2813 Rationem
970 2746 1422 2812 benedictionis
1450 2746 1726 2811 ciborum
1756 2747 1826 2809 in
1858 2746 2158 2809 Paschate
2190 2743 2429 2829 probati
2465 2748 2669 2808 aucto-

411 2868 513 2913 res
543 2847 591 2933 ¹)
659 2846 1014 2933 generatim
1077 2847 1222 2911 inde
1283 2850 1602 2929 repetunt,
1672 2846 1837 2929 quod
1885 2843 2168 2909 diabolus
2224 2842 2344 2907 hoc
2390 2846 2670 2935 tempore

413 2947 622 3032 magis
672 2949 941 3031 satagat,
993 2965 1104 3010 nos
1152 2944 1550 3029 supplantare
1598 2943 1991 3029 suggerendo
2038 2940 2326 3006 videlicet
2356 2938 2667 3023 crapulam

412 3049 475 3109 et
499 3045 990 3109 immoderatum
1018 3063 1200 3108 usum
1227 3043 1539 3119 ciborum;
1590 3042 1750 3107 sicut
1784 3041 1949 3107 enim
1985 3039 2302 3105 Christum
2333 3038 2668 3102 Dominum

413 3148 558 3225 post
606 3141 1152 3226 quadragesimale
1191 3140 1515 3227 jejunium:
1542 3140 1803 3205 tentavit
1822 3139 1897 3223 2),
1947 3140 2032 3203 ita
2080 3143 2141 3202 et
2169 3156 2281 3201 nos
2315 3142 2462 3201 tunc
2493 3156 2671 3219 prae·

413 3241 598 3324 cipue
651 3239 1056 3324 supplantare
1105 3245 1382 3321 conatur,
1433 3243 1763 3324 postquam
1812 3236 2062 3302 modulo
2110 3239 2321 3300 nostro
2369 3254 2482 3319 per
2526 3255 2674 3317 qua-

416 3338 846 3424 dragesimam
889 3337 1325 3422 jejunavimus
1398 3337 1575 3418 Qu‘od
1622 3356 1700 3400 ne
1749 3335 1928 3400 nobis
1968 3333 2226 3411 eveniat,
2277 3332 2464 3397 hodie
2496 3352 2674 3415 prae·-

416 3438 639 3502 sertim
666 3436 1082 3502 benedicendi
1101 3440 1247 3500 sunt
1267 3435 1407 3513 eibi,
1446 3434 1875 3499 benedictione
1901 3454 2023 3498 non
2045 3433 2257 3515 utique
2278 3431 2675 3497 constitutiva

417 3536 550 3601 sive
600 3535 1053 3612 consecrativa,
1106 3535 1216 3599 sed
1262 3535 1621 3598 invocativa
1669 3532 2021 3616 tantun1³),
2086 3552 2210 3614 qua
2253 3529 2491 3594 seilicet
2536 3550 2677 3613 spc-

420 3633 596 3699 cialis
647 3634 771 3700 Dei
830 3633 1183 3705 assistentia
1246 3632 1410 3697 circa
1456 3651 1669 3696 corum
1720 3651 1903 3695 usum
1949 3629 2338 3714 imploratur,
2400 3648 2478 3692 ne
2538 3633 2679 3711 post

417 3733 683 3819 longum
728 3732 1056 3819 jejunium,
1107 3730 1352 3815 quando
1401 3728 1712 3814 appetitus
1761 3728 1981 3793 edendi
2030 3731 2124 3792 est
2171 3726 2420 3804 avidior,
2468 3726 2580 3790 fiat
2603 3746 2677 3789 ex

421 3831 836 3918 suggestione
886 3831 1205 3896 daemonis
1254 3848 1545 3895 excessus
1592 3828 1655 3893 in
1704 3832 1904 3911 pastu.

427 4014 824 4021 —-——.—----.-..-—-
841 4014 864 4019 .-

610 4117 656 4185 ¹)
700 4116 1016 4183 Durand.,
1056 4114 1333 4169 Rational.
1360 4114 1393 4168 l.
1420 4116 1471 4181 6,
1511 4130 1555 4167 c.
1581 4113 1679 4177 863
1720 4110 1995 4177 Quarti,
2033 4109 2120 4163 De
2146 4107 2492 4161 benedic-lion.
2523 4106 2605 4160 tit.
2627 4107 2681 4159 3.

424 4201 554 4254 sect.
596 4201 652 4267 3,
692 4196 927 4267 praelud.
965 4197 1028 4261 2;
1067 4195 1318 4249 Tetam.
1357 4193 1627 4248 Ferdin.
1667 4191 1833 4245 Diar.
1874 4192 1976 4243 An.
2016 4189 2222 4253 eccles„
2279 4192 2317 4241 t.
2355 4188 2420 4253 3,
2471 4186 2588 4240 libri
2627 4186 2677 4252 5,

423 4295 549 4348 pars
588 4280 624 4333 3
663 4276 840 4347 partis
876 4277 927 4341 2,
963 4292 1013 4329 n.
1051 4277 1149 4341 60;
1189 4274 1294 4329 alii.

611 4358 659 4423 ²)
703 4357 894 4411 Matth.
933 4357 983 4422 4,
1021 4356 1177 4409 2-3,

611 4437 658 4504 ⁸)
701 4436 789 4490 lta
825 4439 1007 4489 contra
1044 4435 1349 4489 Gretser.
1400 4435 1487 4489 De
1525 4432 1782 4488 benedict.
1822 4431 1855 4485 1.
1893 4432 1943 4496 2,
1998 4447 2042 4484 c.
2081 4430 2167 4484 42.
2217 4443 2330 4481 cum
2366 4425 2556 4495 insigni
2595 4425 2680 4478 do-

428 4523 632 4575 ctorum
667 4516 834 4585 globo
870 4518 1017 4572 tenet
1053 4514 1299 4572 Totam.
1338 4514 1528 4569 Ferd.
1568 4513 1600 4567 l.
1641 4530 1684 4569 c.
1723 4529 1774 4567 n.
1813 4511 2042 4567 56—57.
