3514 5391
1063 512 1351 579 Σάββαῐον
1388 517 1488 568 τοῦ
1524 514 1831 567 ἀκαθίστου
1868 514 2068 585 ὕμνον.

459 708 610 775 κατὰ
678 712 850 776 Θεοῦ
918 711 1339 801 βλασφήμους
1413 710 1518 778 ἐκ·

453 806 725 891 πέμπων
755 809 992 898 φωνάς·
1042 807 1270 877 αὐτίκα
1300 805 1518 877 τοίνυν

450 903 486 993 ἡ
525 905 641 989 μὲν
689 905 1000 974 θάλασσα
1042 905 1312 991 πλοίων,
1361 909 1399 995 ἡ
1445 908 1515 975 δὲ

449 1009 518 1092 γῆ
562 1005 781 1087 πεζῶν
810 1006 919 1072 καὶ
948 1002 1208 1074 ἱππέων
1233 1003 1516 1097 ἀπείρων

449 1097 739 1187 ἔμπλεως
773 1098 866 1193 ἦν·
919 1104 1179 1192 Σέργιος
1216 1106 1287 1173 δὲ
1319 1106 1354 1171 ὁ
1382 1128 1516 1173 πα-

446 1225 537 1287 τρι
547 1201 760 1292 ἀρχης,
809 1203 1026 1269 πολλὰ
1053 1203 1168 1269 τὸν
1189 1210 1302 1293 τῆς
1331 1209 1516 1271 Κων-

447 1294 802 1367 σταντίνοο
827 1302 1176 1389 παρεκάλει
1208 1303 1383 1386 λαόν,
1430 1303 1517 1392 μὴ

446 1397 902 1483 καταπίπτειν,
953 1401 1113 1467 ἀλλὰ
1153 1408 1374 1468 πᾶσαν
1403 1402 1517 1492 τὴν

448 1494 681 1565 ἐλπίδα
712 1498 783 1564 ἐκ
815 1505 1024 1588 ψυχῆς
1045 1496 1138 1579 εἷς
1161 1500 1327 1566 Θεὸν
1359 1500 1513 1567 ἀνα-

449 1596 677 1685 φέρειν,
690 1597 796 1663 καὶ
815 1593 908 1675 εἷς
918 1598 1033 1687 τὴν
1047 1597 1514 1687 αὐτώ-Μητέρα

448 1696 554 1784 τὴν
568 1697 1023 1784 πανάχραντον
1043 1698 1383 1764 Θεοτόκον·
1405 1698 1510 1764 καὶ

447 1795 562 1883 μὴν
619 1795 730 1860 καὶ
800 1800 1020 1875 Βῶνος
1077 1792 1420 1884 πατρίκιος
1477 1797 1512 1861 ὁ

447 1899 787 1981 τηνικαῦτα
845 1895 960 1984 τὴν
1005 1895 1201 1961 πόλιν
1247 1895 1511 1975 διέπων,

447 1993 523 2057 τὰ
586 1993 902 2081 ἀνήκοντα
969 1990 1064 2072 εἷς
1130 1993 1514 2082 ἀποτροπὴν

447 2096 567 2155 τῶν
611 2088 945 2176 πολεμίων
983 2091 1511 2180 παρεσκευάζετο·

447 2189 542 2255 δεῖ
584 2190 703 2278 γὰρ
728 2191 895 2275 μετὰ
931 2197 1042 2280 τῆς
1072 2190 1326 2258 ἄνωθεν
1355 2196 1510 2281 βουγ-

451 2284 632 2366 &flag
676 2289 786 2354 καὶ
819 2288 981 2378 ἡμᾶς
1003 2289 1085 2355 τὰ
1107 2290 1514 2379 προσήκοντα

446 2385 733 2472 ἐνεργεῖν.

547 2486 615 2553 Ὀ
661 2486 733 2552 δὲ
761 2487 1160 2576 πατριάρχης
1185 2487 1302 2565 τὰς
1330 2481 1516 2565 θείας

440 2581 694 2663 εἰκόνας
737 2591 850 2674 τῆς
901 2584 1305 2675 Θεομὴτορος
1351 2585 1515 2670 μετὰ

443 2685 692 2763 παντὸς
736 2683 1137 2770 ἐπαγόμενος
1187 2690 1304 2751 τοῦ
1349 2682 1513 2772 πλή-

442 2789 606 2863 θους
666 2783 918 2872 περιῄει
973 2784 1050 2849 τὸ
1096 2788 1305 2865 τεῖχος
1352 2782 1515 2848 ἅνω-

442 2888 580 2965 osv,
631 2883 938 2948 ἐπεῖ-θεν
973 2881 1048 2946 ‘cu
1079 2880 1365 2970 ἀσφαλὲς
1402 2881 1513 2946 αὐ-

435 2989 563 3048 τῶν
596 2981 1046 3068 ποριζόμενος·
1095 2980 1182 3058 ιῦς
1227 2980 1297 3045 δὲ
1337 2979 1372 3045 ὁ
1401 2979 1517 3064 μὲν

441 3081 783 3166 Σάρβαρος
839 3079 908 3162 ἐξ
956 3075 1148 3166 ἑῴας,
1215 3076 1516 3163 Χαγάνος

435 3179 502 3245 δὲ
555 3179 697 3244 ἀπὸ
743 3178 1002 3263 δυσμῶν
1047 3178 1408 3264 πυρπολεῖν
1433 3176 1515 3241 τὰ

435 3279 631 3366 πέριξ
679 3282 791 3367 τῆς
839 3275 1093 3354 πόλεως
1137 3275 1428 3366 ἤρχοντο,
1479 3271 1515 3338 ὁ

434 3375 843 3465 πατριάρχης
880 3375 994 3464 τὴν
1025 3369 1517 3461 ἀχειροποίητον

433 3482 547 3540 τοῦ
597 3478 896 3560 Χριστοῦ
954 3468 1205 3552 εἰκόνα,
1267 3470 1372 3536 καὶ
1435 3471 1518 3536 τὰ

431 3569 620 3657 τίμια
704 3571 813 3637 καὶ
901 3570 1196 3651 ζωοποιιὶ
1257 3568 1417 3651 §Ma
1441 3570 1514 3654 ³),

2586 518 2690 573 159

1625 714 1839 783 multis
1886 717 1949 781 in
1994 716 2202 785 Deum
2258 715 2690 801 blasphemiis.

1625 813 1842 898 Itaque
1874 816 2210 900 derepente
2240 836 2411 881 mare
2440 817 2689 901 quidem

1623 912 1886 977 navibus
1923 912 2174 997 plenum
2204 914 2341 992 suit,
2391 918 2558 980 terra
2586 936 2692 1000 pe-

1625 1010 1859 1076 ditibus
1916 1011 2351 1094 equitibusque
2410 1013 2688 1079 infinitis,

1624 1108 1881 1195 Sergius
1908 1109 1957 1194 1)
2046 1114 2249 1174 aute‘m
2340 1112 2694 1195 patriarcha

1624 1208 1803 1274 valde
1853 1206 2564 1292 Constantinopolitanos
2598 1212 2690 1275 in-

1624 1307 1792 1394 colas
1855 1307 2261 1385 admonebat,
2324 1328 2403 1373 ne
2451 1308 2691 1375 animos

1622 1405 2113 1490 desponderent;
2163 1406 2273 1470 sed
2303 1425 2552 1471 omnem
2584 1427 2689 1491 po-

1624 1504 1747 1569 tius
1774 1524 1952 1589 spem
1978 1523 2157 1568 suam
2183 1523 2257 1568 ex
2276 1504 2494 1569 intimo
2521 1525 2692 1570 men-

1622 1605 1702 1668 tis
1751 1623 1936 1669 sensu
1987 1605 2051 1668 in
2098 1605 2250 1682 De0,
2302 1609 2364 1669 et
2411 1605 2470 1669 in
2501 1605 2691 1670 Geni-

1622 1702 1776 1768 trice
1823 1702 2219 1767 immaculata
2264 1703 2535 1787 Deipara
2565 1703 2691 1769 ool-

1621 1801 1916 1866 locarent.
1984 1802 2177 1885 Atqui
2212 1806 2274 1867 et
2306 1803 2536 1880 BonuS,
2586 1803 2691 1885 qui

1559 1942 1576 1957 ·
1621 1904 1770 1965 tunc
1816 1900 2046 1963 civitati
2077 1905 2379 1984 praeerat,
2430 1921 2503 1964 ea
2534 1920 2691 1985 quae

1621 1998 2055 2082 propulsandis
2118 1997 2403 2064 hostibus
2475 2017 2689 2063 neces-

1622 2097 1785 2160 saria
1807 2101 2001 2173 erant,
2036 2097 2460 2180 praeparabat.
2494 2096 2689 2180 Opor-

1622 2199 1711 2259 tet
1736 2194 1922 2271 enim,
1972 2198 2040 2259 ut
2068 2214 2211 2258 cum
2241 2194 2489 2259 coelesti
2524 2196 2692 2259 auxi-

1621 2293 1701 2356 lio
1719 2312 1831 2357 nos
1847 2293 2030 2357 etiam
2050 2294 2321 2359 studium
2350 2300 2412 2358 et
2436 2314 2686 2377 operam

1623 2396 1899 2457 nostram
1950 2392 2417 2476 conjungamus

1729 2489 2099 2555 Patriarcha
2144 2494 2370 2566 autem,
2420 2492 2692 2574 acceptis

1624 2588 2018 2673 Deiparentis
2083 2589 2478 2674 iinaginibuS‚
2549 2609 2688 2652 cum

1624 2687 1791 2752 omni
1855 2686 2250 2752 multitudine
2300 2687 2540 2752 moenia
2588 2708 2690 2752 sn-

1626 2805 1814 2868 perne
1845 2785 2163 2863 circuibat,
2195 2785 2340 2851 hinc
2367 2785 2486 2850 illis
2514 2807 2691 2869 prae-

1623 2884 1846 2948 sidium
1899 2889 1961 2948 et
2008 2883 2267 2948 salutem
2302 2904 2687 2967 comparans

1623 2982 1713 3047 Ut
1759 3002 1904 3046 vero
1952 2981 2256 3046 Sarbarus
2309 2983 2385 3047 ab
2434 2982 2689 3059 oriente,

1624 3079 1956 3164 Ohaganus
2005 3084 2211 3144 autem
2261 3080 2336 3145 ab
2372 3081 2690 3145 oceidente

1621 3180 1765 3263 igne
1791 3179 2170 3242 succendere
2197 3183 2534 3263 coeperunt
2558 3199 2690 3243 om-

1624 3276 1724 3340 nia
1784 3295 1943 3359 quae
2006 3276 2067 3340 in
2120 3276 2380 3340 circuitu
2428 3277 2692 3341 civitatis

1625 3380 1832 3438 erant:
1922 3374 2273 3458 patriarcha
2353 3375 2688 3460 imaginem

1626 3472 1853 3537 Christi
1873 3493 1994 3536 non
2015 3472 2515 3554 manufaetamss),
2539 3473 2688 3536 item

1625 3570 2001 3635 venerabilia
2071 3576 2131 3635 et
2198 3572 2438 3636 vivifica
2500 3571 2690 3656 ligna,

621 3825 663 3893 ¹)
703 3824 756 3878 Is
795 3830 912 3878 erat
949 3821 1161 3890 Sergius
1200 3821 1238 3875 1.
1279 3822 1626 3888 (610--638),
1665 3821 1750 3891 qui
1789 3820 1855 3874 ad
1893 3820 2271 3875 Monotheletas
2308 3821 2542 3874 descivit.

610 3905 659 3974 ²¹)
699 3904 988 3958 Existimat
1025 3905 1343 3957 Gretser.
1382 3903 1493 3957 loco
1532 3920 1563 3956 a
1599 3903 1745 3957 nobis
1784 3902 2021 3968 adducto,
2074 3907 2196 3956 tom.
2243 3905 2288 3970 1,
2329 3919 2377 3971 p.
2416 3904 2549 3966 251,
2589 3918 2689 3955 non

431 3985 590 4042 fuisse
629 3987 770 4041 hanc·
804 3985 1100 4052 imaginem,
1138 4000 1290 4054 quam
1328 3983 1540 4051 Sergius
1577 3981 2036 4052 circumgestaret,
2090 3984 2425 4052 archetypam
2474 3981 2692 4052 (ἐχειρο-

432 4072 681 4133 ποίητον,
738 4065 832 4120 sed
872 4065 1026 4118 aliam
1065 4065 1110 4118 ei
1151 4066 1370 4119 similem
1408 4064 1752 4134 divinitusque
1793 4079 2090 4132 expressam
2130 4080 2193 4116 ex
2231 4062 2319 4116 illa
2358 4062 2450 4116 sub
2488 4061 2693 4116 Tiberio

431 4147 768 4216 imperatore,
809 4145 873 4198 de
911 4161 1014 4214 qua
1051 4144 1329 4198 Menaea
1367 4144 1616 4197 referunt.
1678 4144 1797 4197 Alia
1834 4143 2053 4196 lectione
2092 4158 2193 4195 non
2231 4142 2440 4210 indigna
2478 4132 2693 4194 adnotat

432 4227 809 4293 Querciu3‚
851 4229 891 4278 t.
933 4225 1038 4290 cit„
1077 4241 1126 4294 p.
1169 4226 1322 4279 1357.
2142 4247 2148 4252 ·

614 4308 659 4376 ³)
701 4307 787 4361 Ita
841 4305 1020 4375 graeci
1073 4306 1352 4374 scriptores
1410 4319 1584 4357 omnes
1637 4320 1700 4358 ex
1750 4302 1983 4371 legitima
2039 4302 2257 4356 formula
2312 4300 2689 4354 sanctissimam

432 4391 627 4446 Christi
686 4403 900 4445 crucem
952 4387 1212 4457 appellare
1263 4387 1447 4440 solent.
1537 4385 1669 4439 Hinc
1719 4389 1893 4439 autem
1931 4383 2150 4452 intelligi
2187 4385 2393 4449 oportet
2442 4378 2693 4446 insignem

431 4472 571 4525 illam
609 4489 682 4525 ss,
724 4468 903 4525 crucis
941 4469 1273 4536 particulam,
1325 4483 1476 4537 qnam
1523 4482 1554 4518 a
1605 4483 1646 4519 s.
1687 4466 1885 4519 Helena
1937 4465 1989 4517 in
2026 4463 2201 4517 urbem
2241 4460 2445 4515 CPolim
2494 4459 2693 4512 illatam
