3514 5391
808 530 1056 601 Κυριακή
1097 534 1188 594 τῆς
1224 532 1452 598 τυρινῆς.
1507 529 1779 583 Dominica
1816 526 2302 597 Quinquagesimae.
2616 524 2682 577 61

478 644 1321 651 ———-———————-—-4-
1370 644 1449 649 --—

420 729 622 795 nullus
671 732 989 816 reperitur
1048 730 1128 795 ad
1189 728 1713 814 Quadragesimae
1780 727 2010 791 exitum
2074 725 2206 789 dies
2267 723 2457 802 liber,
2525 723 2688 788 ultra

416 827 985 917 Quadragesimam
1015 833 1229 893 tamen
1258 827 1389 893 sine
1422 816 1674 911 speciali
1702 823 1952 893 Indulto
1981 822 2304 888 transferri
2350 826 2682 907 nequeant,

416 934 603 1011 prout
650 930 985 995 decretum
1035 932 1131 993 est
1178 948 1214 992 a
1259 926 1321 991 S.
1368 924 1442 990 R.
1492 920 1559 990 C.
1606 924 1706 989 die
1759 925 1862 989 11.
1914 922 2081 1006 Sept.
2135 943 2231 988 an.
2275 921 2459 997 1841,
2511 923 2594 985 ad
2619 921 2680 984 4.

416 1024 540 1093 cfr.
594 1027 1119 1104 Gardellini,
1170 1046 1228 1092 n.
1279 1024 1475 1090 5114.
1549 1074 1558 1083 ,

592 1170 700 1234 De
765 1168 1153 1235 stationibus
1223 1167 1411 1233 Urbis
1468 1167 1708 1231 Romae
1773 1168 1844 1230 in
1910 1162 2171 1230 Missali
2230 1166 2517 1229 Romano
2582 1163 2682 1227 dc-

414 1267 712 1353 siqnatis.

602 1392 873 1458 Veteres
918 1390 1187 1457 Romani
1217 1390 1556 1456 Pontifices
1605 1391 1782 1456 statis
1809 1389 2182 1474 quibusdam
2214 1389 2453 1467 diebus
2505 1408 2681 1473 prae-

414 1489 593 1573 cipue
654 1491 729 1555 in
776 1490 1268 1576 Quadragesima
1328 1494 1389 1554 et
1434 1489 1648 1567 festiS,
1717 1490 1793 1553 ad
1856 1488 2132 1552 diversas
2193 1487 2388 1552 Urbis
2448 1486 2681 1552 Romae

414 1587 726 1654 ccclesias
773 1589 1189 1665 accedebant,
1251 1587 1359 1652 ubi
1405 1607 1694 1653 sermone
1759 1586 1858 1653 vel
1905 1586 2200 1652 concione
2258 1588 2333 1651 ad
2383 1585 2677 1670 populum

415 1687 781 1752 adstantem
831 1687 1050 1753 habita
1110 1691 1172 1751 et
1217 1687 1489 1751 oratione
1541 1687 1618 1750 ad
1665 1685 1873 1750 Deum
1937 1684 2077 1750 fusa
2136 1685 2338 1750 divina
2386 1685 2682 1769 mysteria

414 1789 635 1869 postea
690 1805 837 1850 cum
886 1784 1053 1850 clero
1102 1789 1165 1850 et
1193 1785 1420 1869 populo
1452 1785 1733 1849 Romano
1783 1782 2167 1849 celebrantes
2197 1783 2679 1868 participabant;

413 1884 517 1967 qui
566 1888 759 1949 actus
807 1882 997 1949 etiam
1043 1884 1235 1948 statio
1284 1887 1497 1949 vocata
1545 1888 1658 1959 est,
1722 1882 1868 1947 licet
1915 1884 1992 1947 de
2040 1883 2278 1949 ratione
2337 1883 2523 1968 hujus
2572 1904 2680 1968 ap-

412 1982 778 2066 pellationis
826 2003 954 2047 non
1002 1981 1153 2046 satis
1200 1984 1443 2046 constet
1489 1981 1651 2045 inter
1697 1980 1990 2045 eruditos

598 2089 1125 2156 Blanchinus
1192 2090 1250 2154 in
1318 2088 1481 2154 notis
1547 2088 1624 2153 ad
1685 2087 1873 2153 vitam
1943 2111 1991 2153 s.
2054 2087 2281 2153 Hilari
2339 2089 2679 2167 Pontifici&

417 2208 579 2272 quae
632 2189 907 2253 habetur
953 2188 1017 2253 in
1064 2186 1255 2251 Libro
1307 2186 1669 2271 Ponajficali
1697 2186 1763 2272 ι),
1813 2191 1992 2271 putat
2038 2188 2336 2253 vocabulo
2383 2190 2681 2254 stationis

409 2287 538 2369 jam
606 2288 771 2372 apud
818 2286 1136 2359 Romanos
1196 2285 1511 2371 alligatam
1559 2287 1749 2351 fuisse
1810 2286 2014 2351 ideam
2061 2287 2371 2353 indicandi
2421 2310 2672 2352 convcn·

419 2395 552 2449 tum
603 2385 1023 2471 compludum
1070 2384 1158 2448 ad
1204 2407 1391 2448 sacra
1437 2385 1569 2448 ritu
1608 2385 1828 2471 patrio
1862 2385 2212 2449 exercenda
2245 2385 2682 2473 confluentium

419 2484 505 2547 acl
559 2495 797 2547 certum
846 2481 1088 2563 locum‚·
1135 2502 1209 2547 ex
1256 2502 1378 2567 quo
1425 2482 1630 2560 insert,
1679 2483 1830 2548 illud
1862 2484 1938 2548 ab
1970 2483 2220 2550 exordio
2250 2484 2448 2550 ferme
2481 2486 2680 2569 primo

419 2582 805 2648 christianae
852 2581 1172 2647 Ecclesiae
1221 2587 1361 2665 apte
1409 2581 1601 2647 fuisse
1649 2581 2016 2647 translatum
2078 2583 2152 2646 ad
2202 2582 2676 2668 significandum

421 2687 673 2747 coetum
724 2701 977 2747 sacrum
1025 2700 1134 2746 seu
1184 2685 1557 2746 conventum
1606 2680 1905 2747 fidelium.

604 2790 707 2854 Ad
772 2789 1071 2854 stationes
1119 2787 1313 2852 Urbis
1358 2787 1605 2853 Romae·
1660 2788 1884 2855 deinde
1944 2788 2208 2873 gradum
2275 2788 2541 2867 facienS,
2610 2792 2674 2852 in

422 2886 653 2966 titulis,
700 2887 924 2972 inquit,
974 2884 1085 2950 ubi
1131 2886 1321 2949 etiam
1351 2895 1622 2972 tempore
1641 2888 2152 2972 persecutionum
2181 2887 2513 2951 christiani
2540 2910 2678 2952 con-

418 2987 680 3070 9rc9ari
727 2993 1199 3067 consueverant,
1250 2994 1310 3048 et
1353 2983 1463 3048 ubi
1508 3007 1833 3049 sacrorum
1879 2984 2535 3050 administrandorum
2564 2990 2680 3074 jus

422 3081 799 3146 attributum
827 3081 1065 3167 fuerat
1100 3104 1225 3168 per
1271 3081 1556 3147 Summos
1606 3083 1958 3167 Pontifices,
2005 3084 2399 3169 presbyteris
2446 3084 2680 3149 ibidem

422 3181 805 3260 constitutis,
846 3190 999 3267 post
1041 3180 1364 3245 redditam
1414 3180 1733 3245 Ecclesiae
1771 3204 1991 3267 pacem
2040 3184 2341 3246 stationes
2383 3183 2678 3270 publicae

422 3275 928 3358 celebrabantur,
977 3279 1502 3365 quemadmodum
1556 3280 1728 3344 Ordo
1771 3282 2096 3344 Romanus
2144 3281 2449 3362 declarat,
2499 3293 2560 3346 et
2591 3284 2678 3347 ad

422 3398 612 3441 sacra
650 3399 775 3462 per
823 3387 1027 3442 certas
1071 3380 1237 3443 vices
1281 3378 1517 3443 ibidem
1564 3378 1935 3458 eaeerccnda,
1968 3381 2362 3469 jejuniomm
2387 3402 2674 3466 praeser-

427 3474 537 3537 tim
583 3472 956 3540 solemnium
1006 3487 1118 3539 aut
1131 3476 1453 3564 festorum
1482 3476 1700 3542 diebus
1731 3489 1863 3542 tum
1892 3477 2335 3542 ministeriales
2355 3479 2406 3552 2)
2440 3478 2674 3558 clerici,

428 3582 554 3636 tum
599 3571 982 3638 subdiaconi
1026 3577 1401 3640 stationarii
1446 3575 1750 3654 aderant,
1820 3586 1948 3640 tum
1993 3599 2179 3640 sacra
2227 3575 2513 3664 supellex
2558 3581 2674 3642 cir-

428 3669 835 3757 cumferenda
884 3672 975 3736 ad
1018 3695 1198 3738 usum
1225 3675 1547 3759 Pontificis
1592 3675 1844 3739 casdem
1872 3677 2176 3741 stationes
2194 3675 2676 3763 frequentantis

426 3769 965 3855 praeparabatur.

600 3878 729 3942 Alii
774 3898 922 3944 vero
969 3878 1277 3961 ejusmodi
1337 3886 1711 3946 conventum
1761 3882 2055 3945 stationis
2113 3880 2590 3965 appellationem
2640 3900 2674 3944 a

432 3973 887 4058 significatione
920 3979 1204 4044 vocabuli
1235 3981 1494 4045 traxisse
1526 3980 1878 4063 conjiciunt,
1930 4000 2113 4063 quam
2145 3979 2275 4044 cio
2295 3999 2424 4044 ero
2473 3978 2581 4044 lib.
2611 3982 2670 4042 6.

608 4160 646 4222 ¹)
685 4157 883 4227 fflgne,
923 4155 1067 4211 Patr.
1104 4158 1196 4211 lat.
1236 4163 1276 4212 t.
1319 4158 1436 4225 128,
1474 4173 1525 4227 p.
1561 4159 1683 4213 353.

599 4239 642 4306 ²)
681 4239 933 4293 Hilarus
969 4237 1023 4291 in
1073 4239 1216 4293 Urbe
1252 4238 1427 4293 Roma
1465 4238 2227 4309 constitu&min1'ster1‘a(les),
2265 4238 2360 4307 qui
2381 4238 2676 4293 circuirent

424 4321 741 4374 constitutas
791 4318 1075 4390 stationes.
1164 4318 1247 4373 Ita
1297 4319 1508 4374 Liber
1557 4318 2010 4374 Pontificalis
2061 4336 2104 4372 c.
2141 4320 2240 4386 49,
2298 4320 2430 4387 apud
2483 4319 2670 4386 Migne‚

422 4399 515 4455 Le.
552 4417 601 4471 p.
621 4401 749 4467 349,
793 4405 851 4452 et
889 4398 1022 4467 apud
1062 4398 1443 4463 Duchesne,
1486 4399 1605 4452 Lib.
1646 4400 1915 4470 Pontific..
1953 4415 2001 4469 p.
2040 4400 2161 4452 244.
2217 4398 2356 4451 Obiit
2395 4415 2435 4450 s,
2462 4398 2670 4452 Hilarus

419 4497 544 4535 anno
581 4482 706 4536 468.
