3514 5391
1225 553 1300 607 De
1337 554 1446 622 ipsa
1487 553 1909 621 Quadragesima.
2616 558 2687 611 sfi

437 751 884 833 jejunatoribus
934 751 1172 816 scilicet
1219 758 1478 837 utraque
1527 755 1694 818 fama
1740 762 1870 817 tum
1924 754 2084 819 bona
2130 764 2259 819 tum
2318 756 2477 819 mala
2525 756 2685 820 cele-

444 850 720 915 berrimis
750 850 825 935 ¹).

605 951 1016 1044 Μονοφαγία
1075 978 1185 1022 seu
1232 959 1423 1021 unica
1469 960 1529 1023 in
1580 960 1679 1025 die
1726 964 2048 1038 comestio,
2113 981 2270 1044 quae
2332 960 2487 1025 hora
2530 960 2681 1046 legi·
2718 970 2723 975 '

439 1057 578 1121 tima
626 1057 950 1139 capiatur,
1014 1055 1268 1120 alteram
1311 1056 1528 1140 jejunii
1593 1064 1831 1141 partem
1884 1059 2221 1125 constituit.
2316 1059 2494 1123 Hanc
2541 1060 2683 1143 quia

439 1156 651 1221 Graeci
700 1155 928 1220 diebus
975 1154 1301 1219 dominicis
1350 1160 1410 1220 et
1458 1156 1801 1221 sabbatinis
1848 1177 1969 1222 non
2020 1157 2253 1223 habent
2275 1156 2347 1240 2),
2410 1158 2679 1237 Quadra-

437 1254 707 1339 gesimae
753 1259 1040 1337 tempore
1087 1253 1184 1317 bis
1231 1253 1295 1317 in
1328 1252 1721 1319 hebdomade
1752 1257 2075 1343 jejunium
2105 1254 2342 1321 solvere
2371 1257 2677 1331 dicuntur,

439 1353 833 1437 quantumvis
884 1362 946 1417 et
993 1351 1127 1416 istis
1175 1351 1396 1417 diebus
1441 1348 1838 1440 ξηροφαγίαν
1893 1356 2105 1419 stricte
2154 1358 2420 1418 servent.
2515 1347 2679 1417 Reli-

439 1452 570 1534 quis
616 1451 843 1516 diebus
891 1454 1098 1514 autem
1145 1450 1654 1536 ξηροφαγοῦντες
1710 1449 1822 1516 καὶ
1875 1454 2391 1538 μονοφαγοῦντες
2450 1472 2526 1515 ea
2585 1471 2681 1515 ra-

440 1550 596 1615 tione
644 1569 813 1614 nunc
852 1548 1139 1631 jejunare
1187 1548 1406 1626 solent,
1454 1553 1525 1614 ut
1571 1570 1692 1614 non
1743 1550 1945 1616 solum
1994 1572 2029 1614 a
2077 1550 2368 1615 carnibus
2417 1556 2477 1614 et
2506 1549 2679 1613 lacti-

439 1647 607 1713 ciniis
640 1647 996 1713 abstineant
1024 1648 1134 1711 sed
1160 1648 1346 1712 etiam
1377 1668 1414 1713 a
1439 1648 1730 1731 piscibus
1783 1651 1929 1733 quia
1952 1670 2200 1714 carnem
2229 1656 2289 1713 et
2314 1648 2679 1731 sanguinem

440 1746 664 1812 habere
712 1746 1083 1825 creduntur;
1152 1746 1282 1811 ovis
1329 1750 1536 1812 tamen
1571 1748 1869 1831 piscium,
1921 1748 2179 1832 squillis,
2244 1747 2570 1811 limacibus
2619 1753 2677 1810 et

439 1842 673 1910 cancris
719 1849 1077 1921 vescuntur,
1127 1844 1339 1909 vinum
1390 1844 1627 1919 bibunt,
1677 1866 1802 1910 una
1834 1844 2170 1911 refectione
2220 1843 2586 1927 contenti-⁹³).

610 1952 850 2017 Latinis
900 1972 1169 2017 canones
1217 1953 1470 2036 quidem
1518 1954 1966 2037 praescribunt.
2035 1964 2122 2035 ut,
2190 1952 2414 2039 quibua
2461 1951 2684 2016 diebus

435 2075 478 2115 a
519 2075 711 2115 carne
758 2048 1139 2115 animalium
1186 2050 1520 2128 abstinent,
1589 2051 1668 2116 ab
1716 2051 2001 2116 omnibus
2049 2074 2320 2138 quoque,
2387 2075 2547 2137 quae
2594 2073 2678 2115 se·

436 2150 775 2214 mentinam
806 2148 989 2233 (alias
1012 2150 1441 2234 sementivam)
1488 2152 1704 2214 carnis
1728 2151 1985 2214 trahunt
2010 2152 2331 2238 oriyinem,
2365 2154 2678 2240 jejunent,

435 2245 592 2312 lacte
639 2248 956 2325 videlicet,
1004 2269 1184 2312 caseo
1233 2258 1292 2311 et
1336 2251 1489 2328 ouis,
1539 2249 1651 2312 sed
1692 2250 1964 2335 piscium
2010 2271 2151 2314 esus
2194 2251 2291 2313 ita
2336 2249 2678 2312 christiano

427 2344 834 2432 relinquitur,
896 2356 968 2411 ut
1010 2347 1120 2411 hoc
1167 2349 1226 2410 ei
1271 2346 1594 2427 solatium,
1661 2372 1790 2413 non
1852 2348 2147 2413 luxuriae
2197 2349 2431 2436 pariat
2474 2342 2678 2411 incen-

427 2445 642 2511 tivum.
752 2444 982 2508 Vinum
1027 2468 1263 2531 quoque
1325 2447 1418 2509 ita
1466 2445 1672 2510 bibere
1711 2447 2143 2532 permittitur,
2205 2456 2275 2511 ut
2320 2446 2681 2510 ebrietatem

421 2543 683 2608 omnino
713 2542 1052 2629 fuqiamus
1072 2543 1146 2627 4).

607 2650 690 2717 Et
736 2650 897 2717 haec
945 2651 1191 2736 quidem
1259 2672 1332 2716 ex
1380 2651 1539 2734 juris
1587 2653 1935 2717 communis
1998 2653 2398 2737 praescripto,
2495 2652 2675 2717 Nunc

426 2771 574 2817 vero
624 2751 688 2815 in
740 2750 953 2815 multis
997 2749 1152 2814 locis
1200 2769 1566 2815 concessum
1615 2756 1871 2835 propter
1900 2750 2299 2835 fragilitatem
2334 2751 2671 2816 humanam

422 2912 798 2978 nuntiarant;
853 2909 1234 2979 εἷποτάττομιιι
1272 2912 1457 2981 quippe
1496 2912 1869 2980 significatione
1908 2917 2091 2965 neutra
2130 2912 2381 2982 accipitur
2415 2927 2508 2981 pro
2545 2927 2676 2964 nun-

421 2994 558 3048 tiam
598 2992 839 3057 remitto,
877 2992 1062 3045 valere
1083 2991 1274 3060 subeo,
1312 3008 1346 3044 a
1383 3003 1469 3044 me
1505 3006 1823 3045 summoveo·

610 3071 655 3138 ¹)
698 3071 874 3126 Multis
925 3072 1233 3125 testimoniis
1283 3088 1376 3141 per
1425 3073 1567 3125 viros
1618 3072 1797 3125 doctos
1844 3073 2165 3126 coacervatis
2216 3079 2436 3140 constat,
2494 3074 2675 3126 bonam

424 3155 558 3209 illam
605 3154 818 3219 famam,
857 3168 923 3205 ex
959 3153 1268 3206 austeritate
1300 3152 1481 3221 jejunii
1521 3152 1805 3216 collectam,
1845 3152 2093 3220 paulatim
2132 3153 2412 3207 concidisse
2449 3152 2675 3206 tandem-

425 3252 514 3305 que
551 3233 898 3303 Apotactitas
937 3232 1146 3287 infamia
1183 3232 1458 3286 haereseos
1496 3249 1735 3302 aspersos
1775 3232 1909 3285 malo
1948 3248 2150 3287 rumore.
2177 3235 2443 3302 flagrasse.
2499 3232 2575 3286 Ex
2605 3234 2675 3285 in-

427 3316 562 3384 genti
607 3330 781 3368 messe
821 3314 931 3383 ipse
969 3312 1034 3366 D.
1073 3313 1320 3367 Cabrol
1358 3315 1552 3383 spicam
1589 3314 1717 3382 legit
1753 3330 1804 3382 p.
1846 3315 1966 3380 136,
2005 3318 2111 3367 not.
2152 3315 2200 3366 2.

605 3393 656 3454 ἢ
702 3391 784 3446 Οὐ
821 3396 1268 3462 μονοφαγοῠσιι·,
1308 3394 1472 3464 inquit
1507 3393 1639 3447 Leo
1677 3394 1984 3447 Allatius
2024 3394 2056 3447 l.
2097 3410 2139 3447 c.

604 3474 654 3543 ⁸)
695 3475 972 3544 Principia,
1010 3474 1190 3543 quibus
1221 3475 1529 3543 jejuniorum
1553 3474 1821 3543 disciplina
1846 3474 1979 3543 apud
2005 3475 2283 3528 orientales
2310 3475 2523 3542 regitur⁷
2564 3488 2673 3541 per-

430 3558 595 3626 spicue
641 3572 704 3609 ao
742 3554 995 3608 catholice
1034 3555 1242 3623 exponit
1279 3553 1453 3610 Rmus,
1494 3571 1668 3623 eppus.
1709 3554 2289 3623 Magno-Varadinensis
2328 3554 2411 3607 rit.
2450 3569 2529 3622 gr.
2568 3552 2601 3606 J
2612 3569 2674 3605 o-

430 3638 678 3707 sephus
703 3635 841 3704 Pap
858 3634 1224 3705 p-Szilagy
1241 3636 1282 3703 i,
1319 3634 1350 3685 ὁ
1371 3638 1685 3704 μακαρίτης,
1715 3636 1765 3688 ἰιι
1783 3634 2069 3689 Enclu'rid.
2077 3635 2239 3704 juris
2257 3635 2439 3688 eccles.
2462 3634 2675 3698 orient„

431 3721 556 3785 part.
594 3718 650 3785 2,
690 3721 823 3771 sect.
862 3716 914 3782 2,
965 3731 1010 3768 c.
1047 3717 1097 3780 3,
1148 3716 1230 3785 ἓξ.
1269 3715 1581 3782 146-148;
1631 3715 1767 3785 quod
1805 3715 1937 3769 idem
1976 3715 2074 3769 dici
2110 3732 2211 3768 non
2248 3719 2422 3784 potest
2458 3714 2519 3767 de
2559 3713 2673 3768 Sa-

431 3799 638 3852 muele
679 3796 911 3863 Klein,
950 3795 1199 3850 dioecesis
1218 3795 1609 3866 Fogarasiensis
1648 3796 1932 3854 sacerdote,
1973 3798 2117 3866 cujus
2153 3795 2451 3865 opusculum
2496 3794 2563 3847 de
2585 3795 2674 3862 je-

418 3879 598 3946 juniis
634 3878 902 3934 ecclesiae
937 3876 1224 3930 orientalis
1275 3877 1437 3947 (typis
1475 3877 1784 3931 Kurzbeckii
1832 3877 2023 3930 editum
2062 3876 2290 3929 Viennae
2341 3891 2471 3928 anno
2513 3875 2671 3936 1782)

432 3957 708 4013 identidem
745 3959 963 4011 citatum
1001 3957 1244 4026 reperies,
1319 3956 1537 4011 Praeter
1586 3958 1719 4010 enim
1771 3973 1922 4027 quam
1973 3956 2106 4026 quod
2143 3956 2536 4010 commentarius
2575 3955 2672 4007 iste

433 4038 586 4092 multo
625 4038 897 4092 verbosior
933 4052 1083 4107 quam
1123 4036 1371 4091 eruditior
1407 4041 1502 4102 est,
1552 4037 1702 4106 plura
1739 4037 1968 4090 continet
2004 4051 2182 4105 parum
2221 4035 2495 4105 diligenter
2541 4050 2673 4087 eom-

432 4119 602 4186 pilata‘
641 4124 697 4173 et
733 4119 846 4172 sine
885 4117 1159 4172 sufficienti
1210 4117 1306 4171 fide
1348 4119 1580 4187 jactata,
1636 4134 1786 4188 quem
1835 4118 2091 4171 defectum
2141 4118 2297 4171 etiam
2346 4117 2395 4169 in
2447 4114 2673 4183 ejusdem

435 4201 656 4255 auctoris
693 4198 930 4254 historia
970 4197 1331 4253 ecclesiastica
1370 4199 1538 4269 carpit
1562 4199 1887 4253 doctissimus
1914 4197 2213 4266 Cipariu‚
2253 4195 2459 4265 capituli
2487 4197 2672 4246 metro-

435 4280 644 4347 politani
685 4278 1111 4334 Alba-Juliensis
1149 4279 1233 4333 rit.
1272 4296 1352 4351 gr.
1392 4281 1732 4350 praeposituS,
1786 4280 1837 4332 in
1877 4278 2221 4333 Collectaneis
2260 4276 2392 4330 Acte
2427 4278 2483 4328 st
2509 4275 2671 4342 fraq-

435 4362 606 4414 mente
698 4399 713 4414 .
750 4359 873 4414 142.

607 4377 824 4499 ³⁸)me
865 4431 1118 4500 Denique
1153 4431 1465 4486 sacerdotes
1500 4433 1550 4486 6,
1604 4431 1738 4484 Dist.
1778 4432 1812 4482 4
1864 4430 1937 4490 (S.
1978 4428 2261 4496 Gregor.
2302 4425 2367 4477 M.
2408 4423 2559 4492 epist.
2601 4423 2676 4476 ad

442 4513 664 4583 August.
707 4511 1010 4583 Anqlormn
1048 4510 1205 4583 episc.
1223 4527 1247 4578 ,·
1284 4512 1417 4582 apud
1455 4509 1641 4584 Migne‚
1662 4510 1823 4567 Patr.
1864 4512 1952 4566 lat.
1992 4513 2114 4562 tom.
2153 4508 2239 4572 77,
2276 4520 2324 4574 p.
2366 4503 2544 4570 1351).
