3514 5391
727 524 981 593 Κυριακή
1022 529 1110 591 τῆς
1146 525 1488 595 ὀρθοδοξίας.
1554 529 1820 582 Dominica
1860 529 1896 582 1.
1937 529 2390 601 Quadi-agesimac.
2586 535 2687 586 105

606 719 706 778 Ex
744 722 1077 794 synaxario
1127 740 1438 796 perquam·
1457 726 1708 784 verboso
1757 743 1828 784 ac
1868 726 2201 799 miraculis,
2258 740 2411 802 quae
2462 730 2685 788 somnia

437 800 642 858 merito
670 803 1006 874 putaveris,
1034 802 1262 861 referto
1283 804 1344 876 ¹),
1384 822 1514 862 eam
1541 811 1775 878 partem
1796 805 1898 865 hic
1924 807 2153 866 stitisse
2176 809 2496 880 suffecerit,
2537 827 2685 882 quac

440 881 698 953 proxime
742 883 822 940 ad
861 882 1300 943 institutionem
1336 882 1490 943 festi
1519 886 1710 944 nostri
1748 887 2034 960 pertinet.

606 969 952 1046 Theophilo
1004 988 1036 1031 e
1085 972 1240 1032 vivis
1286 975 1547 1047 sublato,
1604 972 1923 1035 Theodora
1962 978 2329 1053 imperatrix,
2386 979 2686 1037 revocatis

437 1050 552 1108 illis
591 1048 887 1133 omnibus,
942 1053 1040 1126 qui
1077 1055 1137 1112 in
1178 1056 1357 1114 exilio
1398 1063 1461 1115 et
1499 1059 1844 1116 carceribus
1884 1059 2337 1129 detinebantur,
2391 1064 2458 1116 ut
2494 1060 2684 1118 libere

436 1138 704 1203 agerent,
743 1128 872 1192 illis
911 1136 1380 1209 praecepit..
1454 1130 1624 1197 Tunc
1650 1138 1984 1213 Methodius
2010 1140 2361 1278 patri-archa
2400 1145 2462 1198 et
2487 1158 2685 1198 omnes

438 1212 613 1270 electi
633 1212 759 1270 Dei
779 1217 1140 1290 congregati
1167 1218 1244 1276 ad
1273 1181 1737 1292 imperatricem
1744 1221 2095 1279 accedunt..
2245 1220 2684 1294 Quamprimum

437 1298 760 1367 propterca
796 1295 1155 1370 imperatrix
1192 1297 1631 1375 Deigenitricis
1678 1302 2026 1374 imaginem,
2079 1264 2253 1375 quam
2292 1318 2324 1360 e
2366 1302 2527 1370 collo
2555 1320 2688 1375 pen·

437 1373 682 1511 gentem
725 1378 1043 1469 gestabat,
1101 1381 1423 1438 extrahens
1474 1398 1673 1440 coram
1725 1383 1994 1441 ominbus
2045 1382 2215 1441 illam
2266 1384 2686 1446 venerabatur.

477 1471 586 1513 aec
624 1457 935 1528 inquiens:

543 1564 620 1614 Er
653 1582 734 1622 τις
771 1564 976 1624 ταύτης
1010 1565 1076 1617 οὐ
1103 1572 1392 1637 apos-aevu?
1422 1571 1508 1619 καὶ
1601 1584 1606 1591 ·
1729 1569 1797 1623 St
1831 1562 2403 1639 qui‘ssmsimaqmes
2452 1587 2555 1625 non
2595 1571 2687 1624 ad-

439 1641 733 1703 ἀσπάζεται
764 1640 1108 1718 ultumis-⁹),
1139 1646 1205 1699 οὐ
1230 1648 1509 1719 λατρευῐι-
1595 1653 1746 1703 'orat
1782 1654 1836 1704 et
1870 1653 2180 1715 veneratur,
2218 1652 2446 1705 relative
2476 1652 2687 1720 quidem

439 1727 551 1789 κῶς,
592 1724 706 1794 οὐχ
743 1724 813 1785 ὥς
839 1724 1025 1787 θεούς,
1062 1726 1177 1778 ἀλλ’
1203 1726 1274 1787 ὠς
1300 1728 1511 1787 εἰκόνας
1620 1733 1674 1784 et
1707 1730 2046 1796 habitudine,
2094 1746 2197 1785 non
2235 1731 2539 1797 latreutice,
2584 1748 2687 1785 non

441 1808 564 1857 τῶν·
555 1780 906 1881 Ἐ’ρχετύτων
932 1806 1024 1859 διά
1051 1808 1150 1861 τὸν
1176 1808 1376 1872 πόθον,
1402 1810 1511 1876 ἤτω
1620 1814 1681 1863 ut
1725 1810 1905 1877 Deo-ff,
1957 1811 2057 1864 sed
2110 1814 2368 1885 tanquam
2426 1812 2703 1882 imagines-¹

441 1884 713 1957 ἅνᾶθευα.
1621 1891 2055 1960 archetyporum,
2078 1895 2311 1961 propter
2324 1892 2687 1946 reverentiam

861 1960 866 1963 ’
1618 1971 1882 2041 ipsorum,
1918 1971 1996 2025 sit
2028 1971 2114 2025 illi
2152 1972 2459 2027 anathema.

567 2070 704 2132 Hi
742 2092 888 2134 vero
930 2093 1141 2149 magno
1193 2077 1410 2149 repleti
1462 2084 1598 2136 sunt
1647 2077 1883 2150 gaudio.
1932 2056 2325 2151 imperatrix
2370 2086 2691 2154 propterea

443 2152 573 2217 illos
612 2156 785 2214 enixe
825 2164 1022 2230 rogat,
1060 2164 1127 2215 ut
1164 2174 1272 2231 pro
1309 2156 1639 2231 Theophilo
1678 2159 1810 2217 viro
1836 2176 1939 2216 suo
1964 2175 2178 2232 preces
2205 2159 2340 2219 Deo
2367 2160 2690 2232 effundant,

444 2234 537 2306 qui
547 2226 898 2310 conspecta
937 2237 1099 2297 illius
1137 2237 1273 2309 fide,
1309 2239 1457 2297 licet
1495 2237 1748 2311 lnvlt1⁸)
1787 2239 2227 2312 persuadentur
2263 2246 2483 2299 tamen.

495 2364 519 2381 .,
603 2317 1006 2392 Quapropter
1043 2337 1089 2381 s.
1107 2316 1463 2379 Methodius
1501 2327 1863 2393 congregato
1889 2320 2170 2379 universo
2197 2322 2427 2394 popu10,
2466 2339 2691 2380 necnon

446 2402 504 2454 et
540 2396 721 2479 clero,
762 2406 826 2457 et
853 2400 1146 2473 episcopis
1174 2401 1482 2459 omnibus
1465 2419 1526 2460 ιιι
1553 2418 1770 2473 magna
1795 2400 1918 2459 Dei
1957 2400 2218 2459 ecclesia
2245 2401 2390 2459 illuc
2417 2401 2533 2460 adv
2537 2402 2690 2460 enit:

447 2466 602 2537 inter
634 2495 778 2550 quos
807 2489 985 2539 erant
1013 2475 1278 2541 illustres
1305 2483 1396 2541 illi
1423 2483 1556 2553 viri,
1594 2484 1690 2555 qui
1720 2500 1793 2540 ex
1821 2481 2074 2555 Olympo
2101 2489 2407 2553 venerant,
2448 2500 2691 2556 magnus

451 2626 478 2633 ἡ
503 2630 512 2634 -

447 2700 732 2772 iiber-'den
760 2716 1128 2774 Gottesdienst
1166 2717 1268 2772 det·
1303 2717 1844 2788 moryenldndischen
1886 2716 2120 2776 Kirche,
2172 2735 2220 2787 p.
2259 2719 2369 2784 61).
2453 2718 2545 2771 Ι)ι·.
2585 2718 2692 2772 Alt

451 2795 648 2848 landem
674 2793 926 2865 'peccavit
965 2797 1015 2851 in
1053 2798 1343 2853 tractanda
1374 2799 1517 2869 festi
1552 2797 1899 2862 institutrice,
1937 2804 2121 2853 sancta
2158 2797 2423 2852 Theodora
2456 2799 2693 2866 Augusta

452 2891 548 2929 cum
588 2874 762 2929 altera
799 2876 1068 2932 Theodora
1094 2878 1459 2944 Alexandrina,
1497 2880 1793 2948 poenitente
1832 2879 2023 2934 saeculi
2050 2879 2231 2950 quinti,
2271 2878 2335 2934 ad
2362 2879 2408 2931 d.
2442 2880 2525 2932 ll.
2549 2877 2690 2947 Sept.

449 2957 570 3010 mire
611 2957 830 3011 confusa
867 2957 1293 3029 (Kirchenjahr,
1331 2976 1378 3028 p.
1421 2960 1563 3025 197).

626 3037 670 3106 ¹)
709 3038 965 3093 Vitiosum
1003 3040 1096 3093 hoc
1123 3039 1398 3110 Nicephori
1435 3055 1561 3108 opus
1588 3040 1819 3094 videmus
1847 3041 2105 3109 integrum
2133 3041 2390 3092 retentum
2416 3038 2468 3091 in
2487 3037 2691 3091 Triodio

443 3116 750 3173 Bononiensi
802 3121 922 3174 anni
961 3121 1124 3175 1724:
1183 3137 1313 3191 quae
1367 3137 1449 3174 res
1499 3137 1622 3174 sane
1676 3137 1737 3174 eo
1777 3122 1942 3191 magis
1993 3125 2201 3191 praeter
2253 3119 2691 3211 exspectationem

445 3198 645 3266 accidit,
682 3199 820 3269 quod
855 3201 909 3253 in
944 3201 1123 3254 eadem
1160 3201 1250 3254 illa
1288 3200 1510 3255 editione
1548 3217 1778 3254 errorem
1815 3201 2044 3254 hodierni
2084 3198 2347 3271 synaxarii
2383 3200 2491 3269 jam
2518 3198 2691 3253 lauda-

445 3277 615 3332 biliter
653 3284 967 3349 expunctum
1005 3281 1547 3336 animadvertissemus
1585 3299 1741 3352 supra
1781 3282 1847 3336 ad
1884 3282 2333 3349 ψυχοσιίββατον,
2374 3296 2422 3349 p-
2461 3280 2546 3333 21·

620 3359 666 3424 ³)
689 3359 880 3415 'Voces
909 3366 1202 3429 ’σχετικῶς,
1259 3362 1636 3432 λατρευηκῶς,
1690 3360 1895 3420 ἁπλῶς,
1947 3364 2167 3416 maxime
2207 3361 2447 3431 propriae
2483 3367 2603 3413 sunt
2640 3361 2691 3413 in

447 3439 537 3493 bac
571 3456 628 3495 re
668 3441 735 3494 ad
773 3441 1128 3510 explicandam
1166 3442 1505 3497 differentiam
1530 3443 1666 3496 inter
1690 3443 2040 3497 adorationem
2068 3449 2363 3496 sanctarum
2393 3441 2690 3511 imaginum,

449 3536 568 3589 quas
604 3521 850 3575 catholici
887 3522 986 3578 rite
1024 3523 1260 3588 colimne,
1315 3528 1368 3576 et
1404 3524 1756 3577 adorationem
1794 3523 2066 3586 idolorum,
2118 3538 2248 3592 quae
2287 3527 2474 3591 gentes
2514 3533 2688 3590 super-

450 3600 644 3654 stitiose
685 3600 954 3669 colebant;
993 3604 1045 3656 in
1081 3602 1230 3657 idolis
1267 3604 1400 3656 enim
1439 3604 1556 3658 illae
1593 3619 1780 3657 numen
1820 3604 1987 3657 inesse
2017 3604 2298 3657 censebant
2323 3602 2551 3672 adeoque
2580 3602 2692 3670 ipsa

451 3695 537 3747 per
572 3695 629 3735 se
667 3686 723 3735 et
760 3681 996 3744 absolute
1034 3680 1241 3753 (ἁπλῶς
1275 3685 1364 3734 καὶ
1402 3684 1781 3754 λιιτρευτικῶς)
1818 3684 2134 3746 adorabant;
2174 3687 2231 3735 at
2267 3698 2393 3736 vera
2430 3681 2615 3748 religio
2641 3682 2693 3734 in

452 3761 754 3830 imaginibus
788 3762 915 3815 nihil
952 3763 1088 3816 aliud
1127 3764 1379 3832 agnoscit,
1419 3765 1516 3818 nisi
1552 3764 1855 3818 relationem
1894 3769 1948 3818 et
1982 3763 2329 3817 habitudinem
2356 3759 2604 3831 (σχέσιν)
2629 3761 2692 3814 ad

451 3847 669 3909 sanctoS,
708 3858 928 3914 quorum
964 3844 1216 3912 imagines
1254 3851 1389 3910 sunt,
1428 3850 1583 3915 atque
1623 3846 1719 3899 hoc
1756 3845 1905 3899 modo
1944 3844 2045 3898 illis
2071 3843 2262 3897 cultum
2289 3842 2484 3898 tribuit.
2549 3842 2693 3906 Quod

451 3923 492 3976 si
525 3923 832 3993 quaudoque
868 3924 1223 3993 λατρευτικῶς
1268 3925 1472 3979 adorari
1510 3926 1749 3979 dicantur
1787 3926 2039 3994 imagines
2076 3924 2269 3979 Christi
2326 3940 2387 3977 ac
2435 3922 2692 3975 vivificum

452 4005 610 4058 crucis
648 4005 865 4074 lignum,
904 4021 1004 4058 non
1042 4010 1125 4059 est
1163 4006 1212 4059 id
1248 4004 1428 4064 ἁπλῶς
1464 4006 1852 4074 intelligendum
1890 4006 1952 4061 de
1989 4022 2115 4059 vera
2152 4003 2468 4068 adoratione,
2507 4018 2597 4055 seu
2631 4002 2692 4054 de

452 4084 745 4139 adoratione
785 4085 1041 4153 absoluta,
1080 4102 1231 4157 quam
1269 4085 1459 4140 Concil.
1502 4086 1710 4140 Nicaen.
1751 4087 1831 4150 IL,
1870 4102 2129 4140 oecumen.
2170 4082 2298 4148 vn.,
2337 4083 2453 4136 Act.
2484 4083 2533 4136 7.
2572 4079 2692 4145 εἱλη-

457 4164 614 4230 θινήν
647 4165 913 4234 λατρείαν
950 4165 1080 4220 dixit
1119 4167 1273 4236 (apud
1293 4166 1570 4221 Hardouin.
1611 4167 1765 4220 Cone.
1786 4172 1910 4220 tom.
1930 4167 1979 4228 4,
2008 4183 2055 4234 p.
2077 4165 2227 4225 456),
2262 4162 2351 4215 sed
2377 4176 2500 4214 vero
2519 4160 2581 4214 de
2607 4162 2694 4215 ad·

454 4243 680 4300 oratione
718 4246 1006 4315 imaginum
1057 4251 1112 4300 et
1149 4247 1315 4301 crucis
1352 4251 1605 4316 quatenus
1642 4247 1771 4300 haec
1808 4246 2011 4316 objecta
2048 4245 2111 4298 ad
2150 4258 2295 4296 suum
2334 4239 2694 4309 npwrdtvnov

455 4327 760 4380 referuntur.

627 4407 672 4472 ³)
715 4409 836 4458 Καί
869 4422 974 4474 περ
1008 4405 1462 4473 (ἔπαναινόμενοι.
1538 4406 1666 4475 Ipsis
1704 4407 1888 4476 quippe
1928 4408 2041 4458 erat
2078 4416 2395 4472 persuasum,
2446 4399 2694 4468 Theophi—

458 4487 568 4553 lum,
607 4486 997 4552 icouoclastam,
1035 4487 1085 4539 in
1120 4487 1321 4540 haeresi
1360 4488 1671 4541 obstinatum
1710 4486 1914 4540 obiisse.
