3514 5391
785 534 856 588 Ἡ
886 533 1020 604 ciria
1054 534 1144 588 καὶ
1178 533 1396 605 μεγάλη
1431 533 1491 589 ε’.
1547 530 1665 591 Fer.
1703 532 1768 591 V.
1806 536 1858 590 in
1895 536 2068 591 Coena
2103 529 2329 591 Domini.
2576 529 2683 590 22?

2027 648 2178 655 —-.-‹—
2215 650 2680 657 ——--——--—-—-

423 733 837 798 immaculatum
863 731 1236 790 consecrarem
1264 738 1320 789 et
1331 735 1581 806 fideliter
1604 733 2073 801 communicarem,
2098 737 2155 789 et
2178 735 2428 802 Graecis,
2460 736 2515 790 si
2525 727 2684 806 sorte

427 815 708 882 adessent,
745 815 824 869 ad
857 816 1348 870 communicandum
1374 815 1723 885 praeberem.
1765 855 1777 869 .
1819 855 1831 869 .
1870 856 1883 870 .
1975 816 2167 870 Verum
2207 816 2459 885 quoniam
2483 817 2686 886 plures

428 899 557 950 sunt
576 896 993 966 pusillanimes,
1029 912 1190 965 quam
1227 895 1282 950 in
1303 896 1420 966 fide
1444 896 1589 952 docti
1609 899 1665 950 et
1687 898 2014 963 constantes,
2052 899 2107 950 et
2128 896 2310 962 turba,
2348 913 2488 966 quae
2511 898 2681 967 leyem

431 977 783 1032 discretionis
816 992 922 1030 non
955 977 1117 1042 novit,
1144 976 1418 1048 facillime
1444 976 1881 1042 scandalizatur,
1916 977 2016 1031 hoc
2039 992 2239 1046 operae
2252 977 2495 1047 pretium
2521 981 2684 1044 esset,

431 1061 491 1112 ut
524 1074 712 1112 omnes
748 1061 861 1111 tam
900 1057 1096 1111 Latini
1146 1073 1307 1126 quam
1357 1058 1561 1112 Graeci
1601 1057 2004 1112 studiosissime
2048 1058 2104 1111 in
2155 1057 2389 1111 Domino
2439 1057 2683 1112 elabor‘a—

432 1141 574 1204 rent,
610 1141 885 1208 quatenus
914 1139 1177 1207 qenerale
1212 1138 1495 1194 concilium
1531 1153 1768 1207 conqruo
1804 1138 1917 1193 loco
1954 1141 2009 1194 et
2030 1141 2269 1207 tempore
2293 1138 2350 1191 in
2375 1154 2540 1192 unum
2565 1154 2683 1193 con·

433 1220 706 1274 venientes
725 1219 1087 1286 celebrarent,
1124 1222 1178 1273 et
1201 1223 1299 1274 aut
1322 1235 1507 1274 omnes
1520 1219 1924 1274 uniuersaliter
1947 1220 2114 1274 ritum
2142 1219 2340 1289 azymi,
2381 1222 2479 1273 aut
2501 1235 2685 1273 omnes

433 1299 826 1353 universaliter
872 1300 1041 1354 ritum
1082 1300 1357 1371 fermenti
1394 1300 1750 1371 uniformiter
1794 1304 2171 1365 assumerent,
2226 1302 2325 1353 aut
2370 1299 2426 1354 si
2458 1300 2556 1354 hoc
2606 1301 2688 1358 vel

435 1379 598 1434 illud.
620 1379 1015 1435 universaliter
1050 1380 1171 1434 sine
1206 1380 1448 1446 minimo,
1484 1384 1583 1434 aut
1616 1381 1737 1434 sine
1774 1380 1940 1435 nimio
1964 1380 2482 1454 scandalopalterius
2494 1381 2686 1449 par-tis

435 1459 517 1514 vel
532 1459 719 1529 gentis
748 1475 855 1513 non
876 1463 1071 1529 posset
1095 1461 1249 1531 fieri,
1285 1462 1479 1515 saltem
1504 1460 1561 1516 in
1599 1461 1697 1515 hoc
1721 1462 2083 1524 convenirent,
2122 1460 2264 1529 quod
2296 1477 2394 1514 nec
2429 1460 2528 1515 isti
2562 1461 2687 1515 illos

424 1544 656 1612 propter
701 1557 954 1611 asymam
1010 1557 1108 1597 nec
1155 1541 1242 1596 illi
1275 1542 1410 1596 istos
1433 1546 1666 1612 propter
1692 1544 2052 1613 fermentum,
2099 1540 2242 1611 quod
2261 1540 2375 1594 isti
2407 1556 2684 1594 consueve-

436 1626 596 1688 runt,
652 1625 861 1677 temere
895 1622 1252 1692 judicarent,
1306 1622 1407 1676 sed
1455 1627 1642 1677 mutua
1682 1639 1827 1693 pac-e
1880 1623 1989 1677 sibi
2044 1623 2264 1676 invicem
2321 1621 2686 1691 indulgerent,

438 1706 491 1757 et
541 1703 646 1758 leac
702 1702 983 1759 occasione
1037 1703 1248 1758 caritas
1301 1706 1493 1758 sancta
1547 1719 1653 1757 non
1709 1703 2109 1758 destrueretur.
2205 1702 2307 1760 Ad
2363 1702 2514 1761 haec
2572 1700 2684 1759 col-

437 1784 693 1857 loquium
749 1783 1009 1842 flniendo
1060 1783 1297 1842 Ansel
1310 1801 1472 1852 mus
1524 1784 1832 1857 respondit
1876 1782 2266 1853 Nechitae¹).
2330 1782 2405 1837 Tu
2456 1782 2551 1851 qui
2594 1798 2685 1851 ye-

436 1865 629 1918 nerale
677 1864 959 1918 concilium
1002 1864 1326 1932 desideras,
1370 1865 1584 1920 videtur
1620 1866 1765 1934 quod
1805 1865 1865 1919 id
1902 1865 2045 1934 quod
2090 1864 2406 1919 catholicum
2455 1867 2556 1929 est,
2606 1863 2686 1916 in-

436 1933 671 2012 tendas,·
724 1944 950 2014 ideoque
988 1948 1043 1999 et
1077 1962 1174 2015 eqo
1219 1945 1499 2000 concilium
1538 1945 1851 2000 unizvrsale
1879 1948 2137 2016 futurum
2185 1947 2408 2014 exopto,
2463 1942 2558 1997 ubi
2591 1946 2685 1996 tua

434 2024 739 2094 sapientia,
789 2028 886 2079 tua
938 2026 1278 2096 eloquentia,
1327 2029 1422 2081 tua
1459 2025 1744 2092 sanctitas,
1795 2030 1890 2081 tua
1925 2027 2242 2092 maturitas,
2278 2029 2372 2079 tua
2410 2024 2687 2090 discretio,

435 2109 529 2159 tua
578 2105 974 2174 mansuetudo,
1022 2110 1116 2161 tua
1166 2107 1466 2172 modestia,
1518 2107 1619 2160 tua
1664 2107 1895 2177 reliqio,
1949 2109 2044 2160 tua
2088 2106 2392 2160 constantia
2439 2145 2453 2158 .
2503 2145 2515 2158 .
2565 2145 2577 2157 .
2629 2104 2684 2157 in

426 2186 582 2262 facie
631 2187 801 2241 totius
854 2187 1113 2242 ecclesiae
1162 2187 1237 2241 ad
1280 2188 1511 2242 salutem
1569 2191 1624 2242 et
1664 2188 1966 2242 doctrinam
2011 2188 2244 2241 omnium
2289 2186 2466 2255 possit
2519 2184 2686 2239 eluce-

434 2283 609 2322 scere.
698 2266 819 2322 Hoc
871 2284 992 2322 mea
1047 2268 1330 2323 humilitas
1380 2309 1394 2323 .
1448 2312 1461 2325 .
1515 2309 1528 2323 .
1591 2285 1744 2323 meus
1800 2270 2060 2339 affectus,
2122 2281 2298 2322 meum
2353 2266 2686 2321 desiderium

434 2363 656 2418 semper
692 2351 885 2417 optare
920 2365 1024 2403 non
1065 2349 1314 2405 cessabit.
1377 2349 1663 2408 Universi
1690 2350 2020 2408 clamantes
2049 2349 2355 2406 dixerunt:
2395 2348 2560 2401 Doxa
2585 2346 2688 2412 soi,

434 2444 465 2480 o
502 2429 680 2494 theos,
720 2428 885 2482 Doxa
922 2430 1026 2496 soi,
1063 2445 1094 2483 o
1130 2430 1303 2497 theos,
1340 2430 1440 2485 Do.
1438 2447 1505 2483 ta
1542 2430 1645 2496 soi,
1682 2446 1713 2484 o
1749 2427 1920 2518 theos.
1983 2430 2159 2484 Kalos
2196 2430 2457 2498 dialoyos.
2521 2426 2684 2480 Holo-

427 2509 1038 2588 qraph1·‚holoqraphi.

618 2587 723 2646 Ita
775 2588 890 2661 ipsi
932 2590 1366 2664 sapientissimi
1418 2589 1769 2649 Orientales
1826 2601 1940 2652 n'on
1979 2592 2168 2648 miuus
2207 2606 2378 2662 quam
2417 2585 2686 2650 Lat1n1²)

432 2686 655 2744 panem
714 2671 841 2729 sive
898 2687 1167 2744 azymum
1234 2672 1360 2731 sive
1418 2669 1846 2731 fermentatum
1900 2671 2267 2743 consecrari,
2333 2687 2460 2728 rem
2509 2668 2687 2742 plane

431 2752 758 2823 ἀδιάφορον
784 2757 962 2825 atque
990 2759 1166 2811 extra
1192 2754 1558 2812 sacramenti
1578 2755 1900 2812 essentiam
1927 2753 2181 2828 positam
2209 2750 2686 2809 considerabant.

618 2833 845 2892 Verum
872 2834 1174 2906 sequiores
1191 2832 1431 2902 Graeci,
1458 2836 1774 2901 κακοζηλίας
1798 2835 2049 2907 aliisque
2077 2830 2346 2890 humanis
2374 2829 2688 2887 affectibus

424 2914 725 2987 judicium
764 2914 1044 2973 aliorsum
1071 2915 1463 2988 rapientibuS,
1500 2932 1574 2973 ne
1600 2916 1699 2973 vel
1724 2915 2029 2972 minimum
2058 2913 2309 2970 cessisse
2341 2911 2690 2969 viderentur

432 2995 714 3064 Latini8‚
767 3002 944 3054 cauto
993 2994 1103 3053 hoc
1140 2996 1436 3069 proboque
1478 2996 1721 3054 consilio
1775 2996 1924 3053 adeo
1963 3012 2075 3051 non
2116 2992 2567 3065 acquieverunt,
2623 2997 2691 3050 ut

434 3092 509 3133 ex
548 3092 624 3134 eo
662 3082 931 3147 tempore
968 3077 1142 3132 immo
1180 3075 1395 3146 maj0ri
1431 3092 1614 3148 usque
1655 3077 1914 3134 acritate
1954 3075 2015 3132 in
2054 3072 2376 3132 catholicos
2403 3071 2590 3128 veluti
2628 3069 2689 3127 in

434 3153 943 3228 flagitiosissimos
995 3153 1224 3219 Christi
1274 3155 1680 3213 institutorum
1738 3155 2261 3229 praevaricatores
2311 3151 2627 3222 (Aeymitas
2643 3149 2690 3219 ⁸)

432 3236 785 3295 haereticos
812 3252 922 3308 per
943 3236 1359 3294 contumeliam
1378 3238 1702 3308 vocabant)
1730 3236 2262 3303 debaccharentur.
2302 3238 2363 3290 et
2381 3231 2690 3289 Michaelis

433 3315 787 3375 Caerularii
837 3332 1100 3374 errorem
1153 3314 1225 3374 de
1275 3317 1398 3374 solo
1437 3333 1590 3390 pane
1635 3315 1998 3375 fermentato
2053 3317 2110 3373 in
2150 3326 2194 3371 S.
2234 3312 2484 3384 liturgia
2525 3311 2690 3368 adhi-

432 3398 652 3468 bendo,
691 3396 955 3472 receptis
993 3412 1143 3468 quae
1182 3397 1422 3455 saeculo
1463 3398 1548 3454 14.
1590 3395 1883 3456 Callistus
1924 3402 2332 3470 composuerat
2350 3395 2396 3465 ⁴)
2437 3410 2689 3466 synaxe-

622 3620 668 3687 ²)
710 3620 825 3674 Lib.
863 3621 950 3675 cit.
990 3636 1035 3674 c.
1073 3621 1140 3675 21
1183 3620 1326 3687 (ibid.
1367 3637 1414 3690 p.
1456 3622 1637 3687 1248).

620 3700 645 3731 ²
648 3715 667 3768 )
710 3700 1013 3756 Latinorum
1033 3705 1341 3759 sententiam
1362 3703 1659 3757 authentice
1679 3702 1982 3772 perscripsit
2002 3718 2043 3755 s,
2067 3701 2112 3755 G
2125 3702 2382 3769 regoriu
2395 3716 2419 3753 s
2441 3700 2539 3753 ΡΡ.
2561 3696 2690 3761 Vll„

434 3780 485 3835 in
527 3781 765 3851 epistola
805 3780 883 3835 ad
916 3798 1158 3851 aeppum.
1186 3782 1559 3853 Synadensem
1597 3783 1643 3836 d.
1672 3783 1719 3837 d.
1747 3784 1799 3837 6.
1826 3782 1964 3836 Junii
1991 3797 2072 3835 an.
2103 3781 2242 3837 1080
2282 3781 2337 3845 (l.
2357 3782 2407 3847 8,
2436 3780 2586 3849 epist.
2609 3782 2689 3841 1)ss

430 3860 533 3917 Illi
569 3862 815 3929 (Graeci)
855 3862 1067 3931 quidem
1104 3878 1263 3916 suam
1289 3864 1630 3933 fermentum
1668 3858 2119 3926 commendantes,
2155 3860 2599 3930 reprehensionis
2635 3859 2690 3910 in

431 3959 533 3997 nos
569 3941 857 3997 levissima
897 3942 1059 3997 verba
1096 3945 1483 3998 contumaciter
1504 3944 1764 4014 jaculari
1797 3959 1902 3997 non
1940 3942 2209 3996 desinunt.
2269 3942 2386 3995 Nos
2412 3955 2538 3994 cero
2563 3954 2690 4008 asy-

431 4034 579 4079 mum
619 4026 876 4077 nostrum
927 4023 1340 4094 inexpugnabili
1384 4024 1675 4079 secundum
1716 4024 2006 4078 Dominum
2055 4022 2273 4076 ratione
2321 4020 2693 4092 defendentes,

430 4106 685 4174 ipsorum
715 4105 1057 4175 fermentum
1093 4121 1191 4159 nec
1220 4105 1589 4175 vituperamus
1624 4123 1720 4160 nec
1745 4106 2104 4175 reprobamus
2143 4102 2297 4172 (apud
2322 4102 2509 4170 Migne,
2551 4101 2691 4153 Patr.

430 4185 467 4240 l.
505 4189 546 4239 t.
590 4186 721 4253 148,
761 4201 813 4254 p.
852 4186 1017 4253 573).—·

620 4264 669 4333 ⁸)
712 4265 884 4318 Erant
914 4271 968 4318 et
994 4282 1057 4319 ex
1085 4266 1260 4320 latinis
1285 4266 1620 4337 scriptoribus
1659 4266 1743 4336 qui
1772 4265 2000 4320 Graecos
2026 4263 2252 4316 vicissim
2268 4264 2694 4332 fermentaceos,

431 4364 527 4401 seu
566 4346 991 4417 fermentarios
1038 4353 1301 4401 vocarent.
1388 4348 1517 4402 Vide
1567 4347 1664 4402 Du
1716 4347 1975 4416 Gange,
2043 4344 2275 4399 Glossar.
2328 4342 2418 4395 lat.
2477 4357 2527 4393 v.
2571 4343 2693 4411 fer-

430 4426 729 4483 mentacei.

617 4506 669 4574 ⁴)
712 4504 1064 4575 Nicephorum
1089 4461 1374 4576 Callistum,
1414 4509 1558 4578 cujus
1596 4509 1875 4579 synnxaria
1913 4505 2118 4561 Triodio
2157 4507 2277 4556 sunt
2302 4503 2516 4565 inserta,
2557 4502 2696 4554 circa

2384 4589 2483 4644 15*
