3514 5391
66 1056 75 1079 ·”
66 938 93 981 μ’,
68 524 93 921 ·,ῐ;·-ἥ;,-’-μ-.-Ηινᾈ
66 612 73 665 “⁴
70 574 71 589 ‘⁴
66 290 89 521 2-21-41-14--2
64 3 85 285 AM
64 88 67 113 ‘'

164 445 185 474 ,ι

865 533 975 591 530
1523 533 1681 592 Festa
1717 533 1925 594 mobilia
1961 542 2081 609 post
2116 533 2473 595 Pentecosten.

2193 651 2426 658 ——--—-—-
2445 652 2514 657 ..-
2527 648 3096 658 -ῥ--ῇ--ι--ιῌ

959 833 1181 892 Festa
1228 831 1539 891 mobilia
1588 833 1974 918 mensibus
2023 833 2432 893 Novembri
2481 838 2560 894 et
2602 833 3017 895 Decembri.

1048 969 1356 1033 Ultimum
1403 968 1525 1033 hoc
1556 969 1854 1034 bimestre
1904 966 2011 1054 (τὸ
2039 968 2408 1034 τελευταῖον
2446 964 2743 1058 δίμηνον)
2793 968 3101 1033 Adventus

870 1066 1134 1131 Domini
1191 1067 1581 1150 potissimum
1647 1068 2003 1154 distinguit,
2066 1070 2231 1152 quod
2280 1088 2316 1132 a
2361 1069 2564 1154 prima
2610 1068 2745 1151 ejus
2792 1067 3102 1132 Dominiea

871 1167 1112 1231 initium
1163 1167 1306 1231 anni
1355 1165 1760 1231 ecelesiastici
1808 1167 2038 1231 ducant
2063 1166 2286 1232 Latini.
2355 1166 2568 1232 Unum
2600 1171 2920 1251 praeterea
2949 1166 3102 1230 diem

873 1265 1251 1330 dominicum
1318 1264 1751 1347 conceptivum
1799 1263 2052 1343 habent,
2121 1264 2372 1330 tertium
2421 1263 2658 1329 scilieet
2704 1264 2937 1329 mensis
2979 1262 3102 1361 Nq-

873 1363 1164 1441 vembriS,
1214 1361 1582 1426 Patrocinio
1612 1361 1688 1427 B.
1724 1363 1823 1427 M.
1871 1361 1942 1427 V.
1993 1362 2362 1428 celebrando
2411 1362 2749 1429 addictum.
2777 1401 2863 1410 —
2898 1360 3104 1426 Mense

874 1462 1230 1540 Decembri,
1283 1459 1527 1526 duobus
1574 1460 1695 1525 illis
1743 1460 2069 1526 dominicis
2117 1462 2356 1538 diebuS,
2408 1464 2514 1545 qui
2559 1460 2851 1527 Natalem
2887 1458 3104 1525 Christi

873 1560 1272 1644 praecedunt,
1342 1559 1564 1625 Graeci
1608 1557 1794 1644 festa
1857 1559 2172 1625 celebrant
2233 1560 2686 1645 Prophetarum
2750 1564 2813 1624 et
2859 1580 2938 1623 ss.
2990 1557 3102 1621 Pa-

875 1668 1040 1722 trum
1081 1657 1149 1725 V.
1207 1656 1303 1735 T„
1352 1658 1577 1740 quibus
1627 1658 1814 1722 etiam
1860 1657 1952 1722 uti
2000 1659 2401 1742 conceptivus
2450 1658 2689 1722 accedit
2737 1658 2871 1722 dies
2916 1656 3103 1721 domi-

874 1756 1051 1821 nicus
1098 1759 1239 1840 post
1285 1754 1595 1831 Natalem,
1660 1755 1997 1820 memoriae
2045 1775 2097 1820 s.
2134 1754 2409 1839 'Josephi
2471 1760 2533 1819 et
2581 1755 2843 1821 aliorum
2905 1774 2977 1819 ex
3021 1752 3104 1816 sa·

876 1853 1047 1919 milia
1093 1851 1326 1919 Christi
1372 1853 1633 1917 dicatus
1726 1854 1813 1918 At
1875 1854 2269 1937 quaestiones
2329 1854 2407 1918 de
2467 1853 2566 1918 his
2624 1852 3105 1918 solemnitatibus

878 1973 995 2017 non
1047 1952 1133 2016 ita
1179 1950 1428 2033 multae,
1479 1954 1547 2014 ut
1593 1971 1705 2016 nos
1752 1950 2066 2036 longiores
2114 1970 2251 2015 esse
2300 1955 2545 2035 cogant.

884 2135 1230 2224 Κυριακὴ
1291 2135 1440 2223 πρὸ
1495 2141 1623 2224 τῆς
1668 2136 1749 2217 ς’.
1811 2142 1946 2201 τοῦ
2055 2139 2488 2204 Dominica.
2551 2148 2728 2203 ante
2791 2137 2995 2201 diem
3049 2136 3104 2200 6.

880 2230 1325 2321 Νοεμβρίου
1369 2234 1617 2322 μηνός·
1665 2232 1747 2298 Ἡ
1777 2233 1947 2300 ἀνά-
2047 2235 2897 2302 'mensisNovembv-is:
2934 2231 3106 2299 Com·

879 2355 1157 2424 μνησις
1229 2336 1359 2420 τῆς
1423 2331 1808 2422 πεσούσης
1872 2331 1949 2415 ἐξ
2056 2334 2939 2422 memoratiopnlveris
2969 2332 3107 2396 sive

881 2432 1209 2518 οὐρανοῦ
1253 2430 1557 2513 κόνεως,
1616 2430 1783 2520 ’ήτοι
1831 2429 1946 2496 τέ·
2059 2435 2378 2500 cineris
2447 2443 2587 2498 aut
2653 2442 2958 2498 stactes
3026 2429 3107 2492 ds

881 2555 1077 2620 φρας
1138 2528 1178 2619 ἢ
1239 2534 1567 2714 σέακῇῖῧς
1629 2530 1944 2607 (Menol.
2298 2530 2521 2598 coelo
2570 2530 2883 2618 lapsae.

1341 2651 1453 2695 asl
1493 2681 1557 2697 ..

947 2853 951 2858 ι
1062 2773 1598 2841 Marcellinus
1648 2773 1925 2840 Comes
1975 2795 2104 2839 rem
2157 2766 2369 2858 paucis
2418 2773 2777 2859 complexus
2822 2773 2886 2838 in
2939 2767 3105 2836 Chro-

886 2875 1005 2939 nic.
1055 2874 1133 2937 ad
1182 2893 1276 2938 an.
1318 2872 1482 2936 472:
1547 2871 1866 2953 Vesuvius,
1913 2873 2133 2957 inquit,
2180 2895 2358 2938 mons
2397 2869 2790 2959 Campaniae
2820 2868 3104 2944 tow-idus,

883 2971 1203 3036 intestinis
1248 2970 1499 3055 iynibus
1546 2980 1863 3052 aestuans,
1914 2982 2137 3036 exusta
2170 2970 2437 3036 evomuit
2467 2972 2730 3050 viscera,
2777 2967 3104 3035 nocturnis·

884 3092 998 3156 que
1056 3072 1127 3133 in
1188 3068 1291 3132 die
1356 3068 1624 3132 tenebris
1683 3068 2198 3154 incumbentibus,
2266 3090 2505 3133 omnem
2549 3069 2851 3156 Europae
2879 3065 3108 3155 facicm

884 3170 1122 3233 minuto
1171 3167 1450 3231 conteccit
1484 3165 1768 3253 pulvere.
1864 3168 2078 3258 Hujus
2125 3167 2441 3232 metuendi
2485 3167 2850 3231 memoriam
2895 3159 3108 3228 cineris

886 3267 1185 3354 Byzantii
1230 3288 1438 3329 annue
1486 3263 1807 3330 celebrant
1864 3265 2035 3331 VIII.
2089 3266 2243 3330 Idus
2291 3265 2671 3330 Novembris
2691 3264 2774 3348 ¹);
2838 3261 2914 3328 ab
2961 3276 3107 3326 anno

888 3364 1123 3430 scilicet
1150 3366 1233 3429 47
1242 3365 1302 3430 2.
1336 3402 1421 3411 —-
1452 3363 1570 3428 Sed
1609 3364 1957 3430 accuratius
1988 3365 2222 3430 factum
2253 3363 2549 3431 describit
2580 3362 2701 3427 Me
2719 3382 2756 3426 n
2774 3359 3104 3446 elogium

890 3462 1396 3527 Basilianum
1448 3464 1525 3527 ad
1573 3463 1632 3542 d.
1686 3463 1745 3528 6.
1793 3463 2168 3529 Novembris
2194 3462 2278 3548 ²):

996 3584 1151 3651 Ἐπὶ
1197 3586 1497 3663 Λέοντος
1540 3590 1656 3649 τοῦ
1681 3585 1959 3670 μεγάλου

889 3683 1240 3768 βασιλέως,
1321 3689 1436 3749 τοῦ
1501 3682 1957 3768 ἐπιλεγομένου

894 3782 1145 3848 Βέσσου
1163 3835 1177 3862 ,
1255 3782 1405 3869 περὶ
1474 3781 1555 3848 τὰ
1622 3782 1959 3849 τελευταῖα

891 3887 1002 3969 τῆς
1035 3878 1231 3946 αὐτοῦ
1253 3876 1611 3962 βασιλείας,
1651 3878 1788 3968 ὥρᾳ
1812 3878 1960 3970 ἕκτῃ

891 3985 1002 4068 τῆς
1064 3978 1316 4066 ἡμέρας,
1382 3979 1595 4063 γέγονε
1650 3979 1962 4068 συννεφὴς

894 4078 929 4143 ὁ
990 4077 1289 4165 οὐρανὸς,
1361 4078 1466 4143 καὶ
1533 4077 1647 4166 τὴν
1713 4077 1962 4166 συνήθη

894 4183 1019 4243 τῶν
1079 4176 1506 4264 ὀμβροφόρων
1580 4181 1787 4265 νεφῶν
1852 4200 1960 4260 με·

2174 3586 2486 3653 Extremis
2518 3584 2745 3652 Leonis
2779 3581 2984 3669 magni
3008 3581 3103 3645 im·

2067 3686 2401 3770 peratoris,
2466 3687 2881 3771 cognomento
2929 3676 3108 3757 Bessi,

2067 3784 2488 3868 temporibuS,
2554 3781 2712 3847 hora
2756 3780 2879 3847 diei
2933 3781 3108 3850 sexta,

2068 3883 2406 3948 obductum
2455 3881 2605 3946 atris
2662 3878 2932 3945 nubibus
2985 3893 3110 3940 coe·

2067 3981 2215 4058 lum,
2252 3979 2432 4064 quale
2458 3978 2617 4044 solet
2640 3998 2779 4044 esse
2802 3976 3111 4043 imminen-

2068 4080 2235 4143 tibus
2253 4078 2539 4143 maximis
2559 4076 2886 4153 imbribus,
2912 4074 3110 4140 arden·

2071 4181 2198 4241 tem
2288 4195 2533 4260 quaque
2615 4195 2834 4240 versus
2910 4171 3110 4237 faciem

1080 4413 1120 4481 ¹)
1159 4411 1306 4480 Apud
1344 4411 1536 4480 Migne,
1574 4409 1719 4464 Patr.
1759 4410 1793 4463 l.
1832 4415 1872 4463 t.
1911 4410 1997 4475 51,
2037 4424 2085 4478 p.
2124 4411 2245 4463 931.

1074 4491 1119 4558 ²)
1159 4491 1308 4561 Apud
1344 4491 1534 4561 Migne,
1572 4489 1717 4544 Patr.
1757 4506 1838 4558 gr.
1877 4493 1915 4543 t.
1957 4491 2076 4556 117,
2115 4506 2199 4558 pp.
2241 4488 2540 4544 147-148.
