3514 5391
1223 511 1300 565 De
1341 511 1448 629 ipsa
1489 510 1913 581 Quadragesima.
2616 519 2685 571 s'c·

443 702 771 788 jejuniique
803 710 1368 790 exercitationibus,
1418 734 1573 797 quas
1603 715 1813 779 statim
1848 714 1924 778 ab
1957 714 2131 778 initio
2161 714 2684 800 Quadragesimae

446 802 644 885 majori
693 806 949 872 fervore
997 810 1358 894 suscipiunt.

597 911 720 977 Est
771 934 928 1000 ergo
973 918 1084 1003 τῆς
1128 920 1425 1004 καθαρᾶς
1470 940 1699 985 nomen
1747 920 1895 984 huic
1934 919 2307 985 hebdomadi
2355 921 2678 997 adscitum,

434 1030 564 1093 quia
609 1011 774 1095 ipsis
827 1013 1001 1080 hisce
1047 1016 1266 1082 diebus
1313 1020 1594 1084 custodia
1652 1018 1940 1103 puritatis
2000 1017 2250 1103 legaliS,
2318 1019 2379 1083 in
2437 1018 2679 1085 delectu

431 1109 706 1175 ciborum
761 1113 942 1189 sitae,
1001 1115 1083 1179 ita
1131 1116 1193 1179 in
1242 1116 1356 1182 Dei
1407 1117 1863 1201 Omnipotentis
1911 1117 2164 1182 tutelam
2214 1117 2345 1182 visa
2392 1117 2508 1182 fuit
2555 1118 2679 1183 col-

426 1207 559 1286 lata,
609 1217 682 1275 ut
734 1232 880 1277 earn
928 1212 1071 1296 Ipse
1117 1214 1378 1300 insignis
1427 1216 1709 1281 miraculi
1757 1215 2077 1281 sanctione
2125 1214 2482 1280 solemniter
2530 1237 2677 1280 con-

423 1308 709 1375 firmasse
783 1311 1006 1376 merito
1073 1320 1462 1393 censeretur,
1530 1315 2056 1399 quemadmodum
2125 1313 2262 1379 fuse
2328 1314 2680 1379 narrabitur

421 1405 681 1473 sabbato
733 1410 1023 1493 proxime
1070 1414 1371 1495 sequenti.

592 1515 960 1595 Caeterum,
1010 1521 1271 1585 eandem
1318 1520 1486 1586 illam
1521 1522 1839 1607 pavitantis
1887 1540 1995 1585 seu
2026 1521 2434 1583 castimoniae
2466 1521 2674 1604 appel-

417 1610 716 1679 lationem
770 1617 960 1681 etiam
1009 1638 1046 1681 a
1083 1618 1437 1684 nationibus
1470 1617 1825 1684 christianis
1871 1619 2026 1682 ritus
2060 1618 2229 1683 latini
2261 1617 2405 1682 huic
2438 1617 2673 1684 hebdo-

415 1712 579 1776 madi
631 1714 902 1798 ejusque
950 1715 1171 1780 diebus
1217 1715 1410 1782 fuisse
1459 1718 1772 1794 tributam,
1843 1717 2051 1781 statim
2100 1717 2380 1781 dicemus
2428 1718 2501 1781 ad
2552 1717 2672 1781 Fc-

413 1812 566 1875 riam
616 1813 735 1879 IV.
790 1813 1084 1879 Cinctum
1109 1816 1176 1898 ¹).

597 1996 703 2080 Τῇ
744 1990 835 2073 β’.
881 1997 994 2080 τῆς
1039 1990 1121 2056 α’.
1173 1988 1534 2075 ἑβδομάδος
1577 1997 1707 2058 τῶν
1754 1996 2078 2080 νηστειῶν·
2120 1991 2427 2077 ’Ἀρχεται
2459 1992 2496 2082 ἡ
2526 1989 2674 2077 ἁγία

413 2088 516 2153 καὶ
562 2089 816 2177 μεγάλη
862 2089 1360 2179 τεσσαρακοστή.

588 2219 803 2284 Hodie
873 2219 1064 2303 igitur
1129 2240 1425 2304 magnum
1500 2224 1941 2304 austerumque
1999 2218 2303 2303 jejunium
2369 2221 2671 2303 incipiunt

415 2315 643 2382 Graeci
671 2318 743 2399 ²),
814 2317 984 2401 quod
1045 2318 1178 2381 dies
1238 2318 1324 2383 36
1374 2318 1674 2396 continet,
1744 2318 2266 2402 quemadmodum
2331 2319 2669 2401 antiquitus

414 2415 600 2480 etiam
655 2417 821 2500 apud
872 2416 1127 2481 Latinos
1191 2417 1592 2482 observatum
1650 2417 1843 2481 fuisse
1905 2417 2192 2483 diximus,
2288 2416 2550 2500 Utrique
2607 2419 2666 2482 in

413 2532 677 2579 numero
719 2514 966 2579 dierum
992 2510 1325 2579 ἀποσίτων
1356 2516 1823 2591 conveniebant,
1874 2515 2017 2580 licet
2049 2516 2109 2579 in
2139 2535 2397 2580 numero
2429 2515 2665 2581 hebdo-

417 2614 669 2677 madum
720 2610 1078 2679 differrent:
1144 2616 1421 2692 GraeciS,
1482 2615 1567 2678 uti
1607 2615 2116 2687 animadversum
2158 2613 2287 2697 jam
2339 2620 2451 2691 est,
2518 2616 2665 2679 sub-

412 2712 808 2778 trahentibus
856 2733 894 2776 a
930 2713 1167 2796 jejunio
1214 2735 1340 2779 non
1388 2718 1628 2778 tantum
1677 2715 1811 2778 dies
1858 2714 2233 2790 dominicoS,
2308 2715 2416 2778 sed
2479 2715 2663 2779 etiam

417 2810 795 2884 sabbatinoS,
847 2830 971 2874 uno
1016 2817 1224 2876 tamen
1273 2817 1531 2896 excepto
1580 2813 1840 2877 sabbato
1888 2817 2132 2889 sancto,
2195 2812 2375 2892 juxta
2420 2833 2658 2877 cano·
2716 2848 2720 2851 ·

419 2928 578 2974 nem
631 2907 739 2974 66.
791 2910 1394 2993 Apostolorum:

513 3010 607 3079 Εἴ
646 3038 751 3092 τις
794 3014 1091 3102 κληρικὸς
1119 3014 1354 3105 εὑρεθῇ
1374 3016 1487 3102 τὴν
1706 3017 1780 3082 Si
1823 3020 1963 3102 quis
2009 3017 2267 3081 clericus
2330 3018 2661 3104 deprehen·

417 3113 715 3201 κυριακὴν
779 3111 1018 3201 ἡμέραν
1077 3114 1392 3202 νηστεύων
1449 3112 1487 3201 i}
1596 3116 1790 3179 datur
1852 3116 1954 3180 die
2013 3115 2323 3180 dominico
2355 3120 2665 3204 jejunans

411 3210 484 3273 τὸ
521 3211 906 3295 σάββατον,
974 3211 1141 3300 πλὴν
1184 3217 1301 3277 τοῦ
1347 3210 1487 3291 ἑνὸς
1596 3225 1708 3278 aut
1734 3214 2020 3294 sabbam,
2054 3225 2316 3301 praeter
2343 3238 2533 3279 unum
2567 3238 2659 3280 so-

589 3427 633 3494 ¹)
673 3427 915 3482 Conferri
954 3443 1066 3481 cum
1103 3428 1183 3481 his
1221 3435 1435 3498 possunt
1477 3445 1606 3497 quae
1646 3429 1707 3482 de
1747 3428 2030 3483 rationibus
2068 3430 2427 3498 appellationis
2463 3446 2660 3484 coenae

411 3523 584 3575 purae
622 3497 760 3577 apud
798 3506 1024 3562 Judacos
1061 3507 1218 3562 habet
1255 3507 1613 3574 Batonius,
1652 3510 1727 3563 ad
1763 3524 1963 3562 annum
1989 3508 2087 3575 34,
2123 3524 2173 3562 n.
2200 3509 2329 3563 156:
2368 3508 2656 3564 Parasceve

421 3586 658 3652 Paschae,
698 3587 883 3658 inquit,
922 3603 1084 3641 coena
1110 3604 1261 3657 pura
1299 3589 1562 3643 nominata
1600 3595 1698 3656 est,
1736 3590 1869 3660 quod
1909 3605 1968 3642 eo
2008 3589 2088 3643 die
2123 3589 2305 3643 Judaei
2332 3605 2480 3658 puro
2526 3607 2656 3660 pane

419 3667 462 3721 h.
498 3684 559 3735 e.,
597 3668 799 3738 azymis
837 3667 933 3736 ipsi
962 3668 1103 3736 puri
1135 3669 1274 3723 vesci
1313 3675 1488 3723 essent
1524 3669 1681 3724 soliti.

587 3746 632 3814 ²)
674 3747 886 3802 Falsum
926 3754 1007 3801 est
1044 3753 1237 3816 totum,
1290 3749 1423 3818 quod
1462 3765 1554 3819 per
1591 3751 1910 3804 occasionem
1967 3751 2187 3805 ineuntis
2221 3751 2402 3820 jejunii
2440 3752 2654 3820 quadra-

415 3829 672 3896 gesimalis
699 3828 1073 3883 adhuncdicm
1099 3829 1360 3884 scribitH.
1381 3830 1524 3896 Alt,
1565 3829 2348 3898 DoctorBerolinensiS,
2388 3830 2654 3885 Kzrchen-

402 3909 560 3977 J‘altr,
596 3926 645 3979 p.
686 3909 822 3964 211:
863 3908 1022 3963 Nach
1060 3908 1162 3962 den
1191 3908 1508 3979 frohlichen
1551 3910 1726 3979 Tuaen
1767 3911 1870 3964 der
1906 3910 2287 3964 Buttencoche
2325 3913 2497 3981 (quam
2537 3912 2654 3965 heb-

413 3989 670 4044 domadem
722 3990 836 4058 ipsa
884 3990 981 4043 hac
1017 3989 1206 4058 pagina
1242 3990 1678 4059 mjasopustnaja
1717 3993 1891 4058 vocat)
1935 3991 2084 4060 folqt
2131 3991 2233 4045 der
2271 3991 2514 4060 Soantaq
2552 3991 2653 4045 det·

412 4069 768 4136 Kasewoche,
822 4086 887 4125 so
929 4074 1202 4138 qenannt,
1255 4070 1377 4126 weil
1423 4085 1520 4124 von
1569 4086 1678 4125 nun
1735 4087 1807 4125 cm
1857 4071 2006 4125 nicht
2052 4071 2210 4125 mehr
2246 4072 2449 4125 Buttet·
2464 4111 2480 4136 ,
2531 4086 2650 4125 son-

410 4151 539 4206 dern
575 4167 689 4206 mv·
727 4150 883 4206 dee
923 4155 1184 4221 yestattet
1227 4153 1339 4220 ist,·
1384 4167 1546 4222 neque
1585 4153 1748 4216 enim,
1802 4157 1858 4206 ut
1895 4152 1998 4206 alia
2035 4153 2323 4216 mittamuS,
2376 4150 2651 4205 hebdomas

411 4235 494 4296 τῆς
533 4235 757 4301 τυρινῆς
797 4230 1230 4302 (Baitera’oche)
1281 4236 1496 4286 vocatur
1533 4233 1990 4301 mjdsopustnaja,
2044 4249 2207 4303 neque
2246 4230 2512 4284 Dominica
2562 4235 2652 4295 τῆς

409 4317 620 4384 τυρινιῖς
671 4330 704 4368 a
755 4312 1105 4382 permittendo
1162 4313 1226 4366 ab
1283 4329 1346 4367 ea
1397 4328 1547 4367 caseo
1612 4329 1797 4367 nomen
1860 4312 2051 4378 traxit,
2122 4327 2284 4381 neque
2342 4307 2547 4363 tandem
2599 4311 2649 4364 in

403 4410 591 4463 graeco
621 4393 893 4464 jejunandi
931 4393 1035 4446 ritu
1084 4408 1300 4464 unquam
1340 4393 1649 4448 abstinentia
1688 4411 1719 4447 a
1757 4409 1908 4449 caseo
1946 4408 2066 4462 pars
2099 4391 2277 4462 jeJunii
2317 4389 2648 4459 quadragesi-

403 4475 548 4530 malis
585 4491 688 4530 non
716 4474 831 4530 fuit.
