3514 5391
897 526 1004 582 436
1542 526 1701 582 Festa
1738 527 1945 582 mobilia
1988 533 2107 598 post
2144 528 2503 583 Pentecosten.

2436 644 2543 649 -——-
2584 643 2709 649 ----
2738 641 2829 648 Μ.-

1075 730 1320 797 Diebus·
1362 730 1692 796 dominicis
1740 734 2013 816 aguntur
2052 729 2231 808 festa,
2284 749 2442 814 quae
2475 730 2765 796 omnibus
2795 729 3125 795 communia

898 836 1068 906 sunt,
1133 830 1424 895 nimirum
1493 829 2110 892 commemorationes
2172 828 2553 916 synodorum
2615 829 3126 891 oecumenicarum

897 929 1218 993 mensibus
1265 927 1433 992 Julio
1481 931 1542 991 et
1589 925 1878 1000 Octobri;
1929 927 2545 991 commemorationes
2589 936 2718 990 ttzm
2742 925 3124 1012 patriai-clm·

897 1049 1036 1089 rum
1085 1037 1212 1089 tum
1248 1035 1514 1112 patrum
1560 1028 1787 1090 veteris
1818 1024 2115 1111 foederis
2163 1045 2379 1091 mense
2427 1025 2783 1092 Decembri.
2880 1024 2967 1089 Ut
3008 1024 3125 1087 dies

900 1124 1241 1208 eonceptivi
1308 1125 1459 1189 item
1521 1123 1913 1190 celebrantur
1974 1144 2190 1190 mense
2252 1123 2605 1208 Septembri
2663 1123 2799 1187 dies
2848 1121 3129 1186 dominici

901 1233 1047 1287 ante
1094 1234 1153 1287 et
1193 1233 1342 1309 post
1394 1222 1612 1288 Crucis
1657 1223 1987 1302 solemnia,
2049 1243 2122 1288 ac
2169 1242 2385 1288 rursus
2432 1224 2566 1288 dies
2613 1222 2977 1298 dominicus,
3035 1218 3125 1302 qui

901 1342 1085 1405 saepe
1133 1323 1192 1386 in
1244 1322 1707 1387 Dodecaiimero
1756 1322 2044 1388 occurrit.
2132 1322 2206 1387 In
2253 1321 2354 1386 his
2403 1321 2782 1406 exponendis
2828 1320 3126 1386 declaran-

899 1421 1120 1504 disque
1168 1421 1272 1500 diu
1320 1442 1442 1485 non
1491 1421 1992 1498 immorabimur,
2061 1441 2251 1506 quum
2318 1421 2503 1505 plana
2563 1420 2694 1485 fere
2757 1420 2962 1485 omnia
3020 1418 3128 1482 sint

902 1539 1015 1584 nec
1064 1518 1310 1604 longam
1362 1521 1948 1585 commentationem
2002 1519 2340 1604 requirant.

1079 1699 1327 1765 Vetus
1389 1697 1969 1763 Kalendarium
2036 1698 2577 1765 GPolitanum
2638 1699 2762 1764 duo
2810 1698 2969 1764 festa
3008 1714 3128 1760 mo·

901 1798 1050 1863 bilia
1095 1799 1267 1863 urbis
1298 1798 1506 1882 regiae
1540 1798 1791 1881 propria
1818 1796 2102 1864 exhibet:
2153 1797 2420 1861 alterum
2444 1819 2664 1861 sacrae
2695 1796 2941 1884 synodi,
2987 1811 3128 1878 quae

902 1895 1087 1961 GPoli
1137 1896 1248 1961 sub
1300 1896 1497 1960 Mena
1529 1896 1915 1981 patriarcha
1980 1896 2278 1961 adversus
2327 1894 2626 1962 Severum
2688 1895 2996 1961 celebrata
3047 1895 3131 1956 est

902 2015 1062 2058 anno
1109 1994 1260 2070 536,
1310 1995 1497 2078 idque
1547 1996 1861 2079 agendum
1907 1994 2008 2059 die
2056 1995 2384 2070 dominico,
2435 1996 2540 2079 qui
2587 1995 2828 2079 primus
2870 1998 2963 2059 est
3005 1995 3131 2076 post

902 2094 1068 2157 diem
1122 2092 1221 2157 16.
1271 2093 1504 2157 mensis
1552 2092 1737 2168 Julii;
1789 2091 2051 2157 alterum
2098 2091 2399 2156 miraculi
2440 2097 2553 2180 τῆς
2598 2091 2834 2168 κόνεως
2879 2112 2983 2157 seu
2997 2085 3128 2177 pul

900 2195 1065 2257 veris
1123 2192 1485 2269 Vesuviani,
1536 2191 1641 2275 qui
1693 2211 1919 2276 magno
1968 2191 2325 2256 mortalium
2373 2196 2608 2258 terrore
2649 2191 2902 2258 cpolim
2948 2205 3128 2271 usque

903 2291 1275 2374 improvisus
1323 2290 1604 2374 pervenit
1662 2290 1763 2354 die
1812 2290 1870 2354 6.
1921 2289 2231 2355 Novemb.
2281 2310 2463 2368 anne,
2530 2295 2600 2355 ut
2646 2291 2917 2365 videtur,
2978 2284 3128 2350 472:

904 2393 965 2453 et
1011 2388 1132 2452 hoe
1180 2389 1532 2473 assignatur
1579 2388 1664 2454 illi
1715 2389 1836 2454 diei
1887 2389 2220 2467 dominice,
2284 2391 2388 2474 qui
2437 2390 2823 2475 praedictum
2874 2389 2933 2453 6.
2980 2386 3129 2450 diem

903 2487 1209 2553 Novemb.
1262 2489 1598 2572 praecedit.
1695 2487 2039 2572 Utriusque
2086 2489 2230 2553 festi
2278 2490 2552 2554 rationes
2612 2489 2689 2554 ab
2737 2487 2959 2573 insigni
3016 2484 3130 2548 viro

907 2584 1289 2652 Morcelli
1336 2585 1667 2672 diligenter
1715 2587 2028 2671 expositas
2075 2587 2284 2672 legito.

1082 2767 1424 2851 Propria
1489 2768 1798 2833 Graeco
1830 2803 1855 2813 -
1886 2766 2503 2844 Melchitarum‚
2595 2766 2808 2832 Ruth
2829 2782 3127 2831 enorum

906 2866 1426 2932 Galicianoru
1449 2885 1510 2928 m
1558 2871 1619 2929 et
1667 2866 2041 2948 Syrorum
2092 2870 2222 2930 tum
2277 2886 2690 2950 purorum,
2740 2870 2871 2929 tum
2919 2859 3131 2929 Chal-

903 2966 940 3028 d
960 2984 1195 3028 aeoru
1216 2984 1277 3026 m
1327 2967 1388 3026 et
1418 2963 1633 3028 Maro
1654 2965 1920 3028 nitaru
1940 2985 2035 3040 m,
2085 2964 2320 3029 habent
2349 2963 2596 3049 festum
2632 2962 2933 3049 Corporis
2971 2958 3128 3026 Chri-

903 3064 1007 3142 sti,
1059 3063 1157 3127 cui
1203 3062 1263 3126 in
1314 3060 1687 3126 Kalendario
1737 3062 2131 3145 Leopoliensi
2181 3067 2243 3128 et
2271 3062 2519 3148 festum
2562 3061 2850 3126 dolorum
2891 3060 2964 3125 B.
3000 3056 3131 3122 Dei-

902 3161 1226 3247 9enitricis
1253 3160 1512 3223 Mariae
1546 3161 1803 3226 aceedit.
1866 3160 2089 3245 Neque
2120 3162 2179 3225 id
2211 3181 2461 3239 novum,
2490 3180 2665 3226 sacra
2696 3160 2803 3226 illa
2832 3156 3132 3225 solemnia,

906 3278 1063 3341 quae
1098 3279 1134 3323 a
1165 3257 1403 3323 Latinis
1434 3260 1917 3335 celebrarentur,
1960 3260 2216 3326 Graecis
2246 3261 2574 3345 placuisse,
2624 3258 3133 3346 quemadmodum

907 3357 1117 3421 multis
1151 3356 1451 3441 exemplis
1484 3359 1739 3442 prolatis
1772 3359 2089 3424 evidenter
2119 3360 2394 3425 ostendit
2424 3359 2712 3424 laudatus
2743 3354 3034 3423 Moreel
3056 3352 3132 3417 li.

908 3452 1056 3518 Kal.
1112 3450 1255 3538 CR,
1305 3460 1346 3520 t.
1399 3455 1459 3533 2,
1510 3478 1614 3541 pp.
1671 3456 2041 3522 145—148.
2622 3473 2635 3486 ⁹

1084 3561 1639 3629 Italo-Graeci
1687 3564 1960 3641 tandem,
2011 3565 2114 3648 qui
2162 3565 2223 3629 in
2275 3563 2561 3630 Calabria
2604 3568 2670 3628 et
2716 3562 2915 3629 Sicilia
2970 3558 3135 3624 sami·

906 3660 1230 3724 liarissime
1291 3666 1547 3726 utuntur
1608 3662 1873 3739 Latmia,
1942 3667 2188 3746 praeter
2230 3662 2477 3748 festum
2532 3659 2832 3749 Corporis
2890 3655 3135 3723 Christi,

908 3759 1091 3822 etiam
1144 3756 1615 3824 Solenmitatem
1667 3762 1938 3825 Rosarii
1983 3761 2313 3826 nobiscum
2362 3765 2572 3845 agunt.

1085 3956 1388 4020 Semestre
1457 3956 1850 4022 Sanctorum.
1972 3957 2277 4022 Semestre
2335 3960 2615 4023 aestatis.
2699 3995 2783 4005 —
2868 3957 2924 4021 T
2918 3952 3129 4020 abulae

899 4052 1237 4139 paschales
1283 4052 1604 4119 Ecclesiae
1653 4056 2083 4122 occidentalis.

1087 4178 1200 4261 Qui
1252 4200 1326 4244 ex
1372 4178 1611 4244 Latinis
1659 4186 1859 4245 totum
1908 4202 2137 4246 annum
2187 4181 2248 4246 in
2300 4182 2454 4246 duas
2486 4186 2693 4265 partes
2740 4179 3027 4254 dividunt,
3073 4175 3127 4238 in

911 4276 1214 4343 Semestre
1277 4278 1541 4341 Domini
1608 4298 1717 4343 seu
1778 4280 2065 4359 hiemem,
2130 4286 2191 4343 et
2240 4278 2544 4344 Semestve
2606 4278 2972 4344 Sanctorum
3028 4291 3127 4338 seu

911 4387 1229 4454 aestatem,
1280 4376 1533 4441 alteram
1561 4376 1724 4442 hanc
1755 4385 2017 4463 partem,
2055 4399 2214 4463 quae
2241 4377 2554 4443 Oetoeeho
2580 4378 2776 4444 ferme
2804 4372 3125 4460 respondet.

912 4476 1289 4539 Graecorum
1342 4475 1623 4559 exemplo
1654 4475 1855 4561 festis
1902 4476 2239 4541 mobilibus
2285 4487 2601 4540 carentem
2662 4468 3128 4562 (ἀνεόρταστον)
