3514 5391
797 548 899 600 166
1443 543 1601 596 Festa
1637 541 1844 595 mobilia
1881 541 1932 593 in
1970 539 2392 607 Quadragesima.

794 742 956 807 κατὰ
1015 741 1127 829 τὴν
1192 739 1382 805 νύκτα
1444 734 1685 826 ἐκείνην
1747 737 1861 801 τὸν

796 840 990 925 ἵμιόν
1048 845 1125 928 τῇ
1169 839 1298 903 ’τοῦ
1353 837 1582 920 Λόγου
1642 836 1859 925 Μητρὶ

796 936 1105 1026 ἔμελψαν·
1154 937 1260 1002 καὶ
1292 935 1393 1001 ὅτι
1427 935 1494 1001 ἐν
1526 940 1693 999 πᾶσι
1722 940 1863 1010 τοῖς

797 1038 1015 1115 ἄλλοις
1091 1033 1299 1113 οἴκοις
1372 1039 1715 1120 καθῆσθαι
1793 1031 1862 1113 ἐξ

797 1132 995 1213 ἔθους
1041 1131 1325 1216 ἔχοντες,
1394 1129 1462 1197 ἐν
1505 1135 1646 1209 τοῖς
1692 1153 1863 1215 παρ-

796 1240 939 1299 οῦσι
1015 1239 1126 1321 τῆς
1199 1232 1603 1324 Θεομήτορος
1670 1229 1864 1314 ὀρθοὶ

797 1334 1038 1410 πάντες
1085 1330 1493 1417 ἀκροώμεθα.
1580 1332 1737 1405 Ταῖς
1757 1332 1869 1416 τῆς

798 1438 910 1516 σῇς
940 1430 1311 1518 «ΐπερμάχου
1338 1453 1427 1511 τε,
1476 1425 1583 1492 καὶ
1617 1425 1866 1510 ἀπροσ-

795 1531 1003 1616 mizon
1096 1527 1362 1617 Mqug
1464 1520 1864 1611 πρεσβείαις,

800 1628 1042 1715 Χρισῑὲ
1092 1627 1127 1691 ὁ
1179 1626 1362 1707 Θεός,
1409 1630 1539 1690 τῶν
1580 1646 1866 1709 περικει-

797 1725 1004 1811 μένων
1078 1726 1185 1800 καὶ
1256 1726 1417 1814 ἡμᾶς
1492 1721 1867 1803 ἀπάλλαξον

800 1830 1163 1913 συμᾳορεῦν,
1222 1822 1330 1888 καὶ
1378 1821 1638 1908 ἐλέησον
1684 1820 1865 1908 ἡμᾶς,

799 1922 885 2000 (ὃς
928 1922 1124 2006 μόνος
1169 1920 1659 2009 φιλάνθρωπος.

992 2151 1119 2210 Tot·
1168 2138 1372 2209 ἅκαθί
1376 2166 1531 2208 στου
1579 2135 1770 2210 οἶκοι.

1971 743 2135 803 totus
2161 737 2424 821 populus
2457 739 2585 800 tota
2612 739 2788 799 nocte
2816 734 3035 798 stando

1971 837 2276 920 hymnum
2299 835 2602 918 Deiparae
2630 833 3035 899 concinuerit:

1971 936 2262 1018 quodque
2311 953 2504 1017 quum
2550 933 2612 996 in
2663 931 2798 996 aliis
2839 932 3037 995 onmi-

1973 1036 2088 1098 bus
2136 1026 2343 1107 οἴκοις
2389 1053 2463 1096 ex
2513 1051 2682 1114 more
2718 1031 2934 1095 sedere
2968 1028 3037 1093 li-

1975 1135 2144 1208 ceat,
2210 1131 2272 1194 iu
2317 1130 2453 1194 istis
2508 1129 2750 1193 divinae
2799 1128 3036 1205 MatriS‚

1975 1229 2163 1294 erecti
2227 1248 2443 1292 omnes
2505 1231 2740 1291 stantes
2797 1225 3039 1290 auscul-

1977 1337 2211 1393 tamus:
2239 1327 2529 1411 precibus
2549 1324 3040 1410 propugnatricis

1978 1431 2040 1492 et
2067 1427 2329 1491 invictae
2351 1426 2572 1489 Matris
2597 1431 2757 1502 tuae,
2797 1422 3040 1487 Christe

1979 1526 2182 1600 I)euS‚
2252 1526 2328 1590 ab
2396 1522 2864 1588 imminentibus
2929 1543 3041 1586 nos

1975 1625 2170 1688 libera
2216 1622 2687 1698 calamitatibus,
2747 1625 2809 1686 et
2857 1620 3040 1684 mise-

1976 1743 2113 1788 rere
2139 1723 2334 1799 nobis,
2372 1729 2685 1804 tamqnam
2722 1720 2888 1786 solua=
2917 1719 3041 1783 cle-

1976 1842 2153 1886 mens
2200 1827 2262 1885 et
2308 1821 2679 1886 misericors,

979 2287 1377 2363 Ἀκάθιστος
1457 2292 1699 2352 constat
1757 2287 1969 2372 viginti
2037 2290 2302 2368 quatuor
2367 2286 2641 2369 strophis
2695 2287 2770 2349 ad
2829 2285 3047 2368 alpha-

804 2390 930 2454 beti
977 2389 1185 2454 literas
1230 2388 1509 2474 digestis,

802 2492 1063 2564 uantur,
1131 2487 1541 2570 praecedente
1602 2484 1874 2567 tropario
1931 2483 2119 2548 veluti
2180 2484 2449 2567 quodam
2513 2484 2788 2568 prologo.

1604 2386 1699 2451 Ex
1747 2385 1846 2450 his
1893 2386 2207 2449 breviores
2256 2404 2398 2449 cum
2443 2385 2829 2469 longioribus
2862 2385 3046 2449 alt-er-

2898 2483 3047 2548 Issas

803 2587 1172 2669 interpretes
1234 2585 1482 2668 quidem
1544 2578 1851 2646 κοντὰκια
1910 2586 2133 2646 vocant
2157 2583 2235 2664 ¹),
2304 2586 2510 2646 textus
2570 2580 2839 2668 liturgici
2904 2603 3047 2646 vero

804 2704 1021 2749 omnes
1068 2676 1291 2759 οἴκους
1319 2685 1695 2766 nuncupant,
1747 2681 2270 2764 quemadmodum
2322 2684 2384 2745 et
2407 2680 2724 2745 Triodium
2773 2681 3047 2746 adhunc

804 2783 967 2847 diem
1015 2780 1164 2858 τοὺς
1207 2775 1733 2863 εἰκοσιτέσσαρας
1793 2776 1956 2842 κατὰ
2004 2775 2377 2865 ἇλφὰβητον
2423 2773 2642 2855 οἴκους
2703 2780 3042 2845 annuntiat.

806 2882 1131 2946 Breviores
1177 2881 1469 2946 desinunt
1513 2881 1576 2943 in
1622 2876 1932 2965 Alleluja,
2001 2877 2311 2963 longiores
2372 2883 2578 2943 autem
2637 2878 3047 2943 terminantur

804 3000 916 3064 per
978 2980 1407 3044 salutationem
1473 2977 1819 3042 Marianam
1886 2974 2104 3055 Salve,
2169 2998 2409 3062 sponsa
2453 2976 2768 3061 innupta!
2859 2970 3046 3040 Prae-

806 3082 977 3143 terea
1023 3079 1276 3161 quaevis
1325 3076 1521 3160 major
1567 3076 1826 3159 stropha
1871 3075 1933 3139 in
1982 3075 2138 3139 duas
2186 3081 2393 3159 partes
2423 3076 2733 3151 dividitur,
2786 3096 3044 3159 quarum

808 3178 972 3260 prior
1018 3176 1270 3241 exhibet
1299 3175 1624 3239 historiam
1663 3174 1757 3239 vel
1790 3174 2156 3251 doctrinam,
2208 3173 2400 3239 altera
2429 3174 2702 3239 continet
2732 3174 3045 3240 salutatio-

809 3295 950 3339 nem
1002 3273 1348 3337 Marianam
1393 3273 1729 3337 duodecies
1777 3273 2124 3356 repetitam.

993 3531 1034 3599 ι)
1074 3530 1309 3585 Omnium
1345 3533 1456 3586 loco
1507 3548 1635 3585 unus
1673 3532 1959 3586 adducatur
1994 3531 2059 3585 D.
2097 3531 2597 3599 Melchisedek,
2650 3532 2921 3602 episcopus
2969 3524 3074 3586 ru·‘

808 3629 986 3667 menus
1026 3613 1297 3682 epar-chiae
1334 3613 1555 3667 Danubii
1596 3613 1852 3666 inferioris
1902 3612 2233 3681 (episcopum
2271 3611 2790 3681 Dunarei-dejosu)
2804 3650 2822 3678 ,
2876 3614 2962 3683 qui
2999 3613 3049 3666 in

808 3710 962 3763 opere
1013 3694 1255 3761 liturgico
1298 3693 1558 3747 Oratoria
1574 3733 1592 3759 ,
1642 3693 1734 3748 sub
1785 3693 2028 3762 auspiciis
2079 3692 2357 3746 Bumeniae
2407 3692 2650 3762 principis
2679 3693 2788 3753 '(ut
2833 3692 3051 3746 diximus

809 3790 965 3843 snpra
1002 3789 1050 3842 p.
1090 3774 1182 3840 31)
1224 3772 1361 3827 edito
1399 3773 1677 3827 Bukaresti
1716 3789 1850 3827 anno
1891 3774 2030 3827 1869
2079 3773 2322 3826 acathisti
2373 3778 2612 3826 naturam
2661 3788 2724 3827 ac
2760 3773 3050 3843 dispositio·

808 3871 922 3908 nem
961 3855 1037 3909 ita
1073 3853 1319 3907 describit
1355 3859 1490 3923 part.
1530 3854 1580 3921 2,
1619 3869 1668 3922 p.
1707 3855 1804 3908 91:
1845 3854 2312 3907 Acathistulu.
2387 3852 2429 3906 Ο
2466 3854 2748 3921 rugaciune
2797 3859 2849 3907 in
2889 3854 3050 3907 forma

809 3935 871 3989 de
911 3934 1267 3987 cheretismuri
1306 3939 1396 3989 seu
1435 3934 1590 4000 urari,
1629 3934 1871 3987 adresate
1910 3933 2087 3988 Santei
2124 3933 2336 3989 Feciore
2375 3938 2465 3989 seu
2502 3934 2673 3988 altoru
2710 3932 2874 3987 Santi.
2925 3932 3050 3987 Este

810 4031 1055 4084 compusa
1092 4015 1176 4067 din
1214 4015 1283 4068 24
1321 4015 1492 4084 piese:
1551 4016 1620 4068 12
1657 4014 1879 4068 condace
1919 4021 1965 4067 si
2005 4015 2072 4068 12
2110 4014 2277 4081 icose3
2335 4015 2444 4068 cele
2481 4015 2620 4068 antei
2667 4030 2722 4067 se
2761 4016 2952 4069 finescu
2989 4031 3050 4069 cu

810 4096 1017 4150 dicerea
1044 4096 1317 4165 psalmica:
1357 4095 1606 4161 Allilm‘a,
1631 4095 1738 4148 cele
1760 4095 1822 4149 de
1843 4096 1927 4149 alu
1947 4095 2114 4150 doilea
2140 4112 2202 4149 cu
2226 4112 2414 4150 urarea
2438 4095 2698 4164 angelica:
2729 4095 3049 4150 Bucam-le.

809 4176 867 4230 In
905 4176 1122 4245 tImpulu
1159 4176 1353 4230 acestei
1388 4176 1504 4244 rugi
1544 4191 1615 4230 nu
1655 4178 1770 4229 este
1794 4175 2046 4245 parmi-sa
2082 4175 2368 4242 siederea,
2405 4176 2502 4229 toti
2542 4192 2571 4230 o
2609 4177 2811 4230 asculta
2849 4177 3048 4235 standu,

811 4257 872 4310 de
911 4273 1068 4311 aceea
1106 4255 1183 4309 s'a
1219 4256 1416 4310 numito
1454 4254 1789 4313 Ἀκάθιστος.
1843 4287 1907 4295 -
1961 4256 2061 4310 Sed
2110 4256 2190 4310 his
2241 4256 2503 4326 apertiora
2553 4256 2616 4310 ad
2667 4256 3049 4326 Intelligendum

813 4338 1033 4391 fortasse
1080 4337 1335 4407 quispiam
1380 4337 1599 4404 dixerit,
1656 4352 1787 4407 quae
1838 4338 1899 4390 de
1951 4338 2174 4406 genuina
2223 4338 2422 4391 ratione
2462 4340 2561 4389 τοῦ
2597 4334 2905 4389 ιῖκαθίστου
2956 4339 3048 4408 ipsi

811 4419 1101 4472 notavimus
1139 4417 1203 4471 ad
1241 4417 1533 4488 „Officium
1559 4418 1821 4472 acatlzisti
1841 4418 2145 4472 dulcissimi
2177 4422 2232 4472 et
2253 4416 2623 4472 sacratissimi
2647 4416 2844 4471 Gordia
2859 4417 3050 4482 Jesu“‚

812 4498 865 4551 in
902 4514 984 4567 op.
1025 4497 1218 4567 „Varia
1254 4497 1467 4567 piet-atis
1506 4498 1755 4552 exercitia
1793 4514 1920 4567 erga
1959 4516 2028 4551 SS.
2067 4499 2171 4553 Cor
2205 4496 2364 4552 Jesu“
2405 4512 2486 4567 pp.
2526 4499 2754 4552 ’ΞΘ-80.
