3514 5391
1265 1203 2055 1288 ERRATA-GORMGE.

663 1381 1075 1441 Mendorurn
1111 1378 1765 1456 typographicorurn
1804 1378 2109 1439 demissa
2147 1383 2350 1453 atque
2389 1358 2671 1438 111111ιί118

1484 1467 1865 1539 excusatio,

1150 1615 1235 1654 ex
1288 1598 1526 1670 priori
1581 1602 1776 1654 tomo
1828 1597 2194 1670 repetita.

726 1759 914 1830 Quum
956 1764 1199 1833 propter
1236 1758 1575 1816 diuturnum
1615 1759 1915 1815 oculorum
1954 1759 2215 1814 morbum
2268 1772 2468 1814 curam
2522 1771 2785 1813 errorum

547 1865 1044 1939 typothetioorum
1100 1871 1394 1937 utcunque
1447 1864 1949 1922 emendandorum
2003 1856 2191 1924 variis
2242 1860 2525 1921 officiosis
2579 1862 2787 1919 amicis

547 1989 789 2031 neeesse
832 1978 991 2030 esset
1029 1972 1547 2043 committeremuS,
1587 1988 1874 2045 quumque
1912 1970 2113 2029 facilis
2149 1971 2231 2029 sit
2267 1972 2327 2028 in
2353 1969 2688 2043 peregrinis
2727 1975 2789 2026 et

548 2081 766 2153 ignotis
805 2080 1134 2137 nominibus
1161 2080 1380 2152 lapsuS‚
1421 2096 1530 2137 nec
1566 2080 1692 2137 ulla
1732 2080 2079 2152 quandoque
2107 2095 2418 2152 operarum
2448 2076 2787 2141 oscitantia,

550 2189 755 2247 caveri
795 2188 991 2245 omnia
1030 2186 1248 2245 menda
1284 2203 1397 2244 11011
1435 2192 1772 2258 potuerunt.
1848 2185 2435 2258 Eorumoatalogum
2466 2190 2664 2242 tamen
2691 2183 2788 2241 hic

549 2302 865 2354 contexere
888 2301 950 2352 et
971 2294 1179 2353 inutile
1207 2300 1268 2352 et
1288 2295 1614 2352 lectoribus
1633 2293 2011 2352 fastidiosum
2035 2293 2522 2351 existimavimus,
2561 2290 2783 2351 Parum

550 2402 817 2476 profecto
856 2403 1112 2460 interest
1148 2402 1368 2474 puncti,
1410 2402 1731 2469 commatiS,
1774 2401 1960 2473 apicis
1998 2402 2095 2458 vel
2135 2400 2389 2472 alicuius
2427 2400 2643 2459 literae
2685 2406 2790 2458 aut

547 2510 822 2569 vocabuli
863 2511 1143 2570 mutatio,
1197 2527 1347 2582 qnae
1387 2510 1622 2582 quidem
1664 2507 2026 2567 officinatori
2064 2506 2247 2565 facile
2289 2509 2624 2572 elabuntur,
2682 2508 2786 2565 sed

548 2616 912 2689 intelligenti
940 2617 1155 2674 lectori
1181 2618 1404 2674 nullam
1435 2617 1508 2675 de
1537 2633 1711 2675 sensu
1737 2617 2197 2674 haesitationem
2234 2614 2534 2672 nullamve
2563 2629 2785 2671 moram

548 2726 822 2784 afferunt.
880 2724 1241 2783 confidimus
1265 2732 1479 2783 autem.
1522 2743 1634 2784 non
1662 2726 1811 2783 adeo
1838 2730 2148 2798 peccatum
2181 2740 2217 2781 a
2244 2722 2558 2795 typotheta
2585 2728 2786 2780 nostro

547 2833 757 2900 fnisse,
815 2841 876 2891 ut
919 2848 1125 2890 sensus
1162 2832 1335 2891 ullibi
1374 2833 1454 2890 sit
1492 2833 1723 2891 omnino
1765 2832 2118 2890 deturbatus
2171 2837 2275 2888 aut
2326 2830 2386 2886 in
2426 2830 2783 2888 contrarium

549 2956 892 2999 conversus:
951 2938 1244 3011 quamviS‚
1295 2938 1635 3010 fatendum,
1685 2955 1759 2996 ex
1797 2937 2080 3009 ejusmodi
2122 2937 2423 2995 erroribus
2470 2937 2609 2995 hino
2648 2938 2785 2995 inde

551 3045 773 3106 factum
799 3046 897 3114 sit,
936 3052 1004 3104 ut
1023 3046 1213 3104 minus
1233 3046 1483 3118 limpida
1506 3046 1796 3104 evaderet
1822 3046 2032 3114 oratio,
2073 3043 2554 3116 quemadmodum
2589 3045 2789 3103 evenit

550 3171 601 3226 p.
643 3154 768 3212 738,
809 3154 911 3213 lin.
947 3154 1023 3211 29
1050 3154 1104 3220 ¹).

725 3261 920 3320 Enixe
959 3267 1278 3333 propterea
1318 3261 1539 3319 amicos
1578 3262 1837 3318 lectores
1875 3276 2177 3332 rogamus,
2229 3267 2297 3317 ut
2334 3258 2652 3317 afflictioni
2689 3277 2786 3317 no-

549 3375 713 3426 strae
750 3368 1004 3441 benigne
1044 3369 1506 3442 compatiantur,
1569 3375 1632 3427 et
1671 3369 1910 3438 menda,
1959 3384 2108 3441 quae
2158 3367 2412 3439 legendo
2465 3367 2786 3439 deprehen·

549 3475 763 3547 derint,
803 3476 900 3533 vel
938 3475 1052 3549 ipsi
1080 3476 1266 3534 litura
1295 3477 1617 3548 corrigant,
1656 3476 1754 3536 vel
1782 3493 1887 3548 pro
1916 3474 2196 3532 comitate
2226 3491 2334 3532 sua
2362 3473 2786 3531 dissimulando

551 3565 891 3625 condonent.

736 3725 773 3795 ¹)
823 3725 949 3780 lbid.
997 3726 1029 3780 1.
1068 3728 1138 3780 29
1190 3727 1246 3790 (l.
1285 3727 1318 3781 9
1370 3728 1433 3781 ab
1473 3728 1593 3793 imo)
1653 3726 1790 3779 inter
1837 3741 1991 3780 voces
2041 3725 2436 3779 benevolentiae
2487 3729 2541 3778 et
2587 3739 2785 3777 nexum

550 3817 738 3870 omissa
777 3821 897 3870 sunt
939 3816 1169 3886 „foedus
1203 3816 1636 3883 sanctioremque
1672 3815 1891 3868 stabilis
1926 3814 2253 3868 amicitiae‘·'.

2478 4688 2578 4739 54*
