3514 5391
826 471 897 525 60
1414 469 1573 523 Festa
1608 469 1816 524 mobilia
1853 472 1974 523 ante
2011 467 2485 537 Quadragesimam.

1006 668 1102 731 De
1128 667 1359 753 officiis
1384 666 1818 753 mysteriorum
1851 675 1910 728 et
1932 665 2489 728 instrumentorum
2512 664 2838 750 passionis
2866 663 2952 727 D.
2978 663 3067 725 N.

823 767 893 833 J.
951 766 1080 846 Ch„
1130 787 1289 851 quae
1337 766 1480 830 inde
1530 786 1564 829 a
1610 763 2086 849 Septuagesima
2132 763 2393 848 singulis
2438 762 2851 828 hebdomadis
2907 760 3066 825 cele-

827 866 1102 950 brantur.
2439 872 2444 878 ’

1003 971 1395 1055 Gonjunctim
1446 972 1573 1035 sive
1623 965 1905 1054 ἀθρόως,
1955 974 2023 1032 ut
2070 969 2287 1034 dicunt
2330 968 2503 1045 Icti.‚
2570 987 2868 1033 concessa
2915 967 3068 1031 haec

824 1069 1109 1154 primitus
1157 1074 1333 1133 crant
1380 1068 1686 1153 religiosis
1734 1087 1870 1133 ven.
1942 1065 2464 1153 Conyreyationis
2510 1064 2878 1130 clericorum
2915 1089 3066 1151 pas-

821 1169 1020 1232 sionis
1064 1169 1148 1232 D.
1203 1168 1290 1233 N.
1339 1167 1408 1232 J.
1467 1164 1612 1245 Cla„
1680 1187 1716 1231 a
1761 1187 1814 1233 s,
1867 1164 2057 1231 Paulo
2106 1186 2143 1229 a
2189 1163 2388 1254 Oruce
2448 1165 2774 1243 fundatae,
2839 1164 2944 1248 qui
3005 1163 3068 1228 in

821 1267 956 1350 ipsa
1004 1266 1390 1349 professione
1438 1265 1755 1348 conceptis
1819 1263 2024 1328 'verbis
2085 1268 2299 1328 sancte
2350 1260 2772 1348 pollicentur,
2840 1285 2904 1326 se
2938 1284 3065 1348 pro

818 1363 1059 1428 viribus
1121 1364 1297 1451 apud
1343 1361 1779 1447 christifideles
1823 1370 2230 1447 promoturos
2288 1361 2652 1423 memoriam
2718 1369 2779 1423 et
2837 1358 3068 1424 cultum

807 1463 1142 1549 passionis
1205 1473 1265 1526 et
1309 1462 1530 1525 mortis
1575 1460 1737 1525 Jesu
1791 1457 2031 1523 Christi
2077 1459 2342 1523 Domini
2390 1458 2621 1522 Nostri
2648 1457 2693 1543 ¹)
2755 1457 2937 1522 modo
2997 1458 3067 1521 in

819 1559 1366 1624 constitutionibus
1414 1580 1711 1645 expresso
1734 1558 1808 1641 ²).

997 1668 1121 1733 Sed
1170 1667 1420 1733 vixdum
1455 1671 1587 1731 erat
1632 1666 1753 1731 ista
1782 1664 2044 1730 facultas
2070 1664 2196 1731 ΡΡ.
2223 1664 2626 1729 Passionistis
2659 1664 2823 1741 data,
2873 1684 3062 1749 quum

820 1765 1150 1850 pleraeque
1211 1784 1428 1831 omnes
1484 1763 1822 1849 religiones
1881 1783 1954 1828 ac
2012 1763 2330 1828 dioeceses
2388 1763 2542 1828 adeo
2603 1762 2824 1828 illustri
2872 1768 3068 1828 certa-

822 1864 985 1929 mine
1033 1864 1380 1930 devotionis
1426 1884 1576 1949 erga
1621 1863 1903 1929 vivificae
1950 1862 2260 1948 passionis
2317 1867 2380 1927 et
2428 1862 2642 1927 mortis
2689 1861 2843 1928 Jesu
2891 1882 3064 1927 sacra

818 1963 1115 2045 mysteria
1176 1964 1397 2029 eadem
1445 1964 1653 2028 officia
1699 1962 1817 2027 sibi
1865 1962 2204 2045 deposcere
2268 1964 2454 2046 atque
2504 1965 2792 2044 expetere
2840 1981 3062 2044 prope-

816 2067 1050 2138 rarunt,
1113 2065 1200 2139 ut,
1260 2064 1430 2147 quod*
1475 2062 1804 2128 Sacrorum
1857 2061 2113 2126 Rituum
2161 2060 2575 2147 Congregatio
2637 2080 2761 2125 non
2807 2060 2893 2124 ita
2939 2061 3064 2145 pri-

800 2150 957 2222 ‘dem
1006 2160 1083 2224 de
1132 2163 1446 2226 communi
1493 2162 1771 2226 omnium
1821 2160 2025 2224 studio
2075 2159 2575 2225 Sacratissimum
2625 2158 2747 2224 Cor
2775 2160 2927 2224 Jesu
2959 2179 3061 2224 co-

817 2256 978 2320 lendi
1028 2257 1236 2337 edixit,
1287 2260 1364 2324 ad
1410 2259 1655 2324 literam
1703 2258 1806 2323 hic
1838 2262 2159 2343 congruat,
2210 2258 2454 2324 scilicet
2487 2257 2716 2322 nullam
2741 2258 2873 2341 jam
2905 2277 3064 2341 pene

817 2358 1060 2420 exstare
1108 2357 1457 2435 ecclesiam,
1507 2376 1667 2440 quae
1715 2355 2106 2441 privilegium
2158 2358 2374 2422 eadem
2424 2356 2582 2422 festa
2616 2355 2953 2441 peragendi
2984 2356 3061 2420 ab

818 2453 1180 2537 Apostolica
1227 2456 1391 2521 Sede
1459 2474 1526 2520 se
1587 2475 1709 2519 non
1773 2455 2143 2539 impetrasse
2189 2455 2489 2541 glorietur
2512 2453 2582 2539 ⁸).
2678 2453 2759 2519 Et
2803 2454 2880 2519 de
2927 2454 3062 2538 ipsa

818 2550 990 2615 Urbe
1056 2552 1256 2619 Roma
1321 2554 1573 2639 quidem
1642 2554 1703 2617 id
1771 2558 2077 2618 testantur
2150 2554 2328 2638 plura
2391 2554 2662 2619 Decreta
2726 2552 3058 2618 Sacrorum

815 2648 1067 2716 Rituum
1118 2652 1629 2740 Congregationis
1677 2652 1820 2716 anni
1851 2651 2042 2728 1831,
2093 2657 2578 2718 commemorata
2623 2652 2686 2717 in
2721 2653 2898 2719 Actis
2927 2653 3058 2718 lite-

814 2750 990 2813 rariis
1063 2747 1620 2838 Com-espondance
1684 2749 1764 2814 de
1829 2753 2025 2814 Rome
2091 2772 2188 2816 an.
2247 2751 2747 2829 ‚1848—-61849,
2818 2772 2876 2835 p.
2933 2750 3055 2814 30:

813 2846 893 2911 de
955 2847 1089 2912 aliis
1146 2850 1314 2914 orbis
1376 2848 1664 2914 catholici
1728 2848 2008 2933 partibus
2070 2869 2216 2914 vero
2278 2849 2653 2915 Kalendaria
2709 2870 2815 2914 seu
2878 2850 3058 2914 Dire-

815 2945 1007 3009 ctoria
1054 2948 1332 3031 propria,
1400 2947 1629 3032 quibus
1694 2948 1913 3012 eadem
1975 2947 2133 3013 haec
2193 2948 2355 3013 festa
2413 2949 2528 3014 rite
2590 2949 2820 3015 inserta
2879 2968 3058 3031 repe-

814 3042 1074 3109 riuntur.

993 3159 1197 3240 Quum
1245 3167 1453 3227 autem
1514 3161 1830 3246 praedicta
1891 3162 2097 3228 officia
2159 3183 2231 3227 eo
2296 3163 2686 3246 potissimum
2753 3169 3054 3248 spectent.

814 3263 897 3331 ut,
949 3257 1182 3340 (verbis
1220 3259 1380 3342 juris
1430 3260 1584 3325 sacri
1617 3260 1877 3342 utimur)
1927 3261 2379 3326 anniversaria
2413 3262 2852 3326 recordatione
2875 3261 3058 3326 nobis

819 3352 1056 3418 Christi
1088 3359 1457 3442 passionem
1480 3369 2021 3445 repraesentante,
2062 3357 2320 3445 plenius
2367 3361 2580 3423 omnia
2624 3383 2784 3445 quae
2819 3361 2889 3423 in
2922 3365 3058 3449 ejus

807 3453 1107 3537 passione
1156 3465 1302 3518 acta
1347 3467 1494 3520 sunt
1539 3455 1629 3519 ad
1672 3458 2039 3520 memoriam
2083 3457 2490 3538 reducantur,
2538 3458 2744 3544 sicque
2794 3481 2908 3523 nos
2938 3458 3054 3544 fa-

812 3551 986 3613 ciant
1046 3555 1283 3617 moveri
1355 3565 1654 3641 tanquam
1717 3556 2043 3620 videamus
2105 3567 2512 3643 praesentem
2577 3557 2921 3623 Dominum
2984 3560 3056 3623 in

812 3671 989 3712 cruce
1006 3648 1080 3732 4),
1132 3650 1359 3718 idcirco
1409 3655 1562 3719 adeo
1611 3654 1860 3738 propria
1906 3660 2050 3719 sunt
2095 3654 2240 3720 huic
2289 3654 2573 3740 tempori,
2622 3660 2691 3720 ut
2736 3657 2787 3720 si
2835 3677 2945 3741 pro
2978 3657 3054 3724 iis

996 3936 1036 4004 ¹)
1076 3936 1157 3991 Ita
1196 3937 1511 3992 constitutio
1548 3938 1831 3993 Clementis
1868 3939 1967 3994 ΡΡ.
2006 3939 2143 3995 XIV.
2184 3941 2492 3996 Salvatoris
2527 3942 2768 4008 Domini,
2806 3943 2946 3998 edita
2971 3944 3052 3998 die

812 4017 895 4070 15.
933 4018 1165 4072 novemb.
1206 4034 1288 4072 an.
1329 4020 1484 4085 1769,
1522 4019 1574 4072 in
1612 4019 1807 4074 Bullar.
1845 4020 1989 4075 Rom.
2029 4022 2328 4089 continuat„
2366 4027 2490 4076 tom.
2527 4023 2578 4090 3,
2617 4039 2665 4092 p.
2707 4025 2828 4079 103.

990 4095 1033 4162 ²)
1075 4098 1257 4168 Capite
1293 4115 1474 4169 nempe
1515 4101 1598 4167 18,
1640 4102 1784 4170 cujus
1811 4101 1998 4156 lemma
2034 4102 2130 4156 hoc
2158 4107 2266 4158 est:
2306 4102 2374 4158 de
2399 4106 2514 4157 roto
2525 4104 2885 4173 promovendi
2906 4106 3055 4176 apud

808 4177 1193 4250 christifideles
1239 4179 1557 4248 reliqiosum
1595 4181 1794 4235 cultum
1851 4185 1906 4236 et
1933 4185 2154 4252 aratam
2193 4183 2509 4238 memoriam
2545 4184 2833 4255 passionis
2868 4186 2940 4242 D.
2980 4186 3050 4241 N.

808 4258 861 4312 J.
903 4259 996 4313 Ch.
1072 4260 1197 4314 Ibid.
1237 4277 1285 4330 p.
1326 4262 1447 4314 106.

990 4337 1033 4404 ⁸)
1075 4339 1283 4393 Decret.
1323 4341 1370 4393 d.
1410 4342 1457 4394 d.
1496 4342 1581 4395 23.
1620 4343 1753 4412 Aug.
1797 4345 1951 4398 1856.

988 4420 1032 4487 ⁴)
1072 4419 1153 4473 Ita
1191 4420 1247 4474 C.
1288 4420 1468 4476 Semel
1507 4422 1762 4476 Christus
1800 4424 1885 4477 51.
1924 4424 2060 4479 Dist.
2099 4425 2150 4478 2.
2189 4425 2252 4479 de
2291 4440 2427 4480 cons,
2460 4428 2588 4495 jeta.
2628 4427 2700 4497 gl.
