3514 5391
866 533 974 586 310
1581 533 1740 587 Festa
1777 533 1984 587 mobilia
2020 539 2138 603 post
2177 534 2392 588 Pascha.

870 645 952 651 ...ψ
1101 645 1114 650 -
1199 645 1218 650 ...
1243 645 1400 650 7——
1423 643 1560 650 ——...
2392 645 2513 651 --,-,-
2538 645 2575 650 -
2700 644 2715 650 ,
2772 645 2781 650 ..
2818 645 2837 650 -
2856 645 2867 650 -
2912 643 3107 649 --ῇ-

870 732 1023 796 clive
1074 731 1677 810 animadvertebant,
1741 732 2058 816 proposito
2108 732 2293 797 etiam
2351 733 2414 796 in
2462 731 2815 817 exemplum
2864 731 3110 797 nomine

871 830 1047 895 Born
1078 865 1149 882 =
1177 830 1421 894 Bmmn.

1048 928 1143 995 Ex
1185 928 1635 994 recentissimis
1683 929 1933 994 tandem
1986 934 2148 1006 sunt,
2199 930 2324 1014 qui,
2376 930 2822 1014 posterioribus
2869 929 2971 994 his
3004 950 3111 993 no-

871 1028 1205 1094 tationibus
1252 1028 1518 1112 rejectiS‚
1567 1030 1791 1095 iterum
1842 1049 1983 1094 eum
2035 1023 2198 1096 ve'n.
2250 1030 2463 1095 Beda
2519 1029 2948 1114 appellationis
2994 1028 3112 1094 ori·

869 1127 1077 1212 ginem
1139 1126 1216 1191 ab
1266 1126 1428 1192 idolo
1477 1128 1734 1207 Bostra,
1802 1127 2097 1213 (Edctre)
2163 1129 2293 1194 sive
2349 1128 2603 1192 Οεεᾶνά·
2648 1129 2795 1213 (dea
2839 1128 3114 1211 orientiS,

872 1226 1042 1291 verni
1090 1225 1465 1311 splendoris)
1510 1226 1845 1302 deducunt,
1894 1226 2095 1290 forma
2142 1225 2362 1310 plurali
2418 1226 2646 1291 Ostern
2690 1248 2728 1291 a
2766 1225 3117 1311 pluralitate

871 1325 1114 1389 die-rum
1161 1324 1525 1389 festivorum
1573 1325 1839 1409 repetita
1861 1325 1932 1409 ¹).
2028 1326 2238 1409 Atque
2299 1326 2384 1390 ita
2442 1326 2506 1390 in
2550 1324 2715 1391 hanc
2760 1325 3117 1392 nomencla-

872 1427 1095 1501 turam,
1146 1421 1383 1508 origine
1432 1422 1767 1500 ethnicam,
1820 1443 1894 1488 ea
1940 1423 2186 1502 cadunt,
2236 1444 2395 1508 quae
2441 1444 2630 1508 supra
2648 1425 2782 1509 jam
2828 1426 2892 1490 in
2931 1423 3118 1489 simili

873 1543 1022 1587 casu
1069 1522 1146 1587 de
1195 1521 1444 1587 nomine
1489 1522 1795 1587 emrtelnd
1858 1521 2116 1606 eiusque
2176 1544 2213 1587 a
2259 1524 2686 1607 superstitioso
2749 1525 3119 1609 argumento

874 1622 948 1686 ad
1001 1620 1402 1686 christianam
1451 1622 1742 1705 pietatem
1810 1619 2209 1686 translatione
2257 1622 2524 1686 diximus
2589 1642 2689 1705 pp.
2747 1619 3119 1686 189—190.

1066 1833 1404 1900 Velikcinoc
1450 1874 1535 1882 —-
1584 1836 1864 1920 Magnae
1910 1836 2112 1898 noctis
2146 1834 2444 1915 vocabulo
2474 1834 2723 1900 Pascha
2760 1841 3123 1919 nuncupant

873 1916 1346 1999 Oechoslavi
1409 1932 1768 2012 Velikcinoc,
1817 1932 2214 1998 velikonofzm'
2254 1930 2472 1999 nedele
2502 1967 2573 1985 =
2600 1934 2726 1998 hod
2755 1934 2919 1997 Beki
2972 1931 3149 1997 veli-'

873 2033 1180 2112 Ισαποόπίς
1232 2031 1558 2098 Sloveni
1621 2031 1843 2096 Velika
1888 2036 2042 2112 notk·
2088 2031 2376 2098 Poloni
2438 2031 2820 2099 Wielkanoc.
2869 2070 2959 2078 —
3006 2031 3120 2096 So-

873 2131 1260 2197 lemnitatem
1323 2128 1682 2216 paschalem
1749 2131 1936 2196 etiam
2003 2131 2062 2195 in
2121 2129 2263 2214 jure
2328 2150 2504 2196 sacro
2570 2151 2608 2195 a
2664 2152 2898 2216 mayna
2942 2138 3127 2193 nocte

875 2230 1099 2309 vocari,
1150 2230 1533 2295 ostendimus
1581 2251 1683 2314 pp.
1735 2229 1865 2295 259
1923 2234 1986 2295 et
2033 2229 2195 2306 272,
2264 2229 2369 2295 ubi
2418 2230 2606 2294 etiam
2653 2228 2969 2312 propriam
3016 2248 3129 2311 ap·

874 2328 1227 2412 pellationis
1293 2348 1547 2393 causam
1611 2328 1954 2412 attigimus.
2023 2366 2107 2374 —
2176 2328 2298 2392 Sed
2366 2333 2429 2392 et
2477 2327 2692 2411 mayni
2751 2326 2885 2390 diei
2943 2324 3125 2390 titulo

878 2426 1104 2512 legitur
1151 2426 1398 2492 Pascha
1457 2430 1745 2491 ornatum
1807 2447 1843 2490 a
1890 2425 2294 2491 Ruthenis
2355 2423 2698 2504 Velikden;
2758 2445 2793 2488 a
2841 2423 3127 2488 Serbis

888 2523 1091 2589 veliki
1142 2524 1311 2603 dom,-
1358 2546 1396 2589 a
1442 2505 1970 2590 oeohoslavis
2032 2523 2253 2588 Velim
2295 2522 2536 2601 nedae,
2597 2522 2661 2588 h.
2713 2543 2789 2600 0„
2858 2544 3124 2607 maynua

877 2624 1014 2689 dies
1061 2623 1451 2689 Dominicus.

1067 2805 1518 2911 Voivkresemffe.
1621 2822 2044 2886 Resurrectio.
2139 2818 2526 2885 Breviarium
2595 2817 2898 2883 slavicum
2967 2817 3120 2882 ritus

876 2921 1047 2987 latini
1071 2920 1143 3005 ²),
1195 2921 1383 2985 verba
1421 2920 1741 3005 archetypi
1789 2920 2118 3004 diligenter
2150 2919 2437 2996 reddens,
2487 2916 2736 2982 titulum
2765 2917 2887 2983 diei
2920 2916 3119 2982 reddit

883 3017 1135 3084 Nedela
1192 3016 1632 3107 Voskresenija
1647 3069 1668 3099 ,
1736 3017 2077 3082 Dominica
2121 3016 2647 3082 Resuvwectionis.
2744 3014 3042 3080 Similiter
3084 3035 3122 3078 a

877 3119 1173 3202 mysterio
1219 3138 1446 3183 nomen
1496 3119 1679 3183 traxit
1725 3117 1953 3182 festum
2004 3117 2167 3202 apud
2201 3116 2243 3181 S
2261 3136 2294 3181 e
2312 3116 2398 3180 rb
2416 3135 2451 3179 o
2469 3152 2495 3164 -
2515 3114 2563 3180 O
2580 3134 2659 3179 ro
2677 3119 2849 3179 atas
2904 3113 3117 3191 Uskr's,

879 3217 1042 3301 apud
1102 3215 1515 3282 Buthenos
1575 3215 2006 3304 Voslcresenije
2074 3212 2399 3311 Clavistovo
2465 3212 2593 3279 sive
2655 3211 2910 3300 svetloje
2972 3211 3119 3276 Vos-

876 3315 1202 3402 kresenije‚
1251 3310 1288 3399 ἡ
1315 3312 1581 3398 λαμπρὰ
1610 3311 1983 3391 ἀνάστασις,
2016 3315 2179 3398 apud
2212 3314 2260 3379 C
2278 3334 2311 3378 e
2328 3333 2360 3378 e
2377 3312 2420 3378 h
2438 3333 2519 3378 OS
2536 3311 2555 3377 l
2573 3333 2658 3377 av
2676 3332 2711 3376 o
2730 3332 2760 3377 s
2800 3311 3124 3375 Vzkfflii‘rem'

880 3414 1072 3496 Ράηὲ,
1123 3414 1521 3478 Resurrectio
1574 3414 1834 3478 Domini
1845 3438 1874 3488 ,·
1919 3414 2083 3497 apud
2131 3412 2525 3478 Slovenos
2586 3410 2905 3500 Vstajenje
2960 3409 3119 3475 Goo-

871 3513 1142 3601 podoeo,

1063 3708 1300 3772 Husveft
1347 3728 1382 3772 a
1426 3708 1803 3773 resumenda
1849 3731 2037 3772 carne
2086 3708 2332 3773 Pascha
2358 3711 2579 3773 vocant
2612 3706 2913 3791 Hungari,
2947 3705 3117 3790 quasi

880 3830 1229 3889 carnosum,
1279 3807 1528 3872 nomine
1577 3828 1652 3871 ex
1699 3828 1766 3872 re
1813 3807 2029 3884 indito,
2080 3807 2246 3891 quod
2276 3809 2501 3871 iterum
2531 3828 2718 3870 came
2749 3804 2927 3889 (hiis)
2958 3803 3119 3869 vesci

879 3906 1091 3972 liceat:
1141 3906 1668 3990 quemadmodum
1716 3906 1778 3970 in
1829 3904 1962 3970 aliis
2009 3905 2366 3991 regionibus
2395 3904 2623 3969 festum
2656 3925 2909 3967 ovorum
2947 3901 3121 3968 titulo

883 4003 1242 4089 insignitum
1291 4002 1589 4090 legimus;
1640 4024 1820 4087 quae,
1869 4024 2059 4087 quum
2091 4002 2563 4089 quadragenarii
2588 4000 2807 4086 jejunii
2841 4005 3121 4085 tempore

1069 4254 1106 4323 ¹)
1145 4254 1286 4321 Quae
1326 4271 1388 4308 ea
1425 4254 1486 4308 de
1525 4269 1582 4306 re
1620 4254 1824 4322 copiose
1852 4252 2138 4322 disputavit
2163 4251 2438 4318 Grimm,
2480 4251 2755 4306 Denter-he
2774 4249 3121 4320 Mytholoqie,

881 4342 921 4391 t.
945 4339 992 4403 1,
1013 4353 1096 4406 pp.
1117 4336 1416 4403 267—268,
1443 4335 1585 4389 brevi
1605 4335 1939 4387 annotatione
1960 4333 2347 4402 circumscripta
2367 4334 2595 4401 reperies
2616 4331 2749 4402 apud
2767 4330 2833 4384 W
2847 4347 2876 4384 e
2891 4331 2907 4384 i
2923 4347 2961 4400 g
2975 4346 3049 4384 an
3064 4328 3118 4395 d,

885 4417 1187 4471 Deutsclees
1239 4415 1586 4470 Wbrterbucla
1625 4431 1675 4468 v.
1717 4415 1931 4468 θείειν.

1064 4496 1107 4558 ²)
1147 4497 1276 4551 Vide
1315 4512 1471 4566 supra
1507 4512 1556 4566 p.
1597 4498 1718 4549 188.
