3514 5391
970 510 1310 565 Prooemium.
1367 511 1446 565 De
1484 510 1737 564 Paschato
1774 510 1875 562 rite
1913 509 2129 577 agendo.

2569 508 2668 561 281

427 710 771 794 div-tyas1).
883 711 1094 794 Atque
1155 709 1278 774 huc
1340 712 1625 793 spectant
1685 707 2129 773 celeberrimae
2197 704 2501 791 epistolae
2548 729 2673 791 pa-

427 807 681 887 schales,
732 810 809 874 de
858 808 1084 893 quibus
1111 801 1365 892 praeter
1388 812 1669 873 auctores
1704 828 1740 872 a
1768 806 1949 872 nobis
1982 807 2281 872 adductos
2329 807 2456 890 (De
2497 804 2673 922 qeins

414 918 596 993 pum,
667 927 730 991 p.
780 908 895 991 98)
961 907 1155 972 videri
1216 912 1493 971 meretur
1553 905 1708 970 Mai
1773 907 1966 969 Nova
2012 905 2136 969 ΡΡ.
2187 903 2486 984 biblioth,

379 1006 527 1093 ,Ubi
586 1006 779 1071 etiarn
832 995 1126 1090 epistolae
1187 1003 1516 1089 paschales
1578 1024 1629 1069 s,
1676 1003 2005 1069 Athanasii
2067 1003 2306 1087 syriace
2371 1007 2433 1068 et

426 1088 820 1172 exhibentur.
1620 1121 1626 1126 ·

535 1300 540 1303 ’
597 1301 725 1366 ΙΙΙ.
758 1302 875 1403 'Dc
924 1300 1125 1366 tribus
1172 1300 1492 1365 elementis
1537 1298 1791 1388 requlae
1827 1297 2182 1387 paschalis.

603 1455 928 1521 Ganonem
976 1456 1055 1520 de
1102 1459 1272 1520 recta
1317 1454 1645 1519 Paschatis
1707 1454 2121 1519 celebratione
2184 1473 2233 1519 s,
2283 1451 2485 1516 Vict01

425 1554 843 1640 (193—203)
891 1555 955 1619 in
1003 1553 1449 1638 disceptatione
1480 1574 1517 1617 a
1548 1552 2020 1618 Judaizantibus
2060 1552 2342 1629 excitata,
2393 1570 2486 1615 exe

425 1673 473 1717 s,
521 1652 618 1717 Pii
669 1653 802 1718 ΡΡ.
853 1652 903 1718 I.
967 1650 1413 1735 (158—167),
1497 1671 1571 1716 ex
1634 1651 1997 1735 Apostolica
2069 1649 2396 1715 traditione
2463 1649 2486 1713 c‘

423 1751 699 1816 minasse
756 1751 984 1835 legitur
1035 1750 1393 1816 in-Libro
1443 1749 1964 1831 Pontificali,
2014 1771 2066 1816 c.
2103 1749 2204 1815 14.
2290 1749 2436 1827 Hic,
2484 1772 2486 1775 ⁴

422 1853 562 1914 sunt
611 1850 906 1926 auctoris,
941 1849 1111 1936 fecit
1154 1850 1485 1915 constitum
1536 1848 1624 1913 ad
1673 1850 2231 1937 interroyationem
2281 1849 2486 1911 sacerd

421 1947 494 2011 de
555 1946 800 2011 circu-lo
850 1949 1131 2012 Paschae
1194 1971 1330 2012 cum
1386 1947 1773 2035 presbyteris
1832 1960 1891 2013 ct
1938 1948 2249 2034 episcopis
2295 1947 2486 2032 facta

422 2042 659 2110 latione
685 2046 762 2131 ²),
810 2057 882 2111 ut
930 2071 973 2110 a
1017 2058 1251 2132 quarta
1297 2046 1537 2110 decima
1586 2045 1742 2111 luna
1779 2048 1985 2133 primi
2013 2047 2242 2110 mensis
2266 2045 2316 2129 ³)
2365 2067 2486 2130 usqz

421 2144 783 2209 vicesimam
809 2146 1089 2230 primam
1120 2146 1223 2209 die
1249 2145 1582 2209 Dominico
1609 2145 2005 2210 custodiatur
2028 2155 2311 2209 sanctum
2338 2144 2486 2207 Pas<

420 2242 592 2323 Quod
647 2242 921 2308 Victoris
951 2248 1272 2321 statutum,
1321 2243 1826 2309 Pseudo-Isidori
1862 2246 2230 2328 conceptum
2262 2243 2484 2321 verbiS,

421 2341 548 2423 pori
604 2342 773 2426 juris
842 2342 1121 2407 canonici
1187 2342 1489 2407 insertum
1553 2342 1779 2427 legitur
1843 2361 1979 2408 can.
2048 2339 2486 2406 Celebritatem

419 2438 575 2503 Dist.
628 2442 696 2505 3.
751 2440 846 2505 Dc
898 2460 1064 2506 cons,
1158 2440 1381 2524 Neque
1430 2440 1546 2504 alio
1595 2445 1838 2525 specta-t
1887 2446 2018 2505 can.
2073 2441 2300 2520 Nosse,
2352 2440 2457 2504 21.

419 2537 560 2601 dcm
627 2538 831 2615 Dist.,
904 2539 1222 2604 confectus
1289 2538 1633 2604 secundum
1695 2538 1864 2603 Libri
1929 2538 2311 2603 Pontificalis
2374 2559 2425 2604 c.

418 2635 621 2716 Quum
673 2642 899 2721 postea
946 2642 1153 2703 tamen
1201 2638 1262 2702 in
1314 2636 1528 2726 Syria,
1586 2634 1815 2702 Cilicia
1863 2648 1921 2702 et
1954 2637 2420 2725 Mesopotamia
2447 2638 2486 2701 iz

418 2735 861 2799 invenirentur
909 2733 988 2799 ab
1036 2734 1297 2801 ecclesia
1344 2736 1655 2801 catholica
1702 2737 2158 2816 dissentientes,
2209 2744 2272 2798 et
2299 2735 2486 2799 eoden

605 3018 646 3087 ¹)
687 3019 843 3089 Apud
881 3018 1162 3073 Hardouin.
1185 3007 1192 3015 ’
1216 3019 1408 3074 Concil.
1462 3023 1501 3074 t.
1541 3023 1591 3088 1,
1645 3037 1696 3090 p.
1735 3022 1858 3075 263.
1934 3021 2038 3076 Cfr.
2069 3021 2235 3074 'etiam
2264 3019 2474 3074 Krusch

420 3114 497 3167 pp.
537 3101 775 3155 69—70.
834 3099 1080 3153 Refertur
1116 3100 1167 3153 in
1205 3116 1418 3170 corpore
1450 3102 1582 3170 juris
1621 3101 1755 3154 sacri
1795 3101 1851 3155 G.
1891 3101 1978 3154 De
2005 3101 2376 3154 observatione
2401 3100 2486 3154 Pa

422 3180 505 3233 ⁶26.
547 3180 687 3234 Dist.
728 3183 779 3234 3.
822 3179 892 3232 de
924 3196 1062 3233 conS.

595 3260 640 3326 ²)
681 3261 797 3315 Hoc
823 3265 923 3327 est,
962 3260 1250 3329 explicante
1277 3260 1464 3315 ibidem
1489 3262 1771 3315 Bencini
1788 3277 1847 3328 o,
1886 3267 2004 3331 post
2030 3261 2276 3330 epistolas
2303 3261 2486 3330 episcol

418 3340 500 3408 qui
537 3341 731 3410 singuli
772 3342 823 3395 in
861 3340 1079 3409 singulis
1105 3341 1381 3408 provinciis
1418 3357 1667 3410 responsa
1693 3342 1757 3394 ad
1778 3341 2005 3395 Victoris
2031 3341 2464 3410 interrogationes

420 3421 641 3474 unanimi
695 3426 823 3475 voto
858 3420 1264 3488 rescripserunt,
1315 3420 1517 3475 Pascha
1555 3422 1914 3476 celebrandum
1964 3438 2079 3476 esse
2118 3422 2199 3475 die
2237 3421 2486 3475 Dominic‹

422 3499 587 3555 lunam
628 3503 716 3555 14.
758 3501 909 3570 primi
948 3500 1155 3554 mensis⁸
1766 3571 1770 3577 .

594 3578 638 3647 ⁸)
681 3581 919 3635 Primus
953 3582 1160 3635 mensis
1207 3581 1401 3635 lunaris
1439 3582 1483 3635 is
1522 3586 1633 3648 est,
1687 3585 1833 3652 cujus
1871 3583 1979 3636 dies
2020 3583 2103 3636 14.
2143 3584 2486 3652 aequinoctiur

420 3674 532 3712 num
570 3661 807 3729 proxime
847 3662 1096 3731 sequitur,
1135 3662 1321 3733 quique
1358 3663 1569 3731 proinde
1607 3663 1657 3716 in
1694 3663 1877 3723 Nisan
1907 3664 2180 3732 (Aprilem)
2221 3664 2486 3717 desinens

421 3753 598 3794 nomen
636 3741 841 3795 invenit
891 3772 957 3779 —
1005 3743 1158 3811 Juxta
1195 3743 1517 3797 notissimam
1553 3744 1788 3812 regulam
1827 3743 2319 3838 chronographicam
2364 3745 2486 3799 relat

417 3819 596 3886 qlossa
636 3821 716 3874 ad
752 3837 871 3875 can.
915 3823 1295 3877 Celebritatem
1332 3823 1420 3878 cit.
1458 3824 1601 3878 verb.
1626 3824 1808 3894 primi
1841 3825 2066 3890 mensus
2101 3826 2232 3894 quod
2259 3826 2486 3879 nimirum

422 3899 582 3955 tiones
620 3894 675 3955 in
715 3918 818 3956 uno
856 3908 1033 3957 mense
1072 3907 1286 3973 coeptae
1325 3909 1480 3975 atque
1507 3904 1557 3958 in
1585 3905 1819 3975 sequenti
1847 3905 2156 3972 desinentes,
2196 3899 2347 3959 alteri
2372 3906 2486 3959 huic

422 3979 730 4055 tribuuntur,
775 3982 825 4035 in
862 3998 961 4052 quo
1000 3983 1319 4038 clauduntur.

599 4063 643 4128 ⁸)
686 4062 839 4131 Apud
875 4063 1066 4132 Migne,
1105 4064 1246 4118 Patr.
1286 4064 1319 4117 1.
1361 4068 1465 4118 tom
1506 4066 1625 4132 127,
1664 4081 1714 4134 p.
1755 4066 1910 4120 1279.
1986 4065 2144 4119 Paulo
2183 4081 2333 4118 secus
2369 4067 2486 4135 aput

421 4138 701 4207 chesne,
739 4141 809 4194 L.
849 4142 918 4196 P.
957 4147 997 4197 t.
1038 4145 1086 4211 1,
1125 4160 1208 4213 pp.
1248 4145 1548 4210 137—138‚
1587 4145 1670 4198 ubi
1708 4145 1791 4199 vir
1828 4146 2218 4218 eruditissimuS,
2255 4148 2410 4215 atque
2449 4162 2486 4198 ει

423 4217 692 4285 quissimas
732 4222 1069 4277 ecclesiarum
1107 4225 1443 4296 antiquitates
1482 4226 1705 4304 feliciter
1742 4226 2058 4295 detegendas
2094 4230 2273 4293 natuS,
2327 4227 2476 4295 plura

420 4297 526 4351 rica
563 4315 757 4448 ιιὶιζςίιέ
764 4304 1295 4439 giomepgilgcituque
1334 4306 1490 4376 digna
1527 4306 1580 4359 in
1617 4295 1725 4361 rem
1765 4311 2090 4375 praesentem
2130 4305 2486 4360 animadvertit

744 4399 759 4435 ¹
853 4399 887 4454 P
