3514 5391
459 684 793 784 σαρακοσύὴ
838 695 948 761 διὰ
994 696 1106 783 τὴν
1137 695 1496 785 συντριβήν,

454 791 534 857 καὶ
572 790 686 877 τὴν
716 792 995 860 ἐνοῦσαν
1038 792 1188 880 ἡμῖν
1224 793 1360 860 ἀπὸ
1390 798 1501 883 τῆς

450 887 717 978 νηστείας
764 888 1057 979 πικρίαν,
1104 893 1214 958 καὶ
1248 889 1396 982 ἅηδί
1402 918 1497 973 αν,

444 987 640 1075 ὥσπερ
706 985 827 1057 οὖν
881 990 949 1057 ἓν
994 986 1201 1080 ἐκείνῃ
1257 990 1420 1080 μέσῃ
1465 990 1500 1055 ὁ

442 1092 912 1179 θεῖοςΜωῦσῆς
921 1089 998 1155 τὸ
1011 1088 1204 1172 ξύλον
1218 1088 1498 1171 ἐνέβαλε,

439 1186 530 1252 καὶ
559 1186 902 1273 {ymnum
917 1186 1128 1276 αὐτήν·
1155 1186 1321 1254 οἵτω
1339 1186 1499 1254 καὶὸ

438 1286 745 1370 διαγαγὼν
770 1285 937 1377 ἡμᾶς
956 1286 1118 1364 θεὸς
1141 1292 1256 1373 τῆς
1279 1310 1351 1352 νο
1360 1292 1503 1376 ητῆς

436 1382 736 1471 ἐρυθρᾶς,
773 1384 887 1451 καὶ
931 1390 1048 1451 τοῦ
1102 1385 1361 1474 Φαραώ,
1408 1391 1501 1471 τῷ

435 1482 733 1570 ζωοποιῷ
755 1484 956 1570 ,ξύλῳ
997 1489 1120 1550 τοῦ.
1143 1479 1361 1569 τιμίου
1392 1482 1504 1549 καὶ

435 1581 758 1662 ζωοποιοῦ
831 1588 1110 1671 σταυροῦ
1186 1577 1502 1666 γλυκαίνει

434 1681 537 1768 τὴν
593 1681 736 1748 ἀπὸ
809 1687 924 1771 τῆς
979 1684 1502 1770 τεσσαρακονθη-

431 1780 616 1867 μέρου
681 1776 982 1869 νηστείας
1039 1776 1327 1867 πικρίαν·
1396 1779 1514 1845 καῖ

431 1878 1020 1965 παραμυθούμενος
1065 1878 1246 1968 ἡμᾶς,
1306 1870 1414 1956 ὦς’
1438 1876 1507 1944 ἐν

433 1973 634 2065 ἓρήμῳ
670 1974 1040 2063 διάγοντας,
1089 1976 1210 2058 ἕως
1238 1969 1313 2044 οὗ
1339 1976 1507 2064 πρὸς
1545 2041 1553 2049 .

433 2074 537 2163 τὴν
578 2076 812 2166 νοητὴν
858 2075 1266 2165 Ἰερουσαλὴμ
1303 2072 1504 2142 ἔπαν-

436 2174 624 2264 αγάγῃ
700 2174 811 2242 διὰ
885 2182 996 2265 τῆς
1061 2174 1290 2241 ἑαυτοῦ
1349 2173 1501 2241 ἅνα-

435 2293 736 2352 στασεως.

511 2369 616 2438 Ἢ
644 2371 874 2461 ἐπειδὴ
923 2371 959 2438 ὁ
1004 2373 1276 2459 σταυρὸς
1314 2372 1503 2455 ξύλον
1587 2396 1592 2405 ·

441 2468 592 2561 ζωῆς
611 2470 888 2555 λέγεται,
937 2468 1046 2536 καὶ
1070 2466 1266 2553 ἔστιν,
1297 2466 1512 2536 ἐκεῖνο·

450 2567 501 2633 δέ
538 2568 642 2635 τὰ
667 2569 863 2651 ξύλον
908 2564 980 2634 ἐν
1008 2568 1184 2656 μέσῳ
1229 2575 1347 2635 τοῦ
1369 2592 1502 2635 πα-

451 2663 731 2751 ραδείσου
761 2672 876 2758 τῆς
890 2666 1073 2753 Ἐδὲμ
1104 2667 1494 2758 πεφυτευμέ-

446 2791 538 2831 νον
582 2763 946 2852 ἐτύγχανεν,
998 2765 1402 2855 ἁρμοζόντως
1441 2763 1502 2833 οἳ

444 2865 771 2933 θειάτατοι
834 2865 1112 2953 πατέρες
1173 2867 1250 2932 τὸ
1310 2889 1506 2932 σταυ-

439 2964 607 3050 ρικὸν
635 2965 832 3047 ξύλον
877 2964 947 3031 ἓν
975 2963 1153 3050 μέσῳ
1177 2970 1293 3054 τῆς
1324 2962 1507 3049 ἁγίας

437 3069 951 3152 τεσσαρακοστῆς
1012 3062 1168 3130 αὐτὸ
1239 3063 1504 3153 κατεφύ-

435 3183 683 3234 τευσαν.
732 3161 896 3246 ὁμοῦ
941 3160 1058 3246 μὲν
1101 3161 1210 3228 καὶ
1250 3167 1362 3252 τῆς
1391 3168 1506 3228 τοῦ

434 3258 637 3344 Ἀδὰμ
685 3256 969 3342 λιχνείας
998 3259 1505 3349 ὑπομιμνήσκον-
1539 3329 1546 3334 ,

436 3383 553 3441 τες,
612 3358 750 3442 ἅμα
797 3357 868 3425 δὲ
929 3359 1039 3425 καὶ
1071 3359 1197 3449 ,τὴν
1241 3355 1503 3440 ἐκείνου,

439 3457 542 3524 διὰ
589 3462 708 3524 τοῖ-
743 3455 1073 3545 παρόντος
1100 3456 1293 3540 ξύλου
1324 3454 1503 3524 ἀναί-

437 3549 608 3642 ρεσιν
627 3555 1110 3645 διαγράφοντες·
1138 3554 1371 3623 τούτου
1387 3556 1503 3644 γὰρ

438 3656 783 3741 γευόμενοι,
833 3653 909 3720 οὗ
930 3654 1174 3738 μᾶλλον
1205 3653 1504 3743 ἀποθνή-

440 3776 698 3840 σκομεν,
762 3751 928 3819 ἀλλὰ
989 3753 1101 3819 καὶ
1161 3753 1505 3838 ζωογονού-

439 3849 629 3936 μεῦῑα.
667 3855 761 3941 Τῆ
775 3847 974 3917 αὐτοῦ
991 3851 1251 3938 δυνάμει
1263 3851 1507 3941 Χριστὲ

443 3950 476 4015 ὁ
531 3951 723 4032 θεὸς,
804 3949 916 4016 καὶ
980 3949 1143 4039 ἡμᾶς
1203 3956 1331 4017 τῶν
1392 3957 1508 4018 τοῦ

442 4056 716 4139 πονηροῦ
740 4048 1143 4138 διαφύλαξον
1174 4048 1504 4140 ἔπηρειιῦν,

443 4148 539 4214 καὶ
591 4147 672 4215 τὰ
719 4147 883 4214 θεῖά
946 4168 1064 4212 σου
1110 4147 1334 4237 πάθη,
1397 4148 1504 4215 καὶ

439 4247 544 4338 τὴν
565 4247 908 4338 ζωηφόρον
930 4243 1282 4312 α’νάστασιν
1298 4268 1504 4333 προσ-

438 4352 688 4437 κυνῆσαι
739 4342 1048 4428 ἀξίωσον,
1097 4345 1171 4408 τὸ
1193 4366 1503 4430 τεσσαρα-

663 497 918 569 Κυριακή
956 503 1048 564 τῆς
1083 495 1707 569 σταυροπροςκυνὴσεως.
1764 496 2032 552 Dominica
2069 494 2157 551 III.
2187 494 2446 567 Quadrag.

2578 496 2677 551 131

1610 696 1865 780 Moyses
1911 694 2149 782 lignum
2178 762 2183 769 ,
2211 696 2361 761 illud
2421 695 2686 779 conjecit

1609 814 1880 879 eumque
1929 792 2177 873 dulcem
2226 791 2527 859 reddidit:
2595 796 2683 860 sic

1611 897 1672 957 et
1703 892 1896 971 DeuS,
1948 894 2052 977 qui
2082 889 2197 957 nos
2226 913 2339 977 per
2364 892 2684 976 spirituale

1611 1012 1782 1057 mare
1830 991 2087 1056 rubrum
2123 991 2311 1067 ducit,
2364 997 2427 1055 et
2458 1011 2494 1054 a
2521 990 2685 1055 Pha-

1609 1110 1796 1155 raone
1867 1088 2121 1167 liberat,
2204 1088 2447 1155 vivifico
2518 1089 2684 1174 ligno

1610 1189 1999 1253 venerandae
2074 1193 2135 1252 et
2200 1184 2407 1253 vitalis
2469 1186 2685 1253 Crucis

1611 1287 1860 1351 dulcem
1897 1286 2048 1351 facit
2074 1286 2684 1372 -quadragintadialis

1602 1384 1825 1469 jejunii
1843 1385 2269 1463 acerbitatem,
2285 1394 2523 1468 nosque
2540 1405 2685 1450 con,-

1612 1484 1864 1561 solatur‚
1914 1483 2082 1549 velut
2120 1483 2181 1548 in
2215 1482 2545 1548 solitudine
2575 1484 2683 1548 de-

1609 1588 1859 1668 genteS‚
1925 1583 2123 1647 donec
2172 1582 2249 1646 ad
2298 1582 2683 1665 spiritualem

1611 1680 2007 1746 Hierusalem
2078 1701 2190 1765 per
2256 1680 2682 1745 Resurrectio-

1615 1801 1754 1844 nem
1808 1781 2124 1864 perducat.

1719 2378 1850 2442 Aut
1896 2379 2190 2462 quoniam
2234 2376 2397 2443 Crux
2443 2378 2683 2464 lignum

1614 2475 1774 2540 vitae
1813 2475 2039 2541 dicitur
2086 2483 2148 2542 et
2177 2480 2306 2554 ost;
2357 2477 2507 2542 illud
2539 2498 2683 2542 vero

1612 2571 1851 2659 lignum
1872 2575 1934 2639 in
1953 2575 2093 2640 med
2103 2575 2157 2638 io
2178 2574 2458 2640 Paradisi
2482 2580 2683 2643 terrae

1613 2670 1811 2737 Edem
1884 2673 2229 2758 plantatum
2295 2679 2461 2753 erat3
2536 2694 2682 2740 con-

1617 2771 1931 2837 venienter
2019 2772 2388 2837 divinissimi
2461 2773 2682 2838 Patres

1613 2869 1831 2936 Crucis
1886 2869 2123 2955 lignum
2177 2872 2239 2936 in
2290 2872 2493 2936 medio
2541 2892 2682 2936 san-

1613 2972 1748 3035 ctae
1796 2967 2323 3055 Quadragesimae
2370 2969 2683 3055 plantave—

1613 3070 1790 3146 runt;
1839 3067 2019 3133 simul
2069 3072 2139 3132 ut
2188 3068 2365 3133 nobis
2413 3073 2477 3132 et
2509 3069 2682 3134 Adae

1615 3166 1983 3232 edacitatem
2047 3167 2109 3231 in
2170 3168 2533 3233 memoriam
2584 3187 2681 3232 re-

1615 3269 1907 3330 vocarent
1987 3269 2081 3344 et,
2155 3266 2677 3349 quemadmodum

1613 3382 1726 3446 per
1784 3383 2079 3447 praesens
2143 3362 2383 3449 lignum
2432 3371 2682 3449 ereptus

1613 3461 1712 3539 sit,
1777 3462 2236 3527 adumbrarent.
2334 3462 2467 3526 Hoc
2518 3463 2679 3527 euim

1612 3558 1665 3623 si
1727 3559 2160 3644 degustamuS,
2227 3580 2351 3624 non
2417 3559 2683 3644 amplius

1612 3657 1933 3737 morimur,
1985 3657 2131 3741 quin
2180 3659 2365 3722 etiam
2398 3659 2458 3723 in
2490 3659 2678 3724 vitam

1615 3757 1950 3823 nascimur.
2018 3756 2172 3840 Ejus
2205 3756 2450 3835 virtute,
2502 3755 2679 3821 Chri-

1616 3859 1710 3918 ste
1760 3854 1963 3932 DeuS‚
2031 3859 2094 3919 et
2142 3874 2252 3919 nos
2301 3875 2338 3919 a
2383 3856 2679 3920 cacodae-

1615 3953 1819 4018 monis
1867 3973 2163 4032 conserva
2210 3953 2559 4030 insultibus,
2621 3960 2681 4016 et

1615 4049 1889 4116 divinam
1948 4052 2311 4116 Passionem
2372 4057 2543 4115 tuam
2610 4069 2679 4113 ac

1614 4150 1861 4216 vitalem
1938 4150 2476 4214 Resurrectionem
2572 4148 2678 4210 ad-

1615 4268 1792 4313 orare
1852 4249 2134 4334 dignare,
2196 4245 2682 4331 Quadragesima

1616 4345 1795 4410 facile
1860 4351 2191 4422 transacta,
2260 4351 2321 4409 et
2384 4345 2677 4408 miserere

2399 4458 2465 4511 9*
