3514 5391
687 516 945 585 Κυριιαή
985 520 1075 582 τῆς
1109 516 1453 585 ὀρθοδοξίας.
1517 517 1783 571 Dominiea
1821 517 1860 570 1.
1901 516 2355 585 Quadragesimae.

471 718 533 777 K
533 713 764 802 υριακῆ
781 712 871 780 α’.
884 718 1016 777 τῶν
1033 719 1355 801 νηστειῶν,
1368 712 1477 778 καὶ

415 816 519 875 τῶν
541 806 743 894 ἁγίων
765 817 1128 900 προφητῶν
1140 809 1477 889 Μωίἒσέως

413 908 498 973 καὶ
515 908 773 996 Λάρῶν
789 909 899 976 καὶ
919 915 1050 975 τῶν
1064 911 1332 975 λοιπῶν·
1366 908 1476 975 καὶ

407 1012 504 1096 τῆς
523 1004 852 1093 ὀρθοδοξὶ
855 1032 952 1089 ας,
987 1008 1174 1093 ῗγουν
1198 1008 1475 1097 ἀναστη-

405 1105 652 1184 maccus
696 1112 830 1174 τῶν
879 1101 1074 1189 ἁγίων
1118 1103 1399 1173 εἰκόνων.

2552 520 2658 571 103

1693 715 2036 779 Βοπιίπίοα
2084 719 2143 783 1.
2156 717 2554 803 jejuniorum
2602 727 2661 779 et

1586 823 1947 878 sanctorum
1956 814 2658 901 lwophetarumMoysis

1585 922 1645 976 et
1693 912 1918 976 Aaron
1984 922 2167 997 atque
2228 910 2538 992 aliorum;
2601 923 2661 977 et

1586 1010 2019 1091 orthodoaeiae,
2079 1033 2190 1075 seu
2234 1010 2657 1075 restitutionis

1583 1120 1947 1173 sanctarum
1996 1110 2358 1194 imayinum.

575 1251 892 1316 Pietatem
941 1272 1090 1337 erga
1135 1273 1345 1318 sacras
1404 1234 1706 1340 imagines
1777 1274 1914 1318 011111
1980 1253 2370 1318 veneratione
2433 1274 2656 1318 eorun-

404 1353 540 1415 dem
592 1355 958 1416 sanctorum
1005 1350 1289 1416 similiter
1321 1351 1641 1436 conjungit
1670 1371 1831 1416 nova
1861 1351 2049 1416 editio
2084 1350 2422 1417 Blasiensis
2452 1351 2655 1417 Horo-

404 1449 542 1534 logii
591 1449 859 1525 rumeni,
923 1447 1294 1534 Oroloyiulu
1339 1449 1476 1514 cetu
1519 1472 1713 1532 mare,
1764 1470 1822 1533 p.
1875 1449 2038 1515 208:

2098 1449 2465 1514 Amentirea
2512 1472 2655 1513 ean-

403 1547 595 1611 t'iloru
631 1547 906 1633 profeti,
967 1571 1012 1610 a
1057 1544 1153 1610 lui
1200 1548 1424 1627 Moise,
1486 1549 1542 1611 ei
1588 1548 1833 1626 Aromt,
1896 1548 1953 1611 εἲ
1998 1571 2042 1610 α
2088 1547 2270 1610 eelor'
2323 1546 2534 1627 alalti,
2599 1551 2658 1612 εἲ

401 1644 755 1709 inaltiarea
802 1667 852 1709 s.
905 1646 967 1707 εἲ
1012 1645 1422 1710 onorateloru
1466 1648 1666 1710 icone.

577 1760 781 1847 Igitur
841 1762 1210 1827 memoriam
1266 1761 1565 1847 triumphi
1611 1773 1821 1827 rectae
1858 1762 2020 1846 fidei
2080 1763 2209 1827 sive
2257 1758 2651 1846 ὀρθοδοξίαν

403 1860 587 1924 hodie
648 1859 1015 1925 solemniter
1076 1865 1329 1944 agentes
1380 1861 1602 1927 Graeci
1663 1859 1847 1927 simul
1896 1862 2183 1945 antiquos
2244 1860 2382 1927 illos
2430 1862 2653 1928 heroes

402 1958 631 2033 colunt,
682 1957 808 2042 qui,
857 1957 1009 2022 fidei
1039 1959 1326 2023 ardorem
1370 1979 1514 2024 011111
1537 1960 1792 2044 jejuniis
1826 1960 2153 2038 socianteS,
2203 1960 2384 2025 nobis
2414 1981 2646 2046 agones

403 2056 930 2140 Quadragesimae
970 2056 1103 2139 jam
1152 2057 1562 2123 subeuntibus
1611 2068 1674 2123 et
1720 2057 2004 2142 exemplo
2039 2063 2184 2123 sunt
2231 2064 2292 2123 et
2321 2060 2652 2143 praesidio

403 2160 467 2219 ut
513 2154 794 2240 legitime
841 2159 1197 2240 pugnantes
1257 2158 1334 2220 ad
1381 2156 1794 2222 desideratam
1858 2155 2091 2243 gloriae
2154 2176 2447 2222 eoronam
2512 2179 2651 2242 per-

405 2254 610 2320 venire
659 2254 997 2338 possimus.
1047 2290 1132 2301 --
1183 2254 1277 2318 De
1323 2258 1588 2339 utroque
1636 2255 1882 2338 objecto
1932 2274 2130 2338 pauca
2176 2276 2287 2339 pro
2332 2276 2531 2333 more3
2583 2277 2652 2321 ae

407 2353 603 2436 primo
666 2353 918 2435 quidem
988 2351 1066 2415 de
1128 2353 1367 2416 sanctis
1411 2354 1745 2439 prophetis
1789 2352 1910 2428 fide
1979 2364 2038 2417 et
2084 2352 2472 2419 abstinentia
2516 2378 2653 2419 eon-

404 2472 660 2536 apsente.

578 2567 678 2632 De
724 2556 942 2631 eorum
984 2566 1224 2650 jejunio
1272 2588 1346 2632 ex
1393 2568 1605 2633 multis
1653 2569 1842 2633 breve
1891 2567 2010 2633 hoe
2043 2562 2371 2651 ἶὸιόμελον
2419 2571 2649 2654 accipe,

412 2687 520 2750 quo
570 2665 868 2733 Officium
920 2666 1291 2732 matutinum
1342 2666 1685 2761 clauditur:

1686 2811 1943 2888 Mane,
1996 2816 2148 2876 ton.
2201 2810 2444 2893 obliq.
2497 2811 2557 2876 2.

1690 2921 1944 3026 Jejunii
2030 2945 2300 3022 tempore
2379 2938 2652 3022 suscepit

456 2806 692 2894 Πρωΐ,
747 2800 925 2895 ἦχος
970 2808 1299 2893 πλάγιος
1342 2810 1427 2892 β’.

503 2938 760 3023 Μωσῆς
780 2938 876 3018 τῷ
896 2937 1100 3022 καιριῖ
1123 2937 1235 3022 τῆς
1252 2932 1474 3021 ἐγκρα-

413 3028 573 3111 τείας
609 3030 810 3116 νόμον
841 3026 1130 3113 ἐδέξατο,
1179 3031 1285 3098 καὶ
1318 3033 1474 3099 λαὸν

410 3128 849 3197 ἐπεσπάσατο·
879 3126 1107 3208 Ἠλίας
1129 3130 1475 3218 νηστεύσας

411 3228 706 3316 οὐρανοὺς
762 3226 1126 3294 ἀπέκλεισε·
1187 3231 1357 3312 τρεῖς
1402 3228 1473 3294 δὲ

411 3327 633 3406 παῖδες
681 3325 1105 3413 Ἅβραμιαῖοι
1168 3326 1473 3413 τύραννον

410 3431 907 3513 παρανομοῦντα
996 3424 1105 3492 διὰ
1138 3467 1142 3474 ·
1183 3423 1475 3515 νηστείας

408 3519 716 3615 ἐνίκησαν·
765 3522 858 3589 δι’
905 3521 1096 3613 αὐτῆς
1138 3524 1247 3589 καὶ
1291 3523 1471 3615 ἡμᾶς,

412 3624 645 3714 Σωτήρ,
694 3618 997 3706 ἀξίωσον,
1041 3627 1154 3712 τῆς
1194 3622 1472 3689 ἀναστά-

407 3744 559 3802 σεως
616 3727 835 3805 τυχεῖν
853 3772 869 3803 ,
937 3719 1104 3786 οὕτω
1158 3726 1469 3805 βοῶντας·

393 3820 618 3907 “Artos
641 3820 679 3888 ὁ
709 3820 899 3902 Θεός,
934 3818 1160 3904 ’Ἁγιος
1193 3816 1469 3909 ἰσχυρός,

392 3919 606 4005 Ἄγιος
624 3920 986 3999 ἀθάνατος,
1007 3917 1267 4006 ἐλέησον
1286 3918 1465 4008 ἡμᾶς.

1584 3036 1835 3122 Moyses
1875 3034 2065 3120 leqem
2094 3045 2154 3106 et
2177 3032 2484 3119 populum
2518 3034 2651 3098 Deo

1581 3133 1971 3212 conciliavit,·
1998 3130 2183 3196 Elias
2199 3131 2399 3197 coeloe
2398 3134 2651 3222 jejunio

1584 3233 1838 3318 aperuit
1844 3256 1869 3312 ,·
1899 3242 2022 3295 tres
2042 3242 2247 3296 autem
2253 3230 2648 3318 pueriAbra-

1583 3332 1817 3395 amitae
1875 3341 2211 3420 tyrannum
2258 3332 2521 3416 impium
2553 3334 2649 3419 je·

1567 3431 1747 3517 junii
1814 3431 2041 3493 virtute
2110 3428 2506 3507 deviem-unm
2580 3451 2647 3492 eo

1580 3550 1695 3591 nos
1734 3529 1985 3613 pariter
2021 3526 2111 3590 ad
2136 3528 2651 3592 resurrectionem

1570 3628 1930 3712 pervenire,
1964 3625 2155 3713 effice,
2198 3624 2515 3708 Salvator,
2555 3627 2650 3690 ita

1579 3724 1924 3788 clamantes
1940 3748 1960 3788 .·
1985 3722 2255 3788 Sancum
2272 3724 2467 3804 Deus,
2490 3723 2647 3789 San·

1579 3820 1936 3907 etusfortie,
1962 3821 2234 3887 Sanctus
2247 3821 2645 3901 immortalis,

1577 3923 1868 3985 miserere
1912 3919 2112 3986 nobis,
2169 3999 2174 4004 θ
2480 3941 2483 3946 ·

403 4067 588 4134 Fides
633 4068 911 4142 tandem,
962 4085 1120 4149 quae
1168 4064 1384 4130 salutis
1429 4065 1674 4129 initium
1722 4069 1820 4129 est
1867 4068 1930 4128 et
1973 4066 2147 4129 radix
2163 4064 2642 4148 justificationis,

404 4187 508 4250 per
551 4185 801 4233 sacram
839 4164 1222 4249 jejuniorum
1250 4159 1519 4249 ἄσκησιν
1551 4164 1983 4247 acquirendae,
2034 4163 2354 4247 proposita
2379 4162 2643 4226 lectione

402 4286 471 4331 ex
516 4264 820 4350 epistolae
870 4262 948 4330 ad
995 4261 1318 4327 Hebraeos
1379 4263 1579 4346 capite
1630 4263 1731 4327 11.
1785 4262 2118 4346 magnifice
2176 4261 2645 4325 commendatur

400 4383 471 4428 ex
515 4363 673 4429 actis
721 4365 976 4446 patrum
1025 4381 1060 4424 a
1084 4361 1298 4426 mundi
1331 4362 1579 4427 exordio
1628 4379 1825 4443 usque
1852 4362 1929 4424 ad
1958 4360 2153 4425 David
2194 4363 2256 4423 et
2286 4357 2640 4441 prophetas⁷

397 4462 706 4549 simulque
756 4459 1126 4530 ostenditur,
1176 4465 1408 4542 quanta
1435 4459 1632 4524 saneti
1663 4459 1964 4541 patrarint
2010 4477 2081 4522 ae
2115 4456 2280 4540 passi
2310 4474 2420 4538 per
2454 4455 2641 4518 fidem
