3514 5391
863 517 981 583 290Μ
1582 517 1741 575 Festa
1779 519 1985 576 mobilia
2019 527 2140 591 post
2174 521 2392 577 Pascha.

2510 635 2676 641 ..—-——
2690 636 3100 644 —————

1536 811 1649 891 ,Il
1668 810 1740 881 A
1769 812 1841 889 Σ
1861 813 1946 881 Χ
1970 810 2042 881 Α
2059 810 2138 889 Λ
2165 814 2208 881 Ι
2241 811 2307 882 O
2330 815 2426 881 JV

1769 934 1868 984 ΤΟ
1879 936 1927 982 Y
1957 935 2110 983 ΕΤΟ
2123 935 2220 983 ΥΣ

1558 1042 1753 1105 1881.
1833 1045 2092 1118 ,αωπα’.
2168 1039 2415 1121 ‚Cra-9⁴.

863 1144 1288 1222 Ἰνδικτιῶνος
1335 1143 1427 1210 θ’.

860 1240 1083 1309 Ἡλίου
1128 1242 1345 1308 κύκλοι
1393 1241 1502 1307 κε’.

874 1337 1142 1431 Σελήνης
1186 1341 1405 1407 κύκλοι
1452 1340 1557 1421 ιζ’.

870 1440 1142 1529 Σελήνης
1189 1439 1496 1523 θεμέλιον
1541 1439 1606 1504 ι’.

866 1533 1215 1627 Κρεωφαγί
1221 1562 1296 1616 ας
1341 1537 1564 1625 ἡμέραι
1613 1538 1723 1621 νγ’.

874 1637 965 1702 Τὸ
1022 1635 1338 1723 Τριῴδιον
1385 1634 1636 1722 ἄρχεται
1691 1632 2124 1725 ([εβρουαρίου
2172 1639 2253 1705 α’.

865 1734 1179 1802 Ἑωθινόν
1227 1734 1309 1800 α’.

863 1828 1057 1916 Ἦχος
1102 1834 1213 1901 πλ.
1263 1834 1343 1901 α’.

866 1933 962 1998 Ἡ
999 1933 1289 2017 ἀποκρέα
1334 1928 1768 2024 ([εβρουαρίου
1815 1934 1912 2001 ιε’.

866 2030 934 2100 Ὁ
977 2032 1422 2119 εὐαγγελισμός
1466 2037 1545 2121 τῇ
1587 2031 1857 2120 τετάρτῃ
1900 2039 2012 2121 τῆς
2057 2034 2129 2100 ε’.
2181 2030 2562 2119 ἑβδομάδος.

871 2131 1159 2215 Νομικὸν
1214 2132 1442 2198 Φάσκα
1490 2126 1794 2213 ἅπριλίου
1841 2129 1914 2199 ε’.

869 2227 1182 2296 Λατίνων
1228 2232 1468 2313 Πάσχα
1514 2224 1819 2314 ἇπριλίου
1864 2228 1936 2296 ε’.

877 2329 968 2393 Τὸ
1016 2328 1197 2413 ἅγιον
1242 2329 1479 2411 Πάσχα
1526 2321 1833 2414 ἅπριλίου
1879 2327 1990 2412 ιβ’.

871 2426 972 2491 ‘H
1003 2426 1357 2517 Ἀνὰληψις
1400 2425 1599 2512 μαΐου
1644 2425 1769 2490 κα’.

870 2524 955 2589 ‘H
995 2526 1406 2615 Πεντηκοστι)
1449 2524 1649 2609 μα’ίόυ
1695 2523 1820 2590 λα’.

877 2623 1161 2712 Κυριακή
1207 2629 1335 2690 τῶν
1381 2619 1574 2708 ἁγίων
1619 2622 1888 2687 πάντων
1936 2617 2178 2687 ἶουνίου
2223 2624 2298 2706 ζ’.

869 2721 956 2787 ‘H
993 2719 1250 2810 νηστεία
1294 2728 1422 2788 τῶν
1470 2717 1663 2805 ἁγίων
1710 2721 2098 2787 ἀποστόλων
2144 2721 2367 2812 ἡμέραι
2418 2724 2540 2789 κα’.

869 2819 957 2884 ‘H
991 2820 1202 2910 μνήμη
1248 2819 1456 2886 αὖτῶν
1492 2820 1701 2910 μἡμέρᾳ
1748 2819 2029 2908 δευτέρᾳ.

871 2919 1225 3008 Παραμονὴ
1269 2925 1398 2984 τῶν
1448 2918 1967 3003 Χριστοιγέννων
2017 2918 2212 3008 ἡμέρᾳ
2257 2921 2544 3008 πέμπτῃ.

1049 3200 1374 3293 Ἑρμηνεία
1418 3200 1511 3281 εἷς
1555 3205 1668 3293 τὴν
1712 3210 2050 3291 παροῦσαν
2098 3204 2471 3293 διαγραφὴν.

1050 3331 1173 3397 Pro
1221 3332 1657 3396 commentario
1706 3333 1776 3395 in
1796 3333 2202 3417 propositam
2235 3330 2515 3395 tabulam
2536 3329 2903 3419 paschalem
2935 3331 3107 3396 exilia

871 3430 1026 3495 haec
1075 3430 1321 3514 accipe:
2869 3458 2874 3462 ·

1058 3535 1147 3599 Τὸ
1194 3531 1339 3613 ἔτος
1384 3542 1643 3618 ,αωπα’.
1709 3575 1794 3584 -
1857 3534 2107 3618 ,Cra-9¹.
2140 3572 2209 3586 -=
2239 3538 2460 3602 Annus
2522 3536 2751 3604 Christi
2806 3539 2973 3604 1881
3027 3573 3105 3584 —

875 3637 1085 3701 mundi
1136 3636 1330 3701 7389.

1047 3776 1132 3841 ‘H
1171 3771 1494 3841 ἶνδικτιιύν
1540 3779 1668 3843 sive
1718 3772 2001 3855 ῗνδικτος
2050 3777 2140 3843 θ’.
2194 3819 2275 3826 -
2327 3780 2600 3845 Indictio
2644 3782 2708 3845 9.

1049 3903 1143 3968 De
1209 3903 1542 3968 indictione
1608 3905 1921 3989 relegatur
1988 3905 2469 3970 commentarius
2535 3905 2613 3968 ad
2679 3905 2738 3970 d.
2806 3905 2860 3969 1.
2920 3904 3105 3988 Sept„

871 4008 1018 4068 tom.
1066 4004 1122 4079 1,
1173 4022 1274 4085 pp.
1309 4002 1682 4077 265—266,
1734 4008 1815 4081 et,
1865 4004 2030 4089 quod
2079 4003 2310 4067 ibidem
2359 4003 2615 4068 citatum
2663 4007 2776 4080 est,
2828 4008 3013 4087 caput
3050 4002 3104 4067 7.

871 4101 948 4163 dc
1004 4098 1303 4187 Computo
1355 4100 1497 4164 cccl.
1548 4122 1652 4186 pp.
1702 4102 1988 4167 89—92.

1048 4239 1269 4308 ‘ffle'ov
1315 4243 1531 4307 κίαλοι
1579 4243 1690 4324 κε’,
1740 4244 2000 4332 σελήνης
2045 4243 2265 4309 κύκλοι
2312 4243 2416 4324 ιζ’.

1049 4360 1143 4425 De
1191 4366 1454 4445 utroque
1501 4362 1670 4448 cyclo
1722 4362 2144 4427 Romanorum
2193 4362 2391 4426 fusius
2440 4366 2646 4426 actum
2674 4365 2774 4425 est
2803 4359 2868 4424 in
2903 4358 3105 4447 Comp.

871 4459 1037 4540 eccl„
1088 4465 1149 4525 et
1196 4461 1272 4524 de
1322 4457 1541 4524 lunari
1586 4461 1839 4544 quidem
1889 4481 1977 4526 cc.
2029 4462 2091 4527 4.
2156 4465 2218 4525 et
2262 4459 2324 4538 ὃ,
2391 4479 2492 4543 pp.
2546 4457 2830 4536 71—80,
2895 4459 2973 4523 dc
3016 4480 3109 4521 80-
