3514 5391
845 534 950 593 148
1494 528 1654 594 Festa
1690 534 1899 594 mobilia
1935 538 1986 595 in
2023 534 2445 610 Quadi-agesimo..

849 743 913 803 et
955 737 1145 803 latine
1196 736 1467 824 vulgavit
1513 734 1856 803 Gombef
1866 736 2072 803 isius
2100 735 2180 823 ¹),
2243 757 2441 823 pauca
2485 737 2645 804 haec
2690 738 2769 804 de
2816 739 2951 823 ejus
2996 739 3079 803 in·

846 836 986 902 dole
1031 841 1200 902 recte
1247 834 1594 920 praefatus:
1661 835 1783 900 Vix
1843 834 2176 901 habuerint
2222 836 2444 903 Graeci
2510 838 2833 924 augustius
2889 837 3083 902 avitae

843 935 1092 1019 pietatis
1156 937 1662 1013 monumentum3
1734 933 1959 1018 vixque
2026 954 2094 999 se
2156 935 2428 1019 potuerit
2499 936 2592 1000 vir
2656 935 3084 1001 sanctissimus

844 1034 1129 1098 Andreas
1175 1030 1330 1098 vivis
1375 1031 1576 1117 magis
1605 1031 1916 1098 coloribus
1946 1033 2361 1118 eximiamque
2410 1053 2549 1099 cum
2582 1035 2714 1118 pari
2743 1034 3083 1099 eruditione

841 1131 1255 1208 sanctitatem,
1313 1149 1460 1195 vera
1505 1131 1709 1195 cordis
1756 1130 2108 1196 humilitate
2170 1136 2233 1197 et
2278 1132 2754 1217 compunctione
2800 1131 3081 1209 solidam,

839 1230 1195 1315 depingere.
1290 1227 1451 1294 Sane
1499 1229 1788 1295 immensi
1836 1230 2042 1295 oneris
2089 1231 2340 1315 quintae
2387 1229 2551 1296 illius
2597 1230 2788 1295 feriae
2835 1230 3083 1315 quintae

834 1328 1210 1413 jejuniorum
1255 1326 1708 1405 hebdomadae,
1759 1348 1883 1412 qua
1928 1349 2228 1414 magnum
2274 1328 2443 1395 hunc
2491 1348 2787 1396 canonem
2823 1330 3080 1395 solemni

843 1426 1049 1492 officio
1096 1425 1390 1503 recitant,
1455 1445 1717 1511 pensum
1781 1426 1972 1492 videri
2036 1431 2260 1511 potest.
2355 1427 2514 1508 Quid
2562 1426 2727 1492 enim
2788 1432 2852 1493 et
2896 1447 3081 1511 quam

841 1527 1111 1591 immane
1174 1524 1250 1589 ad
1295 1523 1592 1602 laborem,
1659 1528 1729 1588 ut
1788 1529 1931 1609 post
1993 1524 2247 1591 brevem
2305 1530 2622 1612 gustatum
2672 1545 2961 1591 somnum
3023 1531 3085 1591 et

838 1624 1097 1690 recitata
1145 1643 1254 1707 pro
1302 1643 1475 1688 more
1521 1643 1680 1707 quae
1726 1623 1932 1688 statim
1983 1622 2174 1691 habet
2218 1624 2486 1701 rubrica,
2536 1625 2879 1690 immensus
2925 1645 3084 1708 pene

839 1720 1115 1807 strophis
1164 1740 1381 1801 canon,
1430 1742 1675 1786 moroso
1707 1721 1746 1808 (
1740 1718 1943 1806 ἀργῶς
1942 1722 1976 1806 )
2023 1733 2084 1787 et
2115 1725 2382 1787 contrito
2412 1721 2599 1788 corde
2628 1733 2688 1787 et
2716 1744 2859 1788 voce
2891 1723 2931 1809 (
2922 1721 3085 1806 μετὰ

838 1814 1296 1906 συντριμμένης
1339 1813 1607 1904 καρδίας
1651 1817 1756 1883 καὶ
1788 1821 2031 1908 φωνῗς)
2080 1822 2273 1887 ternis
2299 1821 2817 1906 prostrationibus
2848 1821 2925 1885 ad
2955 1822 3081 1886 sin-

836 1918 985 2005 gula
1036 1917 1306 2001 troparia
1366 1918 1634 1984 millenis
1700 1920 1948 1985 circiter
2006 1920 2377 1999 universim,
2446 1921 2828 1987 decantetur.
2925 1919 3085 1984 Sunt

838 2020 1005 2081 certe
1050 2011 1388 2097 μετάνοιαι
1435 2018 1609 2095 istae,
1658 2018 1765 2083 ubi
1794 2019 2138 2084 crebriores
2167 2020 2346 2101 fiunt,
2395 2018 2731 2104 plurimum
2764 2019 3083 2104 fatigando

838 2115 1080 2198 corpori
1128 2118 1189 2178 et
1234 2112 1409 2179 labor
1451 2115 1817 2196 immensuS,
1867 2138 1988 2202 quo
2038 2138 2105 2183 se
2148 2117 2373 2184 Graeci
2421 2122 2679 2202 paterna
2724 2125 3079 2183 sanctorum

837 2213 1167 2279 traditione
1213 2213 1475 2279 multum
1527 2220 1837 2280 exercent.

1015 2319 1285 2405 Magnus
1332 2340 1526 2385 canon
1579 2322 1764 2386 etiam
1814 2316 2017 2406 prima
2051 2319 2872 2407 jejuniorum'hebdomada
2935 2344 3076 2389 cum

835 2418 1055 2484 iisdem
1099 2418 1621 2502 prostrationibus
1669 2440 1741 2485 ac
1790 2420 1984 2486 veniis
2032 2421 2386 2486 recitandus
2434 2421 2761 2487 exhibetur
2808 2423 2870 2487 iu
2904 2422 3078 2487 'Prio-

834 2518 958 2597 dio,
1005 2516 1116 2581 sed
1161 2518 1558 2583 membratim
1606 2524 1792 2602 atque
1838 2520 1900 2584 in
1947 2525 2213 2604 quatuor
2258 2521 2497 2605 priores
2545 2522 2679 2604 ejus
2706 2520 2840 2586 dies
2871 2521 3077 2585 distri-

791 2615 1040 2691 .butu3,
1091 2615 1615 2700 quemadmodum
1665 2617 1903 2682 dictum
1951 2623 2044 2683 est
2093 2640 2151 2703 p.
2204 2618 2308 2686 89.
2385 2619 2823 2684 'Perminantur
2870 2625 3073 2683 autem

834 2712 1080 2800 singula
1123 2710 1422 2797 τμήματα
1467 2715 1687 2781 diurna
1733 2717 1951 2782 eadem
2002 2717 2124 2797 illa,
2174 2738 2333 2801 quae
2380 2718 2587 2797 hodie⁴
2616 2718 3073 2802 praescribitur,

833 2811 1108 2879 oratione
1156 2813 1234 2877 ad
1281 2812 1738 2877 sanctissimum
1790 2820 2140 2880 auctorem:

940 2932 1204 3020 Ἀνδρέα
1234 2933 1549 3018 σεβάσμιε
1576 2934 1610 2972 *
1634 2934 1740 2999 καὶ
1770 2934 1900 3001 πά-

830 3057 938 3119 τερ
995 3031 1496 3118 τρισμακάριστε
1525 3034 1558 3070 *
1657 3033 1902 3123 ποιμὴν

830 3135 942 3219 τῆς
989 3130 1243 3219 Κρήτης
1282 3131 1319 3172 *
1351 3130 1438 3219 μὴ
1484 3130 1703 3220 παῦσῃ
1757 3129 1901 3197 δεό-

829 3251 1020 3313 μενος
1047 3230 1080 3266 *
1119 3227 1280 3314 ὑπέρ
1325 3234 1454 3293 τῶν
1515 3228 1587 3294 σέ
1633 3229 1899 3314 ὑμνούν-

828 3350 975 3406 των,
1014 3326 1053 3367 *
1086 3326 1195 3392 ἵνα
1239 3328 1579 3412 ῥυσθῶμεν
1624 3328 1840 3416 πάσης
1866 3331 1899 3367 *

831 3423 1016 3512 ὀργῆς
1059 3425 1167 3489 καὶ
1219 3419 1517 3512 θλίψεως
1563 3426 1670 3491 καὶ
1719 3432 1899 3515 φθο-

828 3526 961 3608 ρᾶς,
989 3521 1025 3560 *
1054 3522 1164 3589 καὶ
1184 3523 1615 3607 πταισμάτων
1641 3525 1898 3614 λυθρω-

829 3625 1052 3705 θῶμεν
1078 3621 1136 3704 *,
1184 3616 1244 3686 οἳ
1279 3622 1613 3705 τιμοῦντές
1640 3643 1759 3689 σου
1785 3624 1898 3712 τὴν

826 3717 1074 3808 μνήμην
1118 3715 1218 3784 ἀεί
1241 3720 1313 3804 ²).

2117 2941 2371 3006 Andrea
2410 2941 2778 3007 venerabilis
2825 2961 2897 3006 ac
2929 2940 3073 3006 bea-

2010 3039 2249 3104 tissime
2308 3044 2509 3123 pater,
2574 3037 2795 3104 Cretae
2846 3046 3071 3124 pastor,

2009 3158 2088 3202 ne
2150 3138 2491 3204 cessaveris
2565 3158 2741 3203 orare
2806 3159 2919 3222 pro
2980 3138 3071 3212 iia,

2009 3235 2112 3320 qui
2163 3241 2222 3300 te
2251 3237 2524 3314 laudant,
2571 3240 2642 3301 ut
2679 3236 2757 3302 ab
2787 3237 2953 3301 omni
2987 3237 3073 3301 ira

2010 3337 2072 3397 et
2093 3333 2423 3399 afflictione
2453 3335 2761 3419 exitioque
2786 3354 3074 3400 eruamur

2010 3437 2071 3497 et
2118 3454 2154 3497 a
2197 3431 2478 3517 lapsibus
2516 3425 2900 3508 liberemur,
2969 3433 3069 3517 qui

2009 3532 2372 3596 memoriam
2423 3537 2593 3596 tuam
2654 3552 2904 3615 semper
2965 3531 3072 3597 ho-

2004 3649 2320 3696 noramUS.

1005 3865 1216 3948 Atque
1263 3865 1484 3930 eadem
1531 3864 1648 3930 hac
1695 3866 1898 3932 forma
1943 3867 2005 3932 in
2054 3874 2318 3953 quatuor
2348 3876 2557 3955 partes
2602 3871 2869 3937 divisum
2904 3892 3073 3958 mag-

828 3980 976 4026 num
1027 3981 1351 4040 canonem,
1414 3983 1488 4028 ex
1537 3963 1759 4030 Officio
1813 3969 1930 4029 τοῦ
1977 3961 2384 4032 ἆποδείπνου
2442 3969 2743 4035 dictarum
2811 3976 3073 4054 quatuor

831 4060 1128 4126 feriarum
1189 4060 1425 4145 primae
1463 4061 1843 4145 jejuniorum
1891 4063 2320 4132 hebdomadae
2376 4071 2653 4144 erutum,
2715 4069 3069 4153 germanice

828 4196 914 4206 ——--—

1163 4195 1256 4204 -——-

1013 4257 1056 4326 ¹)
1096 4256 1244 4327 Apud
1281 4255 1471 4326 Migne,
1510 4255 1653 4312 Patr.
1691 4274 1772 4327 gr.
1810 4263 1850 4314 t.
1889 4260 1975 4328 97,
2012 4276 2098 4331 pp.
2138 4261 2278 4316 1329
2314 4278 2456 4334 seqq.

1005 4336 1049 4407 ¹)
1087 4337 1168 4392 Ita
1205 4353 1339 4392 nova
1376 4337 1533 4391 editio
1570 4353 1784 4393 romana
1833 4354 1916 4393 an.
1956 4343 2110 4397 1879.
2196 4336 2368 4397 Editio
2422 4347 2608 4397 veneta
2659 4343 2944 4398 orationem
2995 4346 3067 4398 sic

837 4416 1050 4474 claudit.
1089 4460 1102 4473 .
1144 4459 1156 4472 .
1197 4459 1209 4472 .

822 4501 1043 4556 πιστῶς.

1250 4417 1609 4488 πταισμάτων
1653 4421 1740 4471 καὶ
1781 4419 2082 4474 muli-rom.
2136 4424 2187 4473 οἵ
2242 4426 2500 4492 τιμῶντές
2549 4437 2651 4475 σου
2699 4421 2798 4488 τὴν
2844 4425 3071 4494 μνήμην
