<?xml version="1.0" encoding="UTF-8"?>
<!DOCTYPE html PUBLIC "-//W3C//DTD XHTML 1.0 Transitional//EN"
    "http://www.w3.org/TR/xhtml1/DTD/xhtml1-transitional.dtd">
<html xmlns="http://www.w3.org/1999/xhtml" xml:lang="en" lang="en">
 <head>
  <title>
</title>
<meta http-equiv="Content-Type" content="text/html;charset=utf-8" />
  <meta name='ocr-system' content='tesseract 3.04.00' />
  <meta name='ocr-capabilities' content='ocr_page ocr_carea ocr_par ocr_line ocrx_word'/>
</head>
<body>
  <div class='ocr_page' id='page_1' title='image "./kalendariummanu00nillgoog_0042.png"; bbox 0 0 3514 5391; ppageno 0'>
   <div class='ocr_carea' id='block_1_1' title="bbox 790 528 2446 598">
    <p class='ocr_par' dir='ltr' id='par_1_1' title="bbox 790 528 2446 598">
     <span class='ocr_line' id='line_1_1' title="bbox 790 528 2446 598; baseline -0.004 -11"><span class='ocrx_word' id='word_1_1' title='bbox 790 535 825 587; x_wconf 88' lang='lat'>6</span> <span class='ocrx_word' id='word_1_2' title='bbox 1376 530 1534 584; x_wconf 84' lang='lat' dir='ltr'><strong>Festa</strong></span> <span class='ocrx_word' id='word_1_3' title='bbox 1571 530 1778 584; x_wconf 85' lang='lat' dir='ltr'><strong>mobilia</strong></span> <span class='ocrx_word' id='word_1_4' title='bbox 1815 534 1936 583; x_wconf 82' lang='lat' dir='ltr'><strong>ante</strong></span> <span class='ocrx_word' id='word_1_5' title='bbox 1974 528 2446 598; x_wconf 79' lang='lat' dir='ltr'><strong>Quadragesimam.</strong></span> 
     </span>
    </p>
   </div>
   <div class='ocr_carea' id='block_1_2' title="bbox 1660 643 1810 647">
    <p class='ocr_par' dir='ltr' id='par_1_2' title="bbox 1660 643 1810 647">
     <span class='ocr_line' id='line_1_2' title="bbox 1660 643 1810 647; baseline 0 0"><span class='ocrx_word' id='word_1_6' title='bbox 1660 643 1810 647; x_wconf 95' lang='lat' dir='ltr'><strong> </strong></span> 
     </span>
    </p>
   </div>
   <div class='ocr_carea' id='block_1_3' title="bbox 791 729 3034 1415">
    <p class='ocr_par' dir='ltr' id='par_1_3' title="bbox 791 729 3034 1110">
     <span class='ocr_line' id='line_1_3' title="bbox 791 729 3031 815; baseline -0 -18"><span class='ocrx_word' id='word_1_7' title='bbox 791 734 941 798; x_wconf 79' lang='lat' dir='ltr'><strong>odas</strong></span> <span class='ocrx_word' id='word_1_8' title='bbox 985 752 1095 797; x_wconf 88' lang='lat' dir='ltr'><strong>seu</strong></span> <span class='ocrx_word' id='word_1_9' title='bbox 1125 731 1416 815; x_wconf 84' lang='lat' dir='ltr'><strong>strophas</strong></span> <span class='ocrx_word' id='word_1_10' title='bbox 1447 750 1567 795; x_wconf 91' lang='lat' dir='ltr'><strong>non</strong></span> <span class='ocrx_word' id='word_1_11' title='bbox 1598 731 1923 807; x_wconf 75' lang='lat' dir='ltr'><strong>excedunt,</strong></span> <span class='ocrx_word' id='word_1_12' title='bbox 1958 729 2022 794; x_wconf 92' lang='lat' dir='ltr'><strong>in</strong></span> <span class='ocrx_word' id='word_1_13' title='bbox 2054 730 2338 814; x_wconf 83' lang='lat' dir='ltr'><strong>figuram,</strong></span> <span class='ocrx_word' id='word_1_14' title='bbox 2371 734 2442 793; x_wconf 91' lang='lat' dir='ltr'><strong>ut</strong></span> <span class='ocrx_word' id='word_1_15' title='bbox 2466 730 2778 795; x_wconf 83' lang='lat' dir='ltr'><strong>existimat</strong></span> <span class='ocrx_word' id='word_1_16' title='bbox 2805 730 3031 797; x_wconf 80' lang='lat' dir='ltr'><strong>Nice-</strong></span> 
     </span>
     <span class='ocr_line' id='line_1_4' title="bbox 792 823 3034 915; baseline -0.001 -20"><span class='ocrx_word' id='word_1_17' title='bbox 792 830 1097 914; x_wconf 82' lang='lat' dir='ltr'><strong>phorus</strong></span> <span class='ocrx_word' id='word_1_18' title='bbox 1147 828 1455 895; x_wconf 84' lang='lat' dir='ltr'><strong>Gallist.</strong></span> <span class='ocrx_word' id='word_1_19' title='bbox 1519 827 1560 892; x_wconf 91' lang='lat' dir='ltr'><strong>l.</strong></span> <span class='ocrx_word' id='word_1_20' title='bbox 1612 829 1726 905; x_wconf 71' lang='lat' dir='ltr'><strong>e.‚&#39;</strong></span> <span class='ocrx_word' id='word_1_21' title='bbox 1770 832 2018 893; x_wconf 84' lang='lat' dir='ltr'><strong>sanetae</strong></span> <span class='ocrx_word' id='word_1_22' title='bbox 2084 833 2147 893; x_wconf 84' lang='lat' dir='ltr'><strong>et</strong></span> <span class='ocrx_word' id='word_1_23' title='bbox 2205 828 2483 893; x_wconf 78' lang='lat' dir='ltr'><strong>vivificae</strong></span> <span class='ocrx_word' id='word_1_24' title='bbox 2539 828 2856 895; x_wconf 80' lang='lat' dir='ltr'>Trinitatis</span> <span class='ocrx_word' id='word_1_25' title='bbox 2916 823 3034 915; x_wconf 77' lang='grc' dir='ltr'><strong>(εἰς</strong></span> 
     </span>
     <span class='ocr_line' id='line_1_5' title="bbox 792 919 3034 1014; baseline 0 -22"><span class='ocrx_word' id='word_1_26' title='bbox 792 926 1020 1005; x_wconf 76' lang='grc' dir='ltr'><strong><em>τύπον,</em></strong></span> <span class='ocrx_word' id='word_1_27' title='bbox 1070 919 1276 1011; x_wconf 76' lang='grc' dir='ltr'><strong><em>οἶμαι,</em></strong></span> <span class='ocrx_word' id='word_1_28' title='bbox 1323 930 1437 1014; x_wconf 79' lang='grc' dir='ltr'><strong>τῆς</strong></span> <span class='ocrx_word' id='word_1_29' title='bbox 1482 921 1664 1009; x_wconf 77' lang='grc' dir='ltr'><strong><em>ἁγίας</em></strong></span> <span class='ocrx_word' id='word_1_30' title='bbox 1708 924 1820 990; x_wconf 81' lang='grc' dir='ltr'><strong>καὶ</strong></span> <span class='ocrx_word' id='word_1_31' title='bbox 1867 923 2217 1014; x_wconf 80' lang='grc' dir='ltr'><strong><em>ζωαρχικῆς</em></strong></span> <span class='ocrx_word' id='word_1_32' title='bbox 2271 922 2571 1011; x_wconf 81' lang='grc' dir='ltr'><strong><em>Τριάδος)</em></strong></span> <span class='ocrx_word' id='word_1_33' title='bbox 2622 948 2660 991; x_wconf 84' lang='lat' dir='ltr'><strong>a</strong></span> <span class='ocrx_word' id='word_1_34' title='bbox 2690 928 2922 993; x_wconf 85' lang='lat' dir='ltr'><strong>sanetis</strong></span> <span class='ocrx_word' id='word_1_35' title='bbox 2970 934 3034 993; x_wconf 88' lang='lat' dir='ltr'><strong>et</strong></span> 
     </span>
     <span class='ocr_line' id='line_1_6' title="bbox 793 1026 1834 1110; baseline -0.003 -19"><span class='ocrx_word' id='word_1_36' title='bbox 793 1026 1045 1092; x_wconf 80' lang='lat' dir='ltr'><strong>deiferis</strong></span> <span class='ocrx_word' id='word_1_37' title='bbox 1092 1027 1384 1092; x_wconf 86' lang='lat' dir='ltr'><strong>Patribus</strong></span> <span class='ocrx_word' id='word_1_38' title='bbox 1433 1026 1834 1110; x_wconf 76' lang='lat' dir='ltr'><strong>excogitatas,</strong></span> 
     </span>
    </p>

    <p class='ocr_par' dir='ltr' id='par_1_4' title="bbox 791 1132 3029 1415">
     <span class='ocr_line' id='line_1_7' title="bbox 969 1132 3025 1219; baseline -0 -20"><span class='ocrx_word' id='word_1_39' title='bbox 969 1134 1199 1200; x_wconf 82' lang='lat' dir='ltr'><strong>Triodii</strong></span> <span class='ocrx_word' id='word_1_40' title='bbox 1257 1134 1501 1198; x_wconf 88' lang='lat' dir='ltr'><strong>initium</strong></span> <span class='ocrx_word' id='word_1_41' title='bbox 1563 1152 1637 1197; x_wconf 82' lang='lat' dir='ltr'><strong>ex</strong></span> <span class='ocrx_word' id='word_1_42' title='bbox 1682 1151 1943 1197; x_wconf 90' lang='lat' dir='ltr'><strong>numero</strong></span> <span class='ocrx_word' id='word_1_43' title='bbox 1990 1132 2233 1197; x_wconf 89' lang='lat' dir='ltr'><strong>illorum</strong></span> <span class='ocrx_word' id='word_1_44' title='bbox 2283 1133 2522 1197; x_wconf 89' lang='lat' dir='ltr'><strong>dierum</strong></span> <span class='ocrx_word' id='word_1_45' title='bbox 2573 1138 2699 1210; x_wconf 89' lang='lat' dir='ltr'><strong>est,</strong></span> <span class='ocrx_word' id='word_1_46' title='bbox 2767 1156 3025 1219; x_wconf 88' lang='lat' dir='ltr'><strong>quorum</strong></span> 
     </span>
     <span class='ocr_line' id='line_1_8' title="bbox 791 1230 3028 1318; baseline 0 -21"><span class='ocrx_word' id='word_1_47' title='bbox 791 1233 1000 1297; x_wconf 87' lang='lat' dir='ltr'><strong>sedem</strong></span> <span class='ocrx_word' id='word_1_48' title='bbox 1050 1231 1381 1297; x_wconf 78' lang='lat' dir='ltr'><strong>Paschalia</strong></span> <span class='ocrx_word' id='word_1_49' title='bbox 1407 1251 1634 1318; x_wconf 80' lang='lat' dir='ltr'><strong>graec-a</strong></span> <span class='ocrx_word' id='word_1_50' title='bbox 1679 1230 1943 1316; x_wconf 89' lang='lat' dir='ltr'><strong>singulis</strong></span> <span class='ocrx_word' id='word_1_51' title='bbox 1976 1232 2151 1296; x_wconf 89' lang='lat' dir='ltr'><strong>annis</strong></span> <span class='ocrx_word' id='word_1_52' title='bbox 2177 1235 2463 1296; x_wconf 79' lang='lat' dir='ltr'><strong>accurate</strong></span> <span class='ocrx_word' id='word_1_53' title='bbox 2505 1231 2801 1297; x_wconf 80' lang='lat' dir='ltr'>exhibent</span> <span class='ocrx_word' id='word_1_54' title='bbox 2847 1238 3028 1318; x_wconf 85' lang='lat' dir='ltr'><strong>atque</strong></span> 
     </span>
     <span class='ocr_line' id='line_1_9' title="bbox 791 1329 3029 1415; baseline 0 -19"><span class='ocrx_word' id='word_1_55' title='bbox 791 1332 855 1397; x_wconf 90' lang='lat' dir='ltr'><strong>in</strong></span> <span class='ocrx_word' id='word_1_56' title='bbox 916 1330 1307 1395; x_wconf 84' lang='lat' dir='ltr'><strong>Kalendariis</strong></span> <span class='ocrx_word' id='word_1_57' title='bbox 1364 1331 1543 1415; x_wconf 78' lang='lat' dir='ltr'><strong>Juxta</strong></span> <span class='ocrx_word' id='word_1_58' title='bbox 1603 1330 1746 1394; x_wconf 85' lang='lat' dir='ltr'><strong>anni</strong></span> <span class='ocrx_word' id='word_1_59' title='bbox 1808 1331 1976 1394; x_wconf 84' lang='lat' dir='ltr'><strong>viees</strong></span> <span class='ocrx_word' id='word_1_60' title='bbox 2041 1334 2103 1395; x_wconf 87' lang='lat' dir='ltr'><strong>et</strong></span> <span class='ocrx_word' id='word_1_61' title='bbox 2161 1330 2400 1394; x_wconf 89' lang='lat' dir='ltr'><strong>dierum</strong></span> <span class='ocrx_word' id='word_1_62' title='bbox 2463 1329 2820 1395; x_wconf 84' lang='lat' dir='ltr'><strong>varietatem</strong></span> <span class='ocrx_word' id='word_1_63' title='bbox 2885 1351 3029 1396; x_wconf 89' lang='lat' dir='ltr'><strong>eon-</strong></span> 
     </span>
    </p>
   </div>
   <div class='ocr_carea' id='block_1_4' title="bbox 792 1429 3027 1614">
    <p class='ocr_par' dir='ltr' id='par_1_5' title="bbox 792 1429 3027 1614">
     <span class='ocr_line' id='line_1_10' title="bbox 792 1429 3027 1515; baseline -0 -21"><span class='ocrx_word' id='word_1_64' title='bbox 792 1430 1060 1515; x_wconf 86' lang='lat' dir='ltr'><strong>signant‚</strong></span> <span class='ocrx_word' id='word_1_65' title='bbox 1111 1429 1636 1512; x_wconf 80' lang='lat' dir='ltr'><strong>quemadmodum</strong></span> <span class='ocrx_word' id='word_1_66' title='bbox 1662 1429 1846 1494; x_wconf 88' lang='lat' dir='ltr'><strong>etiam</strong></span> <span class='ocrx_word' id='word_1_67' title='bbox 1877 1433 2234 1493; x_wconf 82' lang='lat' dir='ltr'><strong>annotatum</strong></span> <span class='ocrx_word' id='word_1_68' title='bbox 2263 1429 2535 1513; x_wconf 85' lang='lat' dir='ltr'><strong>reperies</strong></span> <span class='ocrx_word' id='word_1_69' title='bbox 2567 1432 2737 1494; x_wconf 89' lang='lat' dir='ltr'><strong>tomo</strong></span> <span class='ocrx_word' id='word_1_70' title='bbox 2766 1431 2824 1506; x_wconf 90' lang='lat'><strong>1,</strong></span> <span class='ocrx_word' id='word_1_71' title='bbox 2874 1451 2933 1514; x_wconf 88' lang='lat' dir='ltr'><strong>p.</strong></span> <span class='ocrx_word' id='word_1_72' title='bbox 2959 1430 3027 1494; x_wconf 82' lang='lat'><strong>2:</strong></span> 
     </span>
     <span class='ocr_line' id='line_1_11' title="bbox 799 1520 2269 1614; baseline -0.001 -24"><span class='ocrx_word' id='word_1_73' title='bbox 799 1525 939 1614; x_wconf 64' lang='lat' dir='ltr'><strong>”sm</strong></span> <span class='ocrx_word' id='word_1_74' title='bbox 995 1520 1422 1611; x_wconf 63' lang='lat' dir='ltr'><strong>&#39;lavovapae&#39;ovs</strong></span> <span class='ocrx_word' id='word_1_75' title='bbox 1452 1522 1757 1609; x_wconf 73' lang='grc' dir='ltr'><strong><em>’Άρχεται</em></strong></span> <span class='ocrx_word' id='word_1_76' title='bbox 1803 1523 1880 1588; x_wconf 83' lang='grc' dir='ltr'><strong>τὸ</strong></span> <span class='ocrx_word' id='word_1_77' title='bbox 1936 1523 2269 1611; x_wconf 74' lang='grc' dir='ltr'><strong><em>Τριῴὸιον.</em></strong></span> 
     </span>
    </p>
   </div>
   <div class='ocr_carea' id='block_1_5' title="bbox 1074 1709 2744 1785">
    <p class='ocr_par' dir='ltr' id='par_1_6' title="bbox 1074 1709 2744 1785">
     <span class='ocr_line' id='line_1_12' title="bbox 1074 1709 2744 1785; baseline 0 -15"><span class='ocrx_word' id='word_1_78' title='bbox 1074 1709 1576 1770; x_wconf 84' lang='lat' dir='ltr'><strong>Hebdomada</strong></span> <span class='ocrx_word' id='word_1_79' title='bbox 1625 1716 1801 1769; x_wconf 80' lang='lat' dir='ltr'><strong>ante</strong></span> <span class='ocrx_word' id='word_1_80' title='bbox 1850 1712 2065 1771; x_wconf 91' lang='lat' dir='ltr'><strong>Dom.</strong></span> <span class='ocrx_word' id='word_1_81' title='bbox 2117 1713 2744 1785; x_wconf 81' lang='lat' dir='ltr'><strong>septuagesimae.</strong></span> 
     </span>
    </p>
   </div>
   <div class='ocr_carea' id='block_1_6' title="bbox 794 1847 3034 2324">
    <p class='ocr_par' dir='ltr' id='par_1_7' title="bbox 794 1847 3034 2324">
     <span class='ocr_line' id='line_1_13' title="bbox 972 1847 3034 1931; baseline 0.001 -18"><span class='ocrx_word' id='word_1_82' title='bbox 972 1847 1301 1913; x_wconf 86' lang='lat' dir='ltr'><strong>Dominiea</strong></span> <span class='ocrx_word' id='word_1_83' title='bbox 1344 1847 1655 1931; x_wconf 80' lang='lat' dir='ltr'><strong>publicani</strong></span> <span class='ocrx_word' id='word_1_84' title='bbox 1703 1852 1767 1912; x_wconf 91' lang='lat' dir='ltr'><strong>et</strong></span> <span class='ocrx_word' id='word_1_85' title='bbox 1794 1848 2104 1931; x_wconf 85' lang='lat' dir='ltr'><strong>pharisaei</strong></span> <span class='ocrx_word' id='word_1_86' title='bbox 2154 1867 2298 1912; x_wconf 85' lang='lat' dir='ltr'><strong>eum</strong></span> <span class='ocrx_word' id='word_1_87' title='bbox 2327 1850 2610 1931; x_wconf 75' lang='lat' dir='ltr'><strong>sequenti</strong></span> <span class='ocrx_word' id='word_1_88' title='bbox 2638 1849 3034 1917; x_wconf 81' lang='lat' dir='ltr'><strong>hebdomade</strong></span> 
     </span>
     <span class='ocr_line' id='line_1_14' title="bbox 794 1944 3033 2035; baseline 0 -22"><span class='ocrx_word' id='word_1_89' title='bbox 794 1947 1086 2013; x_wconf 87' lang='lat' dir='ltr'><strong>Armenis</strong></span> <span class='ocrx_word' id='word_1_90' title='bbox 1116 1950 1211 2011; x_wconf 80' lang='lat' dir='ltr'><strong>est</strong></span> <span class='ocrx_word' id='word_1_91' title='bbox 1240 1944 1814 2023; x_wconf 72' lang='lat' dir='ltr'><strong>Aratechavor-atz‚</strong></span> <span class='ocrx_word' id='word_1_92' title='bbox 1867 1945 1928 2009; x_wconf 90' lang='lat' dir='ltr'><strong>h.</strong></span> <span class='ocrx_word' id='word_1_93' title='bbox 1960 1966 2012 2012; x_wconf 90' lang='lat' dir='ltr'><strong>e.</strong></span> <span class='ocrx_word' id='word_1_94' title='bbox 2041 1946 2348 2031; x_wconf 76' lang='lat' dir='ltr'><strong>praeviae</strong></span> <span class='ocrx_word' id='word_1_95' title='bbox 2379 1944 2821 2029; x_wconf 74' lang='lat' dir='ltr'><strong>abstinentiae,</strong></span> <span class='ocrx_word' id='word_1_96' title='bbox 2841 1972 3033 2035; x_wconf 82' lang='lat' dir='ltr'><strong>prae·</strong></span> 
     </span>
     <span class='ocr_line' id='line_1_15' title="bbox 795 2044 3030 2134; baseline 0.001 -24"><span class='ocrx_word' id='word_1_97' title='bbox 795 2047 1092 2124; x_wconf 76' lang='lat' dir='ltr'><strong>euntium,</strong></span> <span class='ocrx_word' id='word_1_98' title='bbox 1142 2044 1661 2131; x_wconf 74' lang='lat' dir='ltr'><strong>praecedentium</strong></span> <span class='ocrx_word' id='word_1_99' title='bbox 1691 2045 2121 2134; x_wconf 77' lang='lat' dir='ltr'><strong>jejuniorum:</strong></span> <span class='ocrx_word' id='word_1_100' title='bbox 2180 2045 2357 2128; x_wconf 83' lang='lat' dir='ltr'><strong>eujus</strong></span> <span class='ocrx_word' id='word_1_101' title='bbox 2417 2046 2686 2111; x_wconf 87' lang='lat' dir='ltr'><strong>nominis</strong></span> <span class='ocrx_word' id='word_1_102' title='bbox 2747 2048 3030 2113; x_wconf 79' lang='lat' dir='ltr'><strong>viciniam</strong></span> 
     </span>
     <span class='ocr_line' id='line_1_16' title="bbox 794 2140 3031 2228; baseline -0 -18"><span class='ocrx_word' id='word_1_103' title='bbox 794 2163 936 2209; x_wconf 86' lang='lat' dir='ltr'><strong>cum</strong></span> <span class='ocrx_word' id='word_1_104' title='bbox 984 2143 1432 2209; x_wconf 77' lang='lat' dir='ltr'><strong>recentioribus</strong></span> <span class='ocrx_word' id='word_1_105' title='bbox 1490 2142 1808 2207; x_wconf 80' lang='lat' dir='ltr'><strong>vocabulis</strong></span> <span class='ocrx_word' id='word_1_106' title='bbox 1854 2140 2299 2228; x_wconf 74' lang='grc' dir='ltr'><strong><em>ἅρτζιβοῦριον</em></strong></span> <span class='ocrx_word' id='word_1_107' title='bbox 2345 2144 2726 2209; x_wconf 71' lang='lat' dir='ltr'><strong>Graecorum</strong></span> <span class='ocrx_word' id='word_1_108' title='bbox 2788 2152 2850 2211; x_wconf 86' lang='lat' dir='ltr'><strong>et</strong></span> <span class='ocrx_word' id='word_1_109' title='bbox 2894 2147 3031 2209; x_wconf 76' lang='lat' dir='ltr'><strong>har·</strong></span> 
     </span>
     <span class='ocr_line' id='line_1_17' title="bbox 796 2240 2146 2324; baseline -0.001 -17"><span class='ocrx_word' id='word_1_110' title='bbox 796 2244 951 2308; x_wconf 77' lang='lat' dir='ltr'><strong>tim-i</strong></span> <span class='ocrx_word' id='word_1_111' title='bbox 996 2242 1420 2307; x_wconf 86' lang='lat' dir='ltr'><strong>Bumenorum</strong></span> <span class='ocrx_word' id='word_1_112' title='bbox 1471 2240 1651 2306; x_wconf 79' lang='lat' dir='ltr'><strong>facile</strong></span> <span class='ocrx_word' id='word_1_113' title='bbox 1697 2240 2146 2324; x_wconf 80' lang='lat' dir='ltr'><strong>deprehendes,</strong></span> 
     </span>
    </p>
   </div>
   <div class='ocr_carea' id='block_1_7' title="bbox 969 2412 2840 2507">
    <p class='ocr_par' dir='ltr' id='par_1_8' title="bbox 969 2412 2840 2507">
     <span class='ocr_line' id='line_1_18' title="bbox 969 2412 2840 2507; baseline 0.001 -23"><span class='ocrx_word' id='word_1_114' title='bbox 969 2418 1282 2503; x_wconf 80' lang='grc' dir='ltr'><strong><em>Ἑβδομὰς</em></strong></span> <span class='ocrx_word' id='word_1_115' title='bbox 1324 2417 1862 2507; x_wconf 71' lang='grc' dir='ltr'><strong><em>προςφωνήσιμος</em></strong></span> <span class='ocrx_word' id='word_1_116' title='bbox 1909 2417 2046 2506; x_wconf 72' lang='grc' dir='ltr'><strong><em>ἤτοι</em></strong></span> <span class='ocrx_word' id='word_1_117' title='bbox 2093 2423 2208 2483; x_wconf 88' lang='grc' dir='ltr'><strong>τοῦ</strong></span> <span class='ocrx_word' id='word_1_118' title='bbox 2255 2416 2719 2505; x_wconf 78' lang='grc' dir='ltr'><strong><em>ἅρτζιβουρίου.</em></strong></span> <span class='ocrx_word' id='word_1_119' title='bbox 2835 2412 2840 2419; x_wconf 65' lang='grc'><strong>’</strong></span> 
     </span>
    </p>
   </div>
   <div class='ocr_carea' id='block_1_8' title="bbox 793 2579 3034 2769">
    <p class='ocr_par' dir='ltr' id='par_1_9' title="bbox 793 2579 3034 2769">
     <span class='ocr_line' id='line_1_19' title="bbox 970 2579 3034 2669; baseline 0 -21"><span class='ocrx_word' id='word_1_120' title='bbox 970 2582 1306 2648; x_wconf 84' lang='lat' dir='ltr'><strong>Ruthen.</strong></span> <span class='ocrx_word' id='word_1_121' title='bbox 1372 2579 1737 2669; x_wconf 74' lang='lat' dir='ltr'><strong>zaqalnicja</strong></span> <span class='ocrx_word' id='word_1_122' title='bbox 1797 2582 1926 2645; x_wconf 84' lang='lat' dir='ltr'><strong>sive</strong></span> <span class='ocrx_word' id='word_1_123' title='bbox 1982 2580 2257 2644; x_wconf 71' lang='lat' dir='ltr'><strong>cedmica</strong></span> <span class='ocrx_word' id='word_1_124' title='bbox 2319 2582 2592 2666; x_wconf 72' lang='lat' dir='ltr'><strong>zayalna</strong></span> <span class='ocrx_word' id='word_1_125' title='bbox 2640 2580 3034 2667; x_wconf 55' lang='lat' dir='ltr'><strong>(monemu-</strong></span> 
     </span>
     <span class='ocr_line' id='line_1_20' title="bbox 793 2679 2667 2769; baseline 0 -23"><span class='ocrx_word' id='word_1_126' title='bbox 793 2680 973 2769; x_wconf 80' lang='grc' dir='ltr'><strong><em>νός),·</em></strong></span> <span class='ocrx_word' id='word_1_127' title='bbox 1018 2701 1317 2747; x_wconf 87' lang='lat' dir='ltr'><strong>rumen.</strong></span> <span class='ocrx_word' id='word_1_128' title='bbox 1366 2680 1539 2744; x_wconf 67' lang='lat' dir='ltr'><strong>hav-ti</strong></span> <span class='ocrx_word' id='word_1_129' title='bbox 1584 2680 1711 2746; x_wconf 86' lang='lat' dir='ltr'><strong>sive</strong></span> <span class='ocrx_word' id='word_1_130' title='bbox 1759 2680 1915 2744; x_wconf 62' lang='lat' dir='ltr'><strong>hirti</strong></span> <span class='ocrx_word' id='word_1_131' title='bbox 1961 2680 2088 2745; x_wconf 90' lang='lat' dir='ltr'><strong>sive</strong></span> <span class='ocrx_word' id='word_1_132' title='bbox 2137 2679 2323 2745; x_wconf 85' lang='lat' dir='ltr'><strong>etiam</strong></span> <span class='ocrx_word' id='word_1_133' title='bbox 2371 2680 2667 2747; x_wconf 77' lang='lat' dir='ltr'><strong>hartiuri.</strong></span> 
     </span>
    </p>
   </div>
   <div class='ocr_carea' id='block_1_9' title="bbox 965 2840 3038 2926">
    <p class='ocr_par' dir='ltr' id='par_1_10' title="bbox 965 2840 3038 2926">
     <span class='ocr_line' id='line_1_21' title="bbox 965 2840 3038 2926; baseline 0 -18"><span class='ocrx_word' id='word_1_134' title='bbox 965 2842 1357 2920; x_wconf 77' lang='lat' dir='ltr'><strong>Hebdoma8‚</strong></span> <span class='ocrx_word' id='word_1_135' title='bbox 1424 2862 1581 2925; x_wconf 88' lang='lat' dir='ltr'><strong>quae</strong></span> <span class='ocrx_word' id='word_1_136' title='bbox 1634 2840 2176 2926; x_wconf 68' lang='lat' dir='ltr'><strong>septuagesimam</strong></span> <span class='ocrx_word' id='word_1_137' title='bbox 2229 2844 2569 2919; x_wconf 74' lang='lat' dir='ltr'><strong>antecedit,</strong></span> <span class='ocrx_word' id='word_1_138' title='bbox 2636 2845 2894 2910; x_wconf 76' lang='lat' dir='ltr'><strong>Graecis</strong></span> <span class='ocrx_word' id='word_1_139' title='bbox 2943 2850 3038 2909; x_wconf 87' lang='lat' dir='ltr'><strong>est</strong></span> 
     </span>
    </p>
   </div>
   <div class='ocr_carea' id='block_1_10' title="bbox 790 2937 3041 4142">
    <p class='ocr_par' dir='ltr' id='par_1_11' title="bbox 790 2937 3041 4142">
     <span class='ocr_line' id='line_1_22' title="bbox 790 2937 3037 3029; baseline -0 -23"><span class='ocrx_word' id='word_1_140' title='bbox 790 2938 1327 3029; x_wconf 81' lang='grc' dir='ltr'><strong><em>προςφωνήσιμος</em></strong></span> <span class='ocrx_word' id='word_1_141' title='bbox 1373 2941 1503 3005; x_wconf 88' lang='lat' dir='ltr'><strong>sive</strong></span> <span class='ocrx_word' id='word_1_142' title='bbox 1547 2943 1658 3026; x_wconf 80' lang='grc' dir='ltr'><strong>τῆς</strong></span> <span class='ocrx_word' id='word_1_143' title='bbox 1685 2937 2210 3026; x_wconf 79' lang='grc' dir='ltr'><strong><em>προςφωνήσεως,</em></strong></span> <span class='ocrx_word' id='word_1_144' title='bbox 2261 2938 2411 3005; x_wconf 84' lang='lat' dir='ltr'><strong>alias</strong></span> <span class='ocrx_word' id='word_1_145' title='bbox 2459 2942 2643 3006; x_wconf 84' lang='lat' dir='ltr'><strong>etiam</strong></span> <span class='ocrx_word' id='word_1_146' title='bbox 2693 2939 3037 3029; x_wconf 75' lang='grc' dir='ltr'><strong>προφωνή-</strong></span> 
     </span>
     <span class='ocr_line' id='line_1_23' title="bbox 796 3039 1978 3127; baseline 0 -22"><span class='ocrx_word' id='word_1_147' title='bbox 796 3061 984 3125; x_wconf 84' lang='grc' dir='ltr'><strong><em>σιμος</em></strong></span> <span class='ocrx_word' id='word_1_148' title='bbox 1030 3044 1093 3106; x_wconf 89' lang='lat' dir='ltr'><strong>et</strong></span> <span class='ocrx_word' id='word_1_149' title='bbox 1137 3043 1249 3127; x_wconf 76' lang='grc' dir='ltr'><strong>τῆς</strong></span> <span class='ocrx_word' id='word_1_150' title='bbox 1293 3042 1673 3126; x_wconf 76' lang='grc' dir='ltr'><strong>προςφωνῆς</strong></span> <span class='ocrx_word' id='word_1_151' title='bbox 1719 3039 1885 3104; x_wconf 89' lang='lat' dir='ltr'><strong>dieta</strong></span> <span class='ocrx_word' id='word_1_152' title='bbox 1909 3039 1978 3123; x_wconf 88' lang='lat'><strong>¹).</strong></span> 
     </span>
     <span class='ocr_line' id='line_1_24' title="bbox 975 3162 3034 3248; baseline -0 -17"><span class='ocrx_word' id='word_1_153' title='bbox 975 3165 1263 3231; x_wconf 87' lang='lat' dir='ltr'><strong>Nominis</strong></span> <span class='ocrx_word' id='word_1_154' title='bbox 1289 3165 1594 3230; x_wconf 84' lang='lat' dir='ltr'><strong>rationem</strong></span> <span class='ocrx_word' id='word_1_155' title='bbox 1620 3162 1800 3229; x_wconf 85' lang='lat' dir='ltr'><strong>affert</strong></span> <span class='ocrx_word' id='word_1_156' title='bbox 1823 3163 1884 3228; x_wconf 90' lang='lat' dir='ltr'>N</span> <span class='ocrx_word' id='word_1_157' title='bbox 1899 3164 2223 3248; x_wconf 84' lang='lat' dir='ltr'><strong>ieephor.</strong></span> <span class='ocrx_word' id='word_1_158' title='bbox 2261 3163 2545 3229; x_wconf 84' lang='lat' dir='ltr'><strong>Gallist.</strong></span> <span class='ocrx_word' id='word_1_159' title='bbox 2590 3166 2651 3229; x_wconf 89' lang='lat' dir='ltr'><strong>in</strong></span> <span class='ocrx_word' id='word_1_160' title='bbox 2679 3166 3034 3248; x_wconf 83' lang='lat' dir='ltr'><strong>synaxario:</strong></span> 
     </span>
     <span class='ocr_line' id='line_1_25' title="bbox 887 3267 3036 3357; baseline 0 -21"><span class='ocrx_word' id='word_1_161' title='bbox 887 3269 1129 3356; x_wconf 83' lang='grc' dir='ltr'><em>Ὥςπερ</em></span> <span class='ocrx_word' id='word_1_162' title='bbox 1190 3270 1307 3356; x_wconf 77' lang='grc' dir='ltr'><strong>γὰρ</strong></span> <span class='ocrx_word' id='word_1_163' title='bbox 1367 3267 1425 3336; x_wconf 71' lang='grc' dir='ltr'><strong>οἳ</strong></span> <span class='ocrx_word' id='word_1_164' title='bbox 1492 3270 1659 3355; x_wconf 73' lang='grc' dir='ltr'><em>πρὸς</em></span> <span class='ocrx_word' id='word_1_165' title='bbox 1711 3269 1863 3347; x_wconf 73' lang='grc' dir='ltr'><strong>τούς</strong></span> <span class='ocrx_word' id='word_1_166' title='bbox 2078 3271 2619 3352; x_wconf 81' lang='lat' dir='ltr'><strong>Quemadmodum</strong></span> <span class='ocrx_word' id='word_1_167' title='bbox 2668 3272 2865 3348; x_wconf 84' lang='lat' dir='ltr'><strong>enim,</strong></span> <span class='ocrx_word' id='word_1_168' title='bbox 2932 3275 3036 3357; x_wconf 87' lang='lat' dir='ltr'><strong>qui</strong></span> 
     </span>
     <span class='ocr_line' id='line_1_26' title="bbox 792 3366 3038 3455; baseline 0 -19"><span class='ocrx_word' id='word_1_169' title='bbox 792 3369 1194 3454; x_wconf 80' lang='grc' dir='ltr'><strong><em>σωματικούς</em></strong></span> <span class='ocrx_word' id='word_1_170' title='bbox 1240 3369 1565 3453; x_wconf 80' lang='grc' dir='ltr'><em>πολέμους</em></span> <span class='ocrx_word' id='word_1_171' title='bbox 1596 3366 1861 3433; x_wconf 78' lang='grc' dir='ltr'><em>ἀπιέναι</em></span> <span class='ocrx_word' id='word_1_172' title='bbox 1972 3371 2048 3434; x_wconf 82' lang='lat' dir='ltr'><strong>ad</strong></span> <span class='ocrx_word' id='word_1_173' title='bbox 2116 3389 2444 3452; x_wconf 77' lang='lat' dir='ltr'><strong>corporeos</strong></span> <span class='ocrx_word' id='word_1_174' title='bbox 2512 3370 2834 3435; x_wconf 84' lang='lat' dir='ltr'><strong>eonflietus</strong></span> <span class='ocrx_word' id='word_1_175' title='bbox 2899 3391 3038 3455; x_wconf 89' lang='lat' dir='ltr'><strong>pro·</strong></span> 
     </span>
     <span class='ocr_line' id='line_1_27' title="bbox 792 3466 3040 3554; baseline 0 -21"><span class='ocrx_word' id='word_1_176' title='bbox 792 3468 1131 3554; x_wconf 78' lang='grc' dir='ltr'><strong><em>μέλλοντες</em></strong></span> <span class='ocrx_word' id='word_1_177' title='bbox 1198 3466 1328 3533; x_wconf 75' lang='grc' dir='ltr'><strong>ὑπὸ</strong></span> <span class='ocrx_word' id='word_1_178' title='bbox 1395 3473 1525 3533; x_wconf 83' lang='grc' dir='ltr'><strong>τῶν</strong></span> <span class='ocrx_word' id='word_1_179' title='bbox 1589 3487 1861 3553; x_wconf 78' lang='grc' dir='ltr'><strong><em>στρατη·</em></strong></span> <span class='ocrx_word' id='word_1_180' title='bbox 1969 3468 2244 3552; x_wconf 87' lang='lat' dir='ltr'><strong>gressuri</strong></span> <span class='ocrx_word' id='word_1_181' title='bbox 2304 3472 2479 3545; x_wconf 86' lang='lat' dir='ltr'><strong>sunt,</strong></span> <span class='ocrx_word' id='word_1_182' title='bbox 2543 3488 2581 3531; x_wconf 85' lang='lat' dir='ltr'><strong>a</strong></span> <span class='ocrx_word' id='word_1_183' title='bbox 2639 3468 2902 3533; x_wconf 80' lang='lat' dir='ltr'><strong>ducibus</strong></span> <span class='ocrx_word' id='word_1_184' title='bbox 2961 3470 3040 3533; x_wconf 91' lang='lat' dir='ltr'><strong>de</strong></span> 
     </span>
     <span class='ocr_line' id='line_1_28' title="bbox 792 3563 3036 3653; baseline 0 -22"><span class='ocrx_word' id='word_1_185' title='bbox 792 3573 919 3653; x_wconf 81' lang='grc' dir='ltr'><strong>γῶν</strong></span> <span class='ocrx_word' id='word_1_186' title='bbox 978 3566 1093 3631; x_wconf 80' lang='grc' dir='ltr'><strong>τὸν</strong></span> <span class='ocrx_word' id='word_1_187' title='bbox 1145 3571 1261 3631; x_wconf 81' lang='grc' dir='ltr'><strong>τοῦ</strong></span> <span class='ocrx_word' id='word_1_188' title='bbox 1305 3564 1595 3651; x_wconf 83' lang='grc' dir='ltr'><strong>πολέμου</strong></span> <span class='ocrx_word' id='word_1_189' title='bbox 1640 3563 1865 3649; x_wconf 78' lang='grc' dir='ltr'><strong><em>καιρὸν</em></strong></span> <span class='ocrx_word' id='word_1_190' title='bbox 1972 3585 2216 3651; x_wconf 85' lang='lat' dir='ltr'><strong>pugnae</strong></span> <span class='ocrx_word' id='word_1_191' title='bbox 2239 3570 2519 3649; x_wconf 90' lang='lat' dir='ltr'><strong>tempore</strong></span> <span class='ocrx_word' id='word_1_192' title='bbox 2535 3571 3036 3649; x_wconf 78' lang='lat' dir='ltr'><strong>praemonentur,</strong></span> 
     </span>
     <span class='ocr_line' id='line_1_29' title="bbox 792 3661 3036 3749; baseline -0.001 -18"><span class='ocrx_word' id='word_1_193' title='bbox 792 3663 1469 3749; x_wconf 72' lang='grc' dir='ltr'><strong><em>προεκμανθάνουσιν,</em></strong></span> <span class='ocrx_word' id='word_1_194' title='bbox 1528 3663 1615 3742; x_wconf 78' lang='grc' dir='ltr'><strong>ὠς</strong></span> <span class='ocrx_word' id='word_1_195' title='bbox 1661 3661 1739 3728; x_wconf 73' lang='grc' dir='ltr'><strong>ἂν</strong></span> <span class='ocrx_word' id='word_1_196' title='bbox 1782 3662 1862 3727; x_wconf 79' lang='grc' dir='ltr'><strong>τὰ</strong></span> <span class='ocrx_word' id='word_1_197' title='bbox 1972 3668 2040 3729; x_wconf 89' lang='lat' dir='ltr'><strong>ut</strong></span> <span class='ocrx_word' id='word_1_198' title='bbox 2087 3664 2444 3749; x_wconf 81' lang='lat' dir='ltr'><strong>expurgatis</strong></span> <span class='ocrx_word' id='word_1_199' title='bbox 2485 3664 2739 3729; x_wconf 88' lang='lat' dir='ltr'><strong>ensibus</strong></span> <span class='ocrx_word' id='word_1_200' title='bbox 2766 3663 3036 3728; x_wconf 84' lang='lat' dir='ltr'><strong>illustra-</strong></span> 
     </span>
     <span class='ocr_line' id='line_1_30' title="bbox 790 3760 3038 3852; baseline 0 -24"><span class='ocrx_word' id='word_1_201' title='bbox 790 3760 950 3852; x_wconf 80' lang='grc' dir='ltr'><em>ξίφη</em></span> <span class='ocrx_word' id='word_1_202' title='bbox 995 3762 1509 3849; x_wconf 72' lang='grc' dir='ltr'><strong><em>διακαθάραιτες</em></strong></span> <span class='ocrx_word' id='word_1_203' title='bbox 1546 3760 1653 3827; x_wconf 82' lang='grc' dir='ltr'><strong>καὶ</strong></span> <span class='ocrx_word' id='word_1_204' title='bbox 1683 3762 1861 3826; x_wconf 82' lang='grc' dir='ltr'><strong><em>στιλ-</em></strong></span> <span class='ocrx_word' id='word_1_205' title='bbox 1973 3762 2195 3845; x_wconf 65' lang='lat' dir='ltr'><strong>nsque,</strong></span> <span class='ocrx_word' id='word_1_206' title='bbox 2214 3767 2274 3826; x_wconf 86' lang='lat' dir='ltr'><strong>et</strong></span> <span class='ocrx_word' id='word_1_207' title='bbox 2292 3761 2546 3845; x_wconf 89' lang='lat' dir='ltr'><strong>reliquis</strong></span> <span class='ocrx_word' id='word_1_208' title='bbox 2564 3762 2854 3827; x_wconf 88' lang='lat' dir='ltr'><strong>omnibus</strong></span> <span class='ocrx_word' id='word_1_209' title='bbox 2870 3783 3038 3828; x_wconf 88' lang='lat' dir='ltr'><strong>eom-</strong></span> 
     </span>
     <span class='ocr_line' id='line_1_31' title="bbox 790 3860 3038 3947; baseline -0.001 -20"><span class='ocrx_word' id='word_1_210' title='bbox 790 3861 1153 3947; x_wconf 78' lang='grc' dir='ltr'><strong><em>βώσαντες,</em></strong></span> <span class='ocrx_word' id='word_1_211' title='bbox 1218 3860 1326 3926; x_wconf 80' lang='grc' dir='ltr'><strong>καὶ</strong></span> <span class='ocrx_word' id='word_1_212' title='bbox 1383 3861 1587 3926; x_wconf 71' lang='grc' dir='ltr'><strong><em>τᾶλλα</em></strong></span> <span class='ocrx_word' id='word_1_213' title='bbox 1646 3860 1863 3925; x_wconf 79' lang='grc' dir='ltr'><strong><em>πάντα</em></strong></span> <span class='ocrx_word' id='word_1_214' title='bbox 1971 3860 2153 3924; x_wconf 87' lang='lat' dir='ltr'><strong>mode</strong></span> <span class='ocrx_word' id='word_1_215' title='bbox 2201 3860 2578 3942; x_wconf 84' lang='lat' dir='ltr'><strong>praeparatis</strong></span> <span class='ocrx_word' id='word_1_216' title='bbox 2625 3865 2688 3924; x_wconf 90' lang='lat' dir='ltr'><strong>et</strong></span> <span class='ocrx_word' id='word_1_217' title='bbox 2729 3860 2972 3925; x_wconf 80' lang='lat' dir='ltr'><strong>sublato</strong></span> <span class='ocrx_word' id='word_1_218' title='bbox 3004 3883 3038 3926; x_wconf 89' lang='lat' dir='ltr'><strong>e</strong></span> 
     </span>
     <span class='ocr_line' id='line_1_32' title="bbox 792 3956 3038 4045; baseline 0 -21"><span class='ocrx_word' id='word_1_219' title='bbox 792 3960 1003 4038; x_wconf 80' lang='grc' dir='ltr'><strong><em>καλῶς</em></strong></span> <span class='ocrx_word' id='word_1_220' title='bbox 1071 3958 1678 4045; x_wconf 81' lang='grc' dir='ltr'><strong><em>διασκευασάμενοι,</em></strong></span> <span class='ocrx_word' id='word_1_221' title='bbox 1753 3956 1860 4022; x_wconf 83' lang='grc' dir='ltr'><strong>καὶ</strong></span> <span class='ocrx_word' id='word_1_222' title='bbox 1972 3958 2176 4022; x_wconf 85' lang='lat' dir='ltr'><strong>medio</strong></span> <span class='ocrx_word' id='word_1_223' title='bbox 2237 3957 2536 4040; x_wconf 84' lang='lat' dir='ltr'><strong>quidquid</strong></span> <span class='ocrx_word' id='word_1_224' title='bbox 2593 3957 3038 4041; x_wconf 84' lang='lat' dir='ltr'><strong>impedimento</strong></span> 
     </span>
     <span class='ocr_line' id='line_1_33' title="bbox 794 4054 3041 4142; baseline 0 -20"><span class='ocrx_word' id='word_1_225' title='bbox 794 4063 928 4123; x_wconf 83' lang='grc' dir='ltr'><strong>πᾶν</strong></span> <span class='ocrx_word' id='word_1_226' title='bbox 987 4057 1293 4142; x_wconf 75' lang='grc' dir='ltr'><strong>ἐμποδών</strong></span> <span class='ocrx_word' id='word_1_227' title='bbox 1352 4057 1423 4122; x_wconf 76' lang='grc' dir='ltr'><strong>ἐκ</strong></span> <span class='ocrx_word' id='word_1_228' title='bbox 1480 4057 1679 4140; x_wconf 80' lang='grc' dir='ltr'><strong><em>μέσου</em></strong></span> <span class='ocrx_word' id='word_1_229' title='bbox 1739 4078 1859 4120; x_wconf 79' lang='grc' dir='ltr'><strong>πε·</strong></span> <span class='ocrx_word' id='word_1_230' title='bbox 1971 4075 2108 4120; x_wconf 89' lang='lat' dir='ltr'><strong>esse</strong></span> <span class='ocrx_word' id='word_1_231' title='bbox 2133 4058 2356 4138; x_wconf 81' lang='lat' dir='ltr'><strong>potest,</strong></span> <span class='ocrx_word' id='word_1_232' title='bbox 2385 4056 2722 4119; x_wconf 76' lang='lat' dir='ltr'><strong>certamina</strong></span> <span class='ocrx_word' id='word_1_233' title='bbox 2754 4054 3041 4123; x_wconf 79' lang='lat' dir='ltr'><strong>alacriter</strong></span> 
     </span>
    </p>
   </div>
   <div class='ocr_carea' id='block_1_11' title="bbox 796 4230 3040 4550">
    <p class='ocr_par' dir='ltr' id='par_1_12' title="bbox 796 4230 3040 4550">
     <span class='ocr_line' id='line_1_34' title="bbox 979 4230 3036 4302; baseline -0.002 -10"><span class='ocrx_word' id='word_1_234' title='bbox 979 4238 1018 4300; x_wconf 77' lang='lat'><strong>¹)</strong></span> <span class='ocrx_word' id='word_1_235' title='bbox 1059 4239 1164 4292; x_wconf 84' lang='lat' dir='ltr'><strong>Cfr.</strong></span> <span class='ocrx_word' id='word_1_236' title='bbox 1209 4237 1481 4290; x_wconf 68' lang='lat' dir='ltr'><strong>Catecltes.</strong></span> <span class='ocrx_word' id='word_1_237' title='bbox 1520 4235 1754 4289; x_wconf 81' lang='lat' dir='ltr'><strong>chronic.</strong></span> <span class='ocrx_word' id='word_1_238' title='bbox 1803 4252 1851 4288; x_wconf 92' lang='lat' dir='ltr'><strong>n.</strong></span> <span class='ocrx_word' id='word_1_239' title='bbox 1891 4237 1925 4286; x_wconf 73' lang='lat'><strong>8</strong></span> <span class='ocrx_word' id='word_1_240' title='bbox 1978 4234 2136 4298; x_wconf 84' lang='lat' dir='ltr'><strong>(inter</strong></span> <span class='ocrx_word' id='word_1_241' title='bbox 2186 4248 2342 4301; x_wconf 86' lang='lat' dir='ltr'><strong>opera</strong></span> <span class='ocrx_word' id='word_1_242' title='bbox 2395 4248 2435 4285; x_wconf 81' lang='lat' dir='ltr'><strong>s,</strong></span> <span class='ocrx_word' id='word_1_243' title='bbox 2475 4230 2727 4286; x_wconf 85' lang='lat' dir='ltr'><strong>Theodori</strong></span> <span class='ocrx_word' id='word_1_244' title='bbox 2775 4233 3036 4302; x_wconf 82' lang='lat' dir='ltr'><strong>Studitae)</strong></span> 
     </span>
     <span class='ocr_line' id='line_1_35' title="bbox 796 4311 3040 4387; baseline -0.001 -16"><span class='ocrx_word' id='word_1_245' title='bbox 796 4318 929 4387; x_wconf 83' lang='lat' dir='ltr'><strong>apud</strong></span> <span class='ocrx_word' id='word_1_246' title='bbox 970 4317 1158 4386; x_wconf 82' lang='lat' dir='ltr'><strong>Migne,</strong></span> <span class='ocrx_word' id='word_1_247' title='bbox 1198 4316 1340 4370; x_wconf 88' lang='lat' dir='ltr'><strong>Patr.</strong></span> <span class='ocrx_word' id='word_1_248' title='bbox 1378 4333 1457 4385; x_wconf 84' lang='lat' dir='ltr'><strong>gr.</strong></span> <span class='ocrx_word' id='word_1_249' title='bbox 1497 4321 1619 4368; x_wconf 90' lang='lat' dir='ltr'><strong>tom.</strong></span> <span class='ocrx_word' id='word_1_250' title='bbox 1658 4317 1743 4378; x_wconf 72' lang='lat'><strong>99,</strong></span> <span class='ocrx_word' id='word_1_251' title='bbox 1785 4330 1868 4383; x_wconf 88' lang='lat' dir='ltr'><strong>pp.</strong></span> <span class='ocrx_word' id='word_1_252' title='bbox 1908 4313 2283 4376; x_wconf 72' lang='lat'>1697—1698‚</span> <span class='ocrx_word' id='word_1_253' title='bbox 2335 4312 2416 4364; x_wconf 82' lang='lat' dir='ltr'><strong>ubi</strong></span> <span class='ocrx_word' id='word_1_254' title='bbox 2455 4311 2790 4365; x_wconf 77' lang='lat' dir='ltr'><strong>hebdomada</strong></span> <span class='ocrx_word' id='word_1_255' title='bbox 2817 4315 3040 4382; x_wconf 80' lang='lat' dir='ltr'><strong>procla-</strong></span> 
     </span>
     <span class='ocr_line' id='line_1_36' title="bbox 798 4392 3040 4463; baseline -0.001 -12"><span class='ocrx_word' id='word_1_256' title='bbox 798 4396 1054 4451; x_wconf 79' lang='lat' dir='ltr'><strong>mationis</strong></span> <span class='ocrx_word' id='word_1_257' title='bbox 1088 4397 1328 4458; x_wconf 77' lang='lat' dir='ltr'><strong>vertitur,</strong></span> <span class='ocrx_word' id='word_1_258' title='bbox 1367 4411 1399 4448; x_wconf 90' lang='lat' dir='ltr'><strong>a</strong></span> <span class='ocrx_word' id='word_1_259' title='bbox 1437 4394 1625 4448; x_wconf 86' lang='lat' dir='ltr'><strong>Card.</strong></span> <span class='ocrx_word' id='word_1_260' title='bbox 1666 4395 1795 4448; x_wconf 84' lang='lat' dir='ltr'><strong>Mai</strong></span> <span class='ocrx_word' id='word_1_261' title='bbox 1832 4399 2005 4447; x_wconf 85' lang='lat' dir='ltr'><strong>autem</strong></span> <span class='ocrx_word' id='word_1_262' title='bbox 2043 4409 2135 4462; x_wconf 90' lang='lat' dir='ltr'><strong>per</strong></span> <span class='ocrx_word' id='word_1_263' title='bbox 2172 4408 2398 4448; x_wconf 82' lang='lat' dir='ltr'><strong>errorem</strong></span> <span class='ocrx_word' id='word_1_264' title='bbox 2438 4408 2550 4445; x_wconf 85' lang='lat' dir='ltr'><strong>cum</strong></span> <span class='ocrx_word' id='word_1_265' title='bbox 2589 4393 2822 4463; x_wconf 83' lang='lat' dir='ltr'><strong>sequenti</strong></span> <span class='ocrx_word' id='word_1_266' title='bbox 2852 4392 3040 4450; x_wconf 87' lang='lat' dir='ltr'><strong>hebdo-</strong></span> 
     </span>
     <span class='ocr_line' id='line_1_37' title="bbox 797 4475 1791 4550; baseline -0.004 -17"><span class='ocrx_word' id='word_1_267' title='bbox 797 4476 949 4534; x_wconf 83' lang='lat' dir='ltr'><strong>mada</strong></span> <span class='ocrx_word' id='word_1_268' title='bbox 987 4475 1412 4550; x_wconf 84' lang='lat' dir='ltr'><strong>Septuagesimae</strong></span> <span class='ocrx_word' id='word_1_269' title='bbox 1451 4475 1791 4532; x_wconf 80' lang='lat' dir='ltr'><strong>confunditur.</strong></span> 
     </span>
    </p>
   </div>
   <div class='ocr_carea' id='block_1_12' title="bbox 3493 478 3496 1039">
    <p class='ocr_par' dir='ltr' id='par_1_13' title="bbox 3493 478 3496 1039">
     <span class='ocr_line' id='line_1_38' title="bbox 3493 478 3496 1039; baseline 0 0"><span class='ocrx_word' id='word_1_270' title='bbox 3493 478 3496 1039; x_wconf 95' lang='lat' dir='ltr'><strong> </strong></span> 
     </span>
    </p>
   </div>
  </div>
 </body>
</html>
