3514 5391
925 518 1031 573 650
1459 520 1635 571 Annus
1673 516 1798 571 eccl.
1835 516 2351 587 Syro-chaldaeorum
2384 515 2630 569 Malabar.

927 713 1093 770 nobis
1131 729 1303 784 quum
1333 713 1729 786 praecellenti
1752 712 2026 771 doctrina
2050 718 2173 769 tum
2197 710 2334 769 aliis
2360 710 2555 770 titulis
2577 711 2929 770 carissimis:
2964 709 3123 768 Bmo.

927 792 1301 866 Episcopo
1331 792 1609 852 Carolo
1637 790 2016 866 Lavigne,
2056 792 2303 852 Vicario
2324 791 2670 866 Apostolico
2692 790 3125 865 Cottayamensi‚

927 878 990 930 et
1025 872 1202 931 Rdo.
1240 874 1309 931 P.
1348 874 1635 932 Joanni
1671 873 1797 933 Ev-
1837 874 2151 941 HeIIer,
2209 890 2377 946 quem
2427 872 2697 947 superius
2735 873 2854 941 iam
2894 870 3127 930 laudavi·

928 970 1050 1011 mus
1088 971 1142 1027 p.
1183 954 1306 1012 141.
1379 955 1466 1013 Et
1490 956 1595 1013 ille
1623 955 1874 1028 quidem,
1912 955 2289 1014 Kalendario
2327 955 2620 1013 ecclesiae
2649 971 2792 1013 suae
2832 953 2893 1012 in
2917 953 3126 1012 authen·

926 1035 1049 1091 tica
1086 1033 1279 1092 forma
1318 1036 1831 1108 syro-chaldaica,
1890 1035 2224 1108 Europaeis
2266 1035 2459 1093 adhuc
2497 1035 2829 1107 incognita,
2881 1051 2988 1092 non
3022 1033 3126 1091 sine

925 1130 1069 1172 rara
1107 1115 1563 1174 benevolentiae
1622 1123 1686 1174 et
1724 1116 1943 1174 amoris
1993 1115 2431 1188 significatione
2484 1132 2517 1173 e
2566 1116 2882 1187 longinquo
2929 1113 3126 1172 oriente

931 1194 1125 1263 misso,
1179 1212 1322 1253 vere
1363 1213 1467 1254 nos
1505 1196 1741 1267 beavit3
1799 1196 1898 1255 hic
1948 1212 2091 1255 vero
2129 1196 2464 1269 linguarum
2513 1195 2888 1254 orientalium
2926 1194 3129 1269 peritis·
3164 1226 3165 1229 =

926 1275 1107 1332 simus
1146 1292 1217 1334 ac
1254 1276 1524 1348 legendis
1564 1278 1818 1349 syriacis
1858 1277 2394 1336 exercitatissimus
2431 1282 2499 1334 ut
2536 1282 2644 1344 est,
2699 1276 2959 1335 codicem
2992 1291 3130 1348 syro-

928 1355 1296 1414 chaldaicum
1325 1374 1500 1415 manu
1528 1364 1860 1430 exaratum,
1898 1358 1997 1431 qui
2014 1364 2261 1431 propter
2277 1357 2648 1431 peregrinas,
2688 1357 2957 1415 insolitas
2977 1363 3127 1428 atque

926 1435 1191 1494 occultas
1238 1437 1573 1511 scripturae
1625 1443 1797 1497 notas
1838 1439 2147 1497 admodum
2188 1443 2325 1497 erat
2361 1438 2523 1497 lectu
2563 1435 2859 1511 difficilis,
2906 1455 3012 1496 non
3046 1437 3130 1494 mi·

926 1515 1057 1573 nori
1094 1514 1394 1575 felicitate
1437 1536 1607 1592 quam
1650 1520 1911 1577 caritate
1953 1520 2256 1593 explicuit.
2310 1519 2608 1577 consuetis
2645 1519 2841 1577 literis
2878 1517 3132 1577 transcri-

925 1595 1062 1669 psit,
1103 1598 1308 1670 praelo
1348 1600 1591 1672 paravit
1627 1600 2195 1673 imprimendumque
2245 1599 2497 1658 curavit.
2574 1599 2744 1672 Quod
2794 1598 2948 1657 tanti
2981 1599 3131 1656 hene·

926 1675 1048 1734 ficii
1086 1694 1374 1737 memores
1410 1682 1705 1754 gratique,
1745 1698 1923 1754 opere
1957 1680 2084 1753 jam
2123 1679 2256 1740 fere
2297 1680 2583 1751 absoluto,
2634 1679 2850 1738 lectori
2885 1677 3130 1737 tenuibus

816 1786 820 1790 ·
927 1759 1145 1815 nostris
1184 1759 1489 1819 laboribus
1527 1778 1658 1819 mox
1694 1777 1872 1820 usuro
1909 1776 2025 1819 non
2063 1762 2356 1834 potuimus
2394 1776 2508 1819 non
2543 1761 2814 1833 prodere.

1105 1882 1441 1942 Historiam
1495 1885 1833 1959 praesentis
1887 1884 2253 1943 Kalendarii
2315 1901 2452 1957 syro
2471 1885 2492 1925 ὲ
2514 1884 2812 1955 chaldaici
2868 1882 3131 1942 ecclesiae

929 1963 1337 2021 malabaricae
1389 1981 1577 2037 nuper
1615 1966 2048 2025 illustravimus
2099 1965 2163 2023 in
2205 1963 2598 2030 „Zeitschrift
2631 1963 2735 2022 fiir
2769 1965 2933 2023 kath.
2969 1963 3130 2022 Theo·

927 2041 1135 2114 logie⁴,
1175 2043 1332 2115 1896,
1361 2043 1509 2103 fasc.
1528 2045 1580 2117 4,
1611 2047 1815 2104 multis
1841 2045 2206 2104 documentis
2235 2062 2307 2103 ex
2324 2045 2552 2119 triplici
2580 2045 2709 2119 ejus
2734 2045 2898 2105 fonte
2925 2044 3130 2103 allatis:

928 2139 1001 2179 ex
1047 2122 1288 2196 antiquo
1336 2125 1527 2195 Pinqit
1572 2126 1867 2185 ecclesiae
1905 2126 2475 2200 syro-chaldaicae,
2526 2143 2600 2184 ex
2635 2128 2902 2182 relatione
2935 2125 3136 2196 Joseplu‘

926 2202 1073 2269 Indi,
1110 2204 1442 2263 sacerdotis
1480 2207 1806 2265 nestoriani
1847 2208 2219 2275 malabarici,
2267 2224 2463 2266 coram
2502 2207 2853 2268 Alexandro
2888 2207 3004 2268 PP.
3038 2205 3131 2265 vi.

926 2279 1094 2341 facta
1133 2300 1224 2341 an.
1267 2285 1422 2359 1501,
1473 2304 1546 2345 ex
1581 2288 1819 2344 decretis
1851 2288 2050 2359 synodi
2081 2288 2536 2358 Diamperitanae
2586 2305 2683 2347 an.
2722 2290 2880 2361 1599,
2931 2288 3131 2361 quihuS,

926 2365 988 2415 at
1007 2363 1379 2433 particularis
1413 2368 1548 2423 haec
1585 2368 1810 2424 ecclesia
1848 2369 1905 2423 in
1933 2369 2107 2440 festis
2154 2372 2209 2423 et
2229 2369 2472 2438 jejuniis
2506 2385 2624 2425 cam
2664 2370 2910 2425 Ecclesia
2945 2368 3130 2424 univer-

927 2443 1040 2497 sali
1073 2447 1418 2515 consentiret,
1474 2449 1750 2521 antiquus
1802 2447 2092 2508 festorum
2140 2449 2282 2507 ordo
2335 2448 2486 2507 adeo
2534 2447 2651 2508 fuit
2688 2449 3034 2518 immutatus,
3076 2453 3133 2505 ut

930 2522 1140 2580 exinde
1181 2531 1338 2585 totus
1379 2529 1532 2588 alius
1569 2529 1897 2590 videretur.
1971 2530 2251 2604 Exempli
2301 2530 2505 2603 gratia
2556 2530 2923 2590 exhibuimus
2970 2535 3136 2588 statu·

929 2610 1051 2660 tum
1104 2604 1171 2659 de
1225 2606 1830 2665 Commemorationibus
1877 2611 2201 2666 Sanctorum
2218 2652 2235 2677 ,
2291 2627 2433 2682 quos
2482 2610 2636 2669 ritus
2684 2613 2950 2684 syriacus
2984 2608 3137 2682 feriis

928 2684 1105 2740 sextis
1141 2689 1268 2742 ante
1309 2688 1799 2762 Quadraqesimam
1838 2691 2288 2750 occurrentibus
2316 2691 2603 2764 assignat,
2643 2699 2707 2750 et
2732 2702 2825 2752 est
2850 2688 3134 2765 ejusmodi:

929 2766 1236 2832 „Declarat
1256 2775 1559 2839 praeterea
1582 2773 1841 2843 synodus,
1877 2789 1983 2828 non
2021 2790 2143 2828 esse
2177 2772 2483 2828 servandas
2518 2777 2777 2843 tanquam
2813 2775 3065 2829 solemnes
3094 2773 3138 2824 et

928 2848 1156 2916 speciali
1189 2852 1332 2905 cultu
1370 2853 1586 2922 dignas,
1623 2858 1684 2908 at
1719 2855 1922 2909 alicubi
1957 2859 2083 2909 erat
2116 2856 2173 2909 in
2210 2871 2335 2918 usa,
2370 2858 2563 2910 sextas
2588 2854 2783 2926 ferias
2805 2871 2839 2907 a
2868 2853 3137 2908 Nativitate

929 2944 1098 2997 nsque
1136 2929 1211 2983 ad
1248 2931 1737 3004 Quadra-amimam
1751 2951 1776 3004 ,·
1825 2941 1935 2990 tam
1974 2936 2103 3004 qaia
2140 2935 2334 2991 Sancti
2349 2975 2362 2992 .
2410 2935 2507 3005 qai
2553 2935 2609 2990 in
2659 2935 2929 3005 aliquibus
2970 2947 3134 2988 earnm

929 3008 1294 3078 celebrantur,
1342 3030 1473 3069 suos
1519 3015 1741 3070 aliunde
1785 3016 2096 3070 sortiuntur
2131 3015 2444 3086 desiqnatos
2478 3016 2807 3087 festivitatis
2851 3015 2995 3080 dies,
3043 3017 3135 3067 tum

930 3088 1092 3142 etiam
1132 3091 1258 3159 quia
1296 3096 1554 3150 nonnulla
1593 3096 1835 3166 ipsorum
1864 3100 2142 3168 festorum
2179 3099 2308 3150 sunt
2340 3096 2638 3151 haereticis
2673 3096 2873 3162 dicata,
2919 3099 2977 3149 ut
3007 3108 3137 3165 supe·

929 3168 1053 3222 rias
1088 3172 1409 3241 monuimus,
1466 3191 1600 3244 quos
1648 3177 1814 3247 nefas
1863 3180 1949 3230 est
1987 3177 2293 3244 festivitate
2342 3176 2537 3231 colere.
2628 3176 2832 3232 Vicat-ii
2862 3177 3038 3245 itaque
3068 3187 3136 3226 cu-

931 3252 1072 3314 rent,
1112 3252 1371 3321 populum
1397 3251 1694 3310 'Dominica
1733 3255 1825 3310 die
1860 3257 2007 3310 inter
2042 3257 2339 3311 missarum
2375 3257 2639 3312 solemnia
2677 3257 2965 3312 admonere
2990 3255 3136 3325 festo·

930 3346 1052 3384 rum
1092 3331 1243 3387 illias
1278 3334 1665 3402 hebdomadae,
1701 3341 1763 3392 at
1796 3337 1955 3404 sciat,
1992 3354 2130 3407 quae
2167 3338 2281 3392 sint
2314 3338 2401 3392 illi
2433 3337 2711 3393 colenda‘ss

1108 3420 1154 3479 J
1157 3439 1251 3479 am
1303 3440 1447 3482 vero
1499 3426 1728 3497 antiqui
1782 3425 1885 3484 isti
1937 3425 2131 3484 sancti
2186 3443 2223 3484 a
2261 3426 2384 3485 suis
2421 3425 2594 3486 feriis
2630 3427 2817 3485 sextis
2866 3420 3136 3483 translati.

931 3500 1086 3557 sicut
1121 3505 1457 3574 generatim
1497 3506 1725 3564 caeteri
1765 3523 1995 3574 omneS,
2045 3513 2187 3564 tunc
2224 3507 2477 3581 primum
2528 3523 2603 3564 ex
2636 3504 2816 3564 fastis
2851 3504 3048 3563 latinis
3088 3500 3134 3556 in

932 3586 1142 3630 novum
1182 3575 1507 3631 Sanctorum
1547 3577 1742 3648 Pinqit
1778 3579 2096 3652 assumpti,
2155 3594 2226 3636 ex
2265 3577 2509 3637 decreto
2533 3576 2985 3652 Diamperitano
3020 3586 3135 3631 suas

934 3657 1522 3715 commemorationes
1578 3656 1834 3717 festivas
1890 3659 2220 3717 sortiuntur
2274 3658 2420 3731 ipsis
2476 3658 2599 3716 illis
2656 3659 2892 3727 diebus,
2955 3653 3133 3727 quibus

932 3733 1155 3806 signati
1193 3743 1330 3794 suut
1380 3736 1439 3794 in
1479 3737 1911 3812 Martyrologio
1948 3738 2248 3810 Romano,
2299 3745 2368 3797 ut
2406 3739 2556 3797 adeo
2593 3737 3021 3796 Kalendarium
3054 3747 3132 3788 no·

929 3819 1120 3872 strum
1159 3817 1719 3888 syro-chaldaicum
1760 3817 1967 3877 formis
2006 3819 2215 3878 latinis
2250 3820 2533 3879 vestitum
2583 3823 2890 3892 appareat.
2958 3814 3046 3873 De
3076 3824 3133 3899 of>

934 3899 1133 3952 autem
1174 3895 1316 3954 nihil
1359 3899 1673 3971 speciatim
1713 3901 1937 3958 attinet
1976 3900 2206 3966 dicere,
2259 3899 2375 3958 nisi
2414 3900 2565 3972 quod
2604 3903 2839 3969 quatuor
2882 3898 2967 3952 his
2989 3892 3133 3965 fem

931 3992 976 4027 s.
1019 3974 1252 4031 Thomae
1289 3979 1537 4048 Apostoli
1571 3978 1916 4038 distinctum
1958 3979 2344 4053 conspicitur:

931 4099 988 4157 D
1007 4101 1023 4158 i
1042 4121 1072 4159 c
1110 4102 1162 4159 3.
1201 4102 1247 4161 J
1260 4104 1419 4161 ulii.
1495 4105 1716 4160 Festum
1745 4105 1992 4176 Apostoli
2021 4105 2274 4170 rhomae,
2311 4105 2373 4162 in
2399 4121 2514 4177 qua
2539 4104 2637 4162 die
2661 4103 2836 4175 juxta
2862 4095 3129 4160 nonnullos

1073 4183 1192 4242 fuit
1231 4187 1561 4244 translatus
1581 4185 1643 4255 ¹),
1692 4193 1755 4244 et
1793 4188 1963 4259 juxta
2002 4185 2152 4242 alios
2191 4184 2270 4242 ad
2307 4184 2416 4242 has
2455 4201 2591 4243 oras
2630 4184 2874 4258 appulit,
2912 4189 2972 4238 et
3003 4174 3129 4233 solet

1076 4266 1309 4324 servari
1367 4284 1438 4323 ex
1494 4268 1734 4339 antiquo
1790 4265 1967 4338 hujus
2023 4264 2380 4338 episcopalis
2436 4263 2613 4324 Sedis
2669 4267 2858 4322 more-‚⁸
2914 4250 3125 4330 (Syn0d·

1118 4472 1158 4540 ¹)
1197 4473 1312 4527 vid.
1351 4479 1389 4527 t.
1430 4476 1479 4542 1,
1520 4489 1567 4541 p.
1605 4473 1727 4526 478.
