3514 5391
834 526 1081 597 Κυριακῆ
1119 530 1209 592 τῆς
1245 527 1506 597 studueras.
1584 530 1854 586 Dominica
1891 531 2273 601 Sexagesimae.
2606 539 2676 595 37

430 720 812 809 προεόρτιον
838 726 892 811 ¹)
960 727 1267 810 quoddam
1333 731 1455 805 est,
1523 748 1645 812 quo
1706 729 1923 796 fideles
1986 732 2330 797 mediorum
2394 733 2672 798 ciborum

430 842 537 886 usu
605 823 913 907 paulatim
980 825 1057 889 ad
1123 823 1685 912 quadragesimalia
1748 829 2173 913 disponantur.
2284 830 2380 896 Ita
2424 831 2488 896 N
2505 833 2672 896 ice-

428 921 727 1005 phorus
762 921 1198 1002 Callistus,
1248 924 1313 990 in
1358 926 1686 1008 synaxario
1736 926 1980 992 sabbati
2025 931 2136 1014 τῆς
2164 932 2412 1015 τυρινῆς
2458 930 2494 1015 ξ
2541 932 2670 1009 fin„

427 1020 485 1085 in
529 1019 691 1098 lam,
742 1022 913 1106 quod
943 1041 1055 1105 per
1092 1020 1256 1087 hane
1293 1021 1753 1089 hebdomadem
1800 1025 2184 1104 observatur,
2225 1027 2463 1111 ejeJunio
2482 1050 2672 1113 prae-

428 1120 588 1182 viam
633 1121 1165 1207 eaepuryationem
1210 1121 1413 1205 videt,
1477 1144 1554 1186 ‘ne
1600 1122 1839 1189 scilieet
1886 1146 1966 1188 ex
2009 1123 2286 1210 inqluvie
2341 1126 2560 1190 statim
2603 1128 2675 1190 in

428 1220 704 1283 strictum
737 1221 1063 1309 jejunium
1125 1212 1251 1305 (εἷς
1296 1215 1493 1303 ἄκραν
1539 1216 1829 1307 ἀσιτίαν)
1896 1222 2113 1288 abacti
2168 1223 2420 1293 moleste
2463 1224 2673 1311 ferre·

426 1340 554 1382 mus
617 1328 677 1382 et
739 1320 1030 1405 corporis
1090 1318 1533 1383 constitutione
1594 1320 2024 1399 laederemur,
2096 1322 2208 1387 sed
2241 1322 2569 1410 paulatim
2616 1334 2675 1388 et

427 1417 651 1479 sensim
697 1414 934 1502 (ἥρέμα
964 1413 1072 1479 καὶ
1102 1414 1268 1480 κατὰ
1296 1413 1556 1504 μικρόν)
1605 1442 1647 1483 a
1677 1419 2300 1505 pinquefacientibus
2343 1423 2671 1507 yzwtuique

424 1515 718 1580 suavibus
766 1515 949 1601 Zonye
978 1512 1178 1602 facti,
1228 1526 1299 1580 ut
1343 1515 1606 1602 effrenes
1654 1517 1815 1603 equi,
1853 1538 1978 1603 per
2024 1518 2399 1583 diminutum
2446 1517 2667 1599 cibum,

409 1614 646 1703 jejunii
672 1614 988 1701 fraenum
1035 1615 1447 1702 excipiamus.
1563 1614 2101 1690 Quemadmodum
2161 1620 2331 1682 circa
2391 1618 2670 1682 animam

409 1737 530 1800 per
570 1710 935 1800 parabolas
971 1715 1465 1799 praestiterunt,
1531 1713 1631 1778 ita
1690 1725 1749 1778 et
1809 1714 1980 1779 circa
2039 1738 2267 1803 corpus
2323 1717 2670 1785 machinati

419 1823 580 1893 sunt,
615 1813 867 1903 jejunii
908 1810 1362 1899 impedimenta
1396 1812 1723 1899 paulatim
1771 1823 2233 1880 summoventes.

606 1994 702 2077 Ίῇ
743 1984 928 2077 τρίτῃ
970 1994 1080 2078 τῆς
1124 1987 1508 2077 τυροφάγου·
1555 1995 1666 2078 τῆς
1710 1988 2127 2078 κατηχήσεως.

591 2135 781 2201 Feria
823 2133 939 2202 ΙΠ.
988 2132 1173 2218 hujus
1221 2134 1606 2218 septimanae
1652 2153 1882 2201 nomen
1929 2137 2041 2220 τῆς
2072 2131 2472 2221 κατηχήσεως
2519 2136 2661 2200 inde

416 2234 625 2313 habet,
676 2234 825 2318 quia
870 2231 1224 2318 patriarcha
1258 2231 1384 2299 GP.
1434 2231 1733 2317 populum
1782 2252 1855 2298 eo
1904 2234 2003 2298 die
2052 2234 2130 2298 ad
2153 2234 2462 2318 Jejunium
2509 2255 2660 2317 qua-

414 2331 827 2419 dragesimale
874 2333 992 2398 rite
1039 2335 1375 2415 sancteque
1404 2331 1762 2396 obeundum
1810 2332 2427 2405 commonefaciebat,
2477 2332 2657 2411 datia,

414 2431 546 2498 loco
610 2431 1013 2516 antiquarum
1056 2451 1389 2516 royarum,
1456 2428 1887 2513 thymiamatis
1940 2449 2060 2500 ‚seu
2120 2430 2410 2496 incensis,
2506 2429 2661 2515 Legi

414 2531 489 2596 de
556 2529 676 2595 hac
732 2527 1125 2595 caeremonia
1181 2532 1388 2612 potest
1433 2526 1840 2594 Theodori
1905 2528 2413 2594 Balsamonis
2479 2525 2658 2590 'Em-

413 2625 605 2715 στολὴ
667 2623 854 2713 χάριν
917 2628 1049 2688 τῶν
1112 2621 1462 2708 διδομένων
1527 2621 1959 2710 θυμιαμάτων
2021 2624 2202 2714 παρὰ
2263 2629 2377 2690 τοῦ
2421 2645 2656 2709 πατρι-

413 2724 625 2812 άρχου,
671 2722 840 2789 κατὰ
886 2722 1003 2814 τὴν
1046 2720 1282 2809 4ἑμέραν
1325 2728 1436 2812 τῆς
1481 2722 1885 2812 κατηχήσεως
1907 2726 1980 2810 2),
2041 2726 2104 2790 in
2152 2746 2290 2810 qua,
2339 2729 2483 2810 post
2527 2726 2659 2791 lon-

410 2846 553 2911 gam
602 2831 665 2891 et
712 2842 1052 2909 parumper
1097 2822 1421 2889 confusam
1467 2822 1950 2908 disputationem
1998 2824 2072 2888 de
2120 2824 2291 2909 royis
2349 2843 2420 2889 ac
2470 2823 2654 2911 bajiv,

414 2924 474 2989 h.
521 2944 598 3001 e.,
661 2923 741 2988 de
787 2921 1080 3007 pretiosis
1128 2921 1488 2987 muneribus
1549 2941 1619 2987 ac
1667 2922 1881 3000 donis,
1947 2922 2094 2986 olim
2143 2922 2218 2986 ab
2268 2921 2657 3005 imperatori-

414 3023 525 3088 bus
591 3026 653 3088 et
715 3018 1088 3106 patriarchis
1151 3017 1274 3086 GP.
1343 3020 1528 3087 certis
1595 3021 1969 3104 quibusdam
2032 3020 2253 3085 diebus
2318 3017 2658 3086 liberaliter

410 3121 693 3186 distribui
740 3114 1076 3198 consuetis,
1141 3119 1559 3202 conqueritur,
1628 3119 1792 3203 quod
1841 3117 2027 3203 hujus
2071 3117 2463 3184 liberalitatis
2512 3118 2654 3183 fons

402 3219 531 3303 jam
578 3217 911 3295 exaruerit,
963 3221 1149 3301 atque
1194 3217 1339 3282 inde
1386 3217 1797 3302 patriarchae,
1861 3236 1940 3283 ne
1987 3236 2244 3301 prorsus
2285 3216 2652 3282 immunifiei

412 3319 795 3395 viderentur,
859 3314 995 3381 loco
1040 3336 1339 3400 royamm
1385 3339 1460 3380 ac
1506 3314 1825 3406 bojorum,
1886 3312 2030 3379 sola
2062 3312 2308 3402 populo
2357 3314 2509 3379 dent
2560 3316 2655 3380 in-

410 3440 593 3481 censa
654 3411 833 3501 (ἅντὶ
880 3414 1081 3498 ῥογιῦν
1133 3410 1241 3476 καὶ
1286 3410 1497 3496 βαΐων
1553 3410 1721 3497 μόνα
1769 3410 2030 3477 διδόασι
2087 3416 2181 3498 τῷ
2226 3411 2364 3498 λαῷ
2411 3410 2656 3495 θυμιά-

408 3514 630 3600 ματα).
730 3510 851 3594 Qui
899 3531 974 3576 ea
1018 3512 1097 3577 de
1141 3532 1212 3578 re
1258 3512 1377 3577 alia
1424 3512 1631 3578 videre
1679 3511 1881 3596 cupit,
1952 3513 2133 3577 adeat
2180 3512 2653 3578 Gretserum

407 3613 476 3677 in
527 3609 752 3679 Codin.
803 3609 885 3675 de
933 3608 1094 3697 offic.
1154 3605 1296 3690 CR,
1347 3631 1398 3676 e.
1448 3609 1587 3695 5³).

584 3733 842 3815 Ἰστέον,
891 3730 995 3797 ὅτι
1040 3730 1110 3797 ἐν
1153 3738 1231 3821 τῇ
1275 3731 1502 3822 ἐφεξῆς
1548 3728 1863 3818 ἑβδομάδι
1910 3738 2019 3821 τῆς
2062 3732 2425 3821 τυρσῖράγου
2454 3758 2654 3800 κατα-

408 3831 634 3917 ababa»
681 3826 917 3918 ἐπίσης
972 3829 1279 3919 τετάρτην
1336 3830 1445 3895 καὶ
1504 3829 1914 3918 παρασκευὴν
1970 3826 2064 3908 εἷς
2122 3830 2312 3918 τυρὸν
2371 3829 2480 3896 καὶ
2536 3831 2650 3910 ὠά,

409 3926 493 4007 (ὃς
534 3928 644 3995 καὶ
689 3928 810 4007 τὰς
854 3928 1096 4007 λοιπὰς
1138 3934 1250 4017 τῆς
1297 3926 1488 4015 αὐτῆς
1531 3923 1898 4013 ἑβδομάδος
1943 3926 2194 4016 ἡμέρας.
2264 3932 2362 3996 Ita
2407 3932 2649 3996 Horo-

408 4027 711 4115 logium
759 4029 823 4094 in
872 4028 1122 4094 rubrica
1164 4027 1575 4096 hebdomadis
1624 4029 1948 4095 currentis.

586 4241 626 4310 ¹)
667 4242 753 4297 Sic
803 4258 921 4296 eam
965 4248 1119 4297 vocat
1164 4221 1447 4314 Symeon
1498 4242 2163 4297 Thessalonicensis
2217 4244 2329 4296 loco
2379 4243 2512 4296 infra
2563 4241 2648 4295 ad-

409 4322 628 4378 ducendo
665 4339 717 4393 p.
756 4323 846 4377 54.

581 4402 625 4472 ¹)
666 4404 818 4474 Apud
858 4403 1050 4471 Migne,
1089 4402 1229 4458 Patr.
1267 4421 1347 4473 gr.
1384 4409 1508 4459 tom.
1546 4406 1668 4470 138,
1707 4420 1791 4473 pp.
1833 4403 2202 4458 1063—1070.

580 4481 623 4553 ⁸)
662 4483 795 4539 Ibid.
834 4487 963 4538 tom.
1003 4483 1123 4551 157,
1162 4499 1210 4553 p.
1247 4485 1369 4541 347.
