3514 5391
924 526 1169 596 Κυριωκή
1208 528 1317 578 τῶν
1351 522 1541 589 βαΐων.
1602 523 1874 580 Dominica
1908 526 1960 580 in
1997 524 2206 581 Palmis.
2581 527 2687 582 205

616 725 915 809 Repetita
956 723 1114 790 haec
1160 748 1202 788 a
1229 724 1506 812 floribus
1553 725 2021 791 nomenclatura
2050 725 2350 791 latissime
2377 726 2687 792 invenitur

440 825 500 889 in
547 825 699 890 orbe
747 823 1088 889 christiano
1135 826 1527 908 pervagata..
1582 822 1655 888 In
1705 821 2062 888 authentico
2109 823 2423 888 Breviario
2468 823 2684 911 glago-

440 923 602 988 litico
649 922 806 988 ritus
849 921 1028 987 latini
1076 921 1215 986 anni
1250 921 1440 998 1791,
1489 925 1559 985 ut
1607 925 1669 986 et
1713 921 1775 986 in
1824 942 1982 986 novo
2021 921 2280 998 Missali‚
2328 921 2687 987 inscribitur

439 1022 777 1086 Dominica
821 1020 1194 1086 Palmam-um
1241 1018 1486 1085 Nedele
1533 1025 1787 1103 συόεπα,
1847 1020 2188 1084 Dominica
2215 1020 2466 1108 florida
2492 1019 2573 1105 1);
2622 1021 2683 1085 in

444 1119 833 1186 kalendariis
895 1118 1155 1185 serbicis'
1220 1121 1283 1184 et
1343 1118 1628 1184 croaticis
1689 1116 1973 1183 similiter
2039 1118 2207 1183 Ned.
2273 1122 2557 1208 cajetam
2620 1116 2687 1183 in'

442 1218 583 1285 Kal.
624 1211 981 1284 slovenicis
1019 1216 1189 1281 Ned.
1236 1226 1495 1297 cvetncq
1558 1217 1621 1281 in
1674 1216 1807 1283 Kal.
1867 1215 2155 1282 bohemis
2204 1217 2374 1284 Ned
2420 1218 2684 1296 Ῑουᾰεπάς

440 1317 501 1381 in
548 1316 686 1382 Kal.
751 1314 1038 1396 ruthenis
1088 1315 1258 1380 Ned.
1306 1319 1598 1404 cvetvzaja
1658 1316 1755 1381 vel
1805 1315 1995 1380 etiam
2044 1315 2212 1380 Ned.
2263 1317 2681 1409 cvetonosija,

434 1415 683 1499 proprie
728 1410 997 1500 κυριακὴ
1040 1410 1437 1501 ἇνθοφόρος,
1479 1414 1823 1478 Dominica
1849 1412 2159 1502 florifera
2178 1413 2265 1499 ²);
2316 1414 2378 1478 in
2413 1414 2549 1479 Kal.
2583 1436 2684 1480 ru-

440 1513 637 1578 menis
703 1513 885 1580 Dom.
915 1505 1219 1598 floriloru
1239 1512 1325 1597 ’Ἲς
1393 1513 1454 1577 in
1519 1512 1679 1579 Kal.
1704 1511 2065 1598 hungaricis
2130 1511 2684 1599 Virdyvasdrnap;

439 1611 497 1675 in
559 1612 836 1696 antiquis
880 1609 1020 1676 Kal.
1084 1610 1459 1697 germanicis
1517 1609 2061 1697 Blumemonntaq
2120 1610 2244 1675 vel.
2276 1608 2681 1697 Blumenta93

437 1709 497 1774 in
543 1710 684 1776 Kal.
732 1708 1019 1794 hispanis
1066 1709 1317 1774 Pascua
1343 1708 1595 1796 florida
1615 1707 1670 1794 ⁴)
1719 1713 1838 1775 etc.
1942 1707 2224 1774 Scientes
2284 1709 2684 1793 volentesque

439 1808 781 1873 omittimus
828 1807 1070 1893 reliqua
1114 1808 1524 1886 Kalendaria;
1573 1828 1721 1874 nam
1768 1809 1910 1892 quis
1956 1807 2146 1873 finis?
2193 1812 2257 1873 et
2284 1809 2684 1893 repetitiones

438 1908 730 1972 timemus
789 1911 976 1991 atque
1032 1926 1108 1972 ex
1153 1907 1229 1972 iis
1276 1907 1574 1974 taedium.
1665 1905 1741 1972 Id
1802 1910 2047 1971 tantum
2108 1907 2184 1972 de
2244 1905 2364 1972 hac
2424 1927 2682 1972 nomen-

437 2003 669 2070 clatura
715 2004 1113 2092 adjiciemus,
1184 2003 1457 2070 Florida
1519 2005 1842 2091 regionem
1906 2004 2290 2089 peramplam
2353 2006 2684 2070 Americae

436 2101 936 2215 septentrionalis
981 2121 1198 2169 versus
1244 2104 1450 2169 sinum
1496 2103 1938 2169 Mexicanum
1933 2104 2140 2168 sitam
2202 2124 2277 2169 ex
2336 2124 2407 2169 eo
2456 2124 2683 2169 nomen

436 2201 762 2279 invenisse,
813 2203 979 2285 qu'od
1026 2203 1162 2287 ipso
1208 2201 1331 2268 hoc
1379 2203 1479 2268 die
1524 2201 1884 2267 Palmarum
1933 2202 2214 2288 (Pascua
2243 2200 2526 2289 florida)
2574 2202 2682 2266 de-

437 2303 595 2365 tecta
642 2300 720 2365 ab
767 2299 1068 2384 Hispanis
1113 2299 1302 2366 fuerit
1347 2320 1509 2366 anno
1560 2300 1753 2367 1512.

610 2408 800 2491 Apud
848 2408 1160 2474 Armenos
1209 2408 1537 2474 Dominica
1579 2407 1938 2474 Palmarum
2002 2408 2287 2473 similiter
2346 2428 2383 2472 a
2425 2405 2683 2473 fioribus

438 2511 618 2590 atque
652 2504 955 2579 arborum·
980 2506 1191 2585 ramis,
1226 2526 1383 2590 quos
1414 2506 1630 2572 turbae
1658 2506 2153 2593 gratulabundae
2183 2504 2433 2578 Christo
2462 2506 2684 2580 Hiero-

436 2602 739 2687 solymam
804 2604 1142 2678 introeunti
1206 2603 1383 2670 humi
1457 2608 1885 2683 constravere,
1973 2604 2198 2669 dicitur
2264 2605 2679 2691 Zayhkasart,

436 2742 611 2749 ——-....--

616 2800 660 2868 ι)
699 2802 745 2855 A
784 2800 1111 2856 substantivo
1147 2802 1279 2868 cvbt,
1315 2801 1348 2855 b
1364 2801 1565 2856 ohem.
1603 2801 1743 2868 levet,
1780 2799 1969 2867 ἄνθος,
1997 2801 2126 2871 flos.

611 2878 657 2949 ')
698 2880 808 2935 Cfr.
846 2880 1240 2947 Miklosich,
1278 2880 1541 2947 Lexicon,
1578 2898 1628 2951 p.
1669 2881 1826 2936 1105.

610 2961 657 3021 8)
697 2960 857 3015 Varie
893 2961 1125 3015 scribunt
1150 2961 1446 3032 florielot·.,
1473 2962 1757 3032 floriilor„
1786 2961 2027 3032 florilor.

609 3042 656 3109 ⁴)
692 3041 1000 3096 Incredibile
1051 3041 1215 3108 dictu,
1266 3058 1419 3111 quam
1455 3042 1603 3096 multi
1650 3058 1715 3096 ex
1752 3042 2174 3096 celebratissimis
2220 3041 2557 3111 scriptoribus
2593 3058 2680 3096 no-

435 3127 573 3177 strae
610 3122 806 3177 aetatis
843 3120 1103 3176 inscitiam
1140 3136 1286 3176 suam
1323 3121 1561 3191 prodant,
1599 3121 1685 3176 ubi
1722 3126 2051 3191 praesentem
2087 3122 2359 3176 materiam
2396 3122 2680 3190 attingunt.

436 3200 511 3256 En
546 3203 641 3258 tibi
691 3202 897 3257 obvium
948 3202 1236 3293 exemplum
1286 3218 1350 3256 ex
1387 3202 1517 3257 libro
1555 3202 1706 3271 longe
1756 3202 1963 3272 lateque
2015 3217 2108 3272 per
2157 3219 2333 3257 omnes
2372 3201 2680 3277 Germaniae

437 3286 634 3337 tractus
671 3282 872 3336 diffuso.
945 3272 1025 3336 Ex
1062 3282 1274 3350 duabus,
1313 3298 1444 3352 quae
1483 3281 1548 3336 ad
1583 3298 1792 3336 manum
1829 3286 1965 3350 sunt,
2005 3282 2311 3337 editionibus
2348 3282 2548 3337 Lexici
2563 3283 2679 3338 uni-

435 3364 666 3418 versalis
680 3362 1028 3434 (Universal-
1031 3362 1320 3432 Lexicon),
1347 3362 1472 3417 editi
1491 3380 1524 3417 a
1548 3362 1820 3429 Pierer‚
1859 3363 2098 3429 secunda,
2128 3379 2259 3433 quae
2279 3366 2362 3416 est
2381 3362 2500 3415 anni
2524 3363 2679 3431 1842,

435 3443 752 3498 Dominicam
790 3442 1085 3498 Palmamm
1123 3444 1255 3499 falso
1292 3447 1448 3497 vocat
1483 3443 1744 3513 hispanice
1783 3443 1984 3497 Palma
2012 3441 2224 3513 florida
2265 3443 2327 3507 (t.
2366 3442 2416 3509 9,
2455 3458 2504 3511 p.
2531 3443 2680 3509 470),

434 3529 581 3578 sexta
617 3528 810 3590 autem,
847 3539 980 3593 quae
1018 3524 1161 3578 facta
1197 3529 1280 3577 est
1317 3539 1450 3578 anno
1477 3524 1633 3592 1875,
1672 3524 1806 3577 diem
1832 3528 1976 3577 recte
2002 3523 2205 3594 quidem
2228 3523 2448 3577 Pascua
2467 3522 2679 3593 florida

434 3604 571 3672 dicit,
627 3604 719 3658 sed
767 3604 906 3658 male
950 3603 1329 3674 interpretatur
1364 3604 1651 3659 Dominica
1690 3604 1989 3658 Paschatis
2024 3602 2474 3673 (Ostersonntay)
2528 3604 2589 3669 (t.
2630 3602 2681 3668 8,

434 3700 483 3754 p.
518 3685 679 3752 204):
718 3700 819 3756 quo
857 3674 1038 3739 eodem
1073 3700 1248 3738 errore
1275 3691 1487 3754 praeter
1511 3684 1640 3738 alios
1669 3685 1828 3738 etiam
1855 3683 2089 3753 impliciti
2116 3683 2498 3752 conspiciuntur
2515 3681 2561 3735 V
2572 3682 2680 3736 oll-

436 3766 587 3820 rath
636 3764 1008 3819 Hoffmann
1059 3763 1382 3833 (Volter),
1448 3764 1559 3819 Die
1608 3763 1766 3819 Erde
1821 3764 1936 3818 and
1988 3764 2112 3817 ihre
2163 3762 2471 3817 Bewolmer
2527 3764 2589 3827 (t.
2628 3760 2679 3828 2,

437 3860 483 3913 p.
519 3847 700 3915 1764),
740 3849 797 3899 et
832 3849 1074 3899 auctores
1111 3843 1538 3914 encyclopaediae
1576 3844 1733 3899 realis
1771 3840 2457 3915 (Real-Encyklopaedie)‚
2508 3842 2680 3895 editae

434 3923 742 3981 Ratisbonae
782 3941 917 3980 anno
957 3925 1097 3980 1868
1136 3925 1199 3991 (t.
1237 3926 1289 3993 5,
1326 3941 1376 3994 p.
1415 3925 1562 3991 854).
1636 3924 1782 3991 Quod
1832 3926 1876 3979 si
1926 3924 2054 3978 talia
2103 3924 2304 3977 erudito
2340 3923 2437 3977 hoc
2474 3923 2681 3976 saeculo

436 4005 621 4062 decimo
654 4023 794 4062 nono
841 4005 1010 4075 doctis
1047 4004 1333 4059 liberaliter
1369 4003 1733 4071 condonentur,
1793 4020 2010 4079 aequum
2046 4004 2280 4074 profecto
2317 4018 2418 4057 non
2457 4006 2568 4078 est,
2623 4005 2681 4057 ut

434 4088 745 4142 recentiores
784 4085 994 4156 quidam
1030 4083 1222 4151 critici,
1271 4088 1556 4153 praeeunte
1593 4084 1851 4138 Ussero
1889 4084 1942 4137 in
1979 4083 2242 4160 Antp'quit.
2284 4082 2529 4147 Britan„
2566 4081 2679 4135 Se-

435 4168 731 4222 verinum
769 4166 1068 4229 Binium‚
1105 4163 1462 4218 Coloniensem
1498 4164 1761 4218 doctorem
1799 4167 1854 4218 et
1886 4164 2199 4226 canonicum.
2236 4161 2449 4216 ridiculo
2475 4161 2681 4215 nomine

434 4246 880 4301 contaminator-is
915 4244 1261 4300 conciliorum
1298 4244 1610 4313 ignominiae
1647 4248 1923 4313 exponant,
1961 4243 2092 4313 quod
2133 4241 2434 4296 vocabulum
2458 4240 2679 4294 Flore'de

435 4326 481 4379 in
515 4328 729 4393 concilio
767 4324 1195 4394 Balgentiacensi
1232 4324 1337 4390 (an.
1378 4324 1534 4390 1151,
1572 4324 1706 4393 apud
1745 4324 2025 4377 Hardouin.
2064 4326 2104 4375 t.
2141 4323 2192 4383 6,
2231 4338 2282 4391 p.
2303 4321 2463 4387 1319)
2504 4336 2679 4399 occur-

434 4421 542 4461 rens
578 4409 749 4463 locum
788 4405 1088 4460 celebratae
1126 4404 1303 4474 synodi
1343 4420 1458 4458 esse
1495 4404 1772 4458 crediderit
1809 4405 1861 4456 in
1886 4419 1949 4456 ea
1984 4418 2136 4471 quam
2164 4401 2405 4455 Coloniae
2443 4399 2680 4468 vulgavit

434 4488 755 4544 conciliorum
795 4484 1102 4540 collectione
1140 4500 1272 4540 anno
1311 4486 1466 4539 1606.
