3514 5391
788 538 887 589 1⁸ss
1426 538 1585 593 Festa
1622 538 1831 593 mobilia
1871 540 1920 592 in
1960 537 2381 608 Quadragesima.

960 733 1057 790 Ex
1096 734 1295 792 multis
1336 752 1408 793 ac
1447 736 1781 808 praeclaris
1822 737 2174 794 Sanctorum
2215 736 2562 806 sententiiS,
2616 753 2761 809 quas
2801 737 2860 793 in
2900 737 3031 807 ejus

784 815 1107 887 parabolae
1160 815 1716 888 interpretationem
1774 815 2006 874 confert
2058 814 2274 874 Corn.
2330 833 2366 873 a
2403 816 2797 888 Lapide¹),
2855 833 3030 874 unam

782 896 936 952 hanc
974 913 1016 952 s.
1056 894 1457 953 Bernardi
1516 896 1755 953 abbatis
1796 896 2144 954 adscribere
2182 896 2415 968 placet,
2474 902 2540 952 ut
2578 896 2768 954 lector
2807 897 3031 964 videat,

783 975 1067 1049 quomodo
1106 995 1182 1034 ss.
1219 975 1517 1034 Doctores
1567 976 1987 1034 somniculosos
2041 995 2112 1035 ac
2149 983 2516 1050 peccatores,
2569 976 2841 1034 adhibita
2879 977 3032 1047 ejus.

784 1056 938 1113 modi
978 1058 1255 1116 veritate.
1312 1057 1390 1113 ad
1428 1058 1834 1116 necessarium
1874 1058 2280 1115 abstinentiae
2321 1066 2383 1115 et
2420 1057 2829 1130 poenitentiae
2870 1058 3032 1115 labo-

784 1155 907 1196 rem
961 1138 1021 1195 vi
1061 1154 1347 1211 manuque
1401 1138 1588 1196 veluti
1640 1139 1888 1211 adigere
1941 1139 2296 1197 studuerint.
2372 1138 2839 1208 Experqiscimini
2872 1138 3034 1198 ebrii,

786 1218 871 1275 ita
909 1235 952 1275 s.
991 1217 1357 1278 Bernartius,
1399 1222 1452 1272 et
1476 1220 1650 1289 flete,·
1687 1219 1958 1274 terribilis
1995 1220 2135 1274 enim
2164 1221 2319 1274 Deus
2356 1220 2410 1274 in
2424 1219 2661 1289 judiciis
2696 1236 2864 1288 snper
2878 1220 3033 1290 filios

783 1299 1071 1352 bominum.
1146 1299 1420 1353 Haeccine
1456 1300 1792 1354 cruciatuum
1831 1318 1998 1355 causa
2037 1305 2169 1367 tota,
2219 1301 2361 1369 qaod
2394 1301 2545 1354 dices
2589 1299 2646 1353 in
2683 1300 2781 1354 hoc
2815 1301 3035 1354 saeculo

784 1380 919 1432 bona
972 1380 1174 1448 recepit
1188 1382 1219 1433 ,θ
1292 1380 1422 1449 Ipsa
1448 1381 1632 1449 plane.
1711 1382 1904 1450 Neque
1953 1381 2093 1435 enim
2147 1382 2223 1434 ad
2267 1382 2367 1435 leoc
2401 1397 2503 1434 nos
2538 1380 2607 1434 de
2631 1380 2904 1450 paradiso
2950 1397 3033 1434 co·

783 1459 1009 1529 luptatis
1043 1459 1445 1514 animadversio
1483 1460 1665 1514 divina
1705 1462 1933 1530 ejecisse
1972 1461 2204 1526 ridetur,
2241 1465 2300 1515 ut
2337 1462 2571 1515 alteram
2607 1461 2718 1514 sibi
2749 1461 2837 1515 hic
2856 1478 3032 1531 para-

784 1540 961 1593 disum
1001 1540 1308 1594 adinventio
1344 1541 1583 1595 humana
1611 1546 1868 1610 pararet.
1946 1542 2122 1595 Homo
2160 1542 2235 1595 ad
2269 1542 2509 1596 laborem
2546 1544 2741 1606 naum,
2792 1542 2847 1596 si
2887 1542 3031 1596 labo·

783 1638 899 1675 rcm
940 1622 1168 1691 refugit,
1222 1638 1327 1675 non
1359 1621 1504 1691 facit
1540 1621 1615 1675 ad
1651 1622 1794 1690 quod
1827 1624 1992 1675 natus
2029 1625 2111 1675 est
2131 1663 2142 1678 .
2202 1621 2277 1674 ad
2311 1621 2454 1691 qaod
2487 1622 2630 1675 canit
2665 1621 2720 1675 in
2758 1621 3033 1675 mundum.

788 1702 930 1769 Quid
964 1701 1309 1771 respondebit
1344 1702 1399 1755 ei
1433 1701 1528 1770 qni
1560 1702 1712 1755 misit
1746 1719 1887 1768 eam,
1925 1702 2020 1770 qni
2052 1701 2307 1767 instituit,
2345 1705 2405 1755 ut
2438 1702 2724 1756 laboraret
2736 1703 2769 1755 ‚2
2786 1701 2848 1770 ²).

964 1817 1298 1888 ’Υπόδειγμα
1334 1817 1581 1886 ἐχόντων
1619 1818 1717 1880 τήν
1753 1818 2151 1888 ἑορταζομένην
2188 1816 2374 1885 ἁγίαν.
2449 1816 2552 1875 Ita
2589 1834 2865 1889 synaxar.

963 1924 1020 1983 S.
1060 1925 1311 1984 Mariam
1362 1924 1810 1999 Aegyptiacam
1866 1942 1980 1983 non
2033 1926 2216 1983 solum
2282 1926 2341 1981 in
2393 1925 2706 1997 longinquo
2759 1923 3031 1989 Oriente,

786 2022 988 2063 verum
1032 2007 1217 2063 etiam
1260 2006 1315 2063 in
1356 2006 1639 2064 Ecclesia
1690 2006 2052 2064 occidentali
2105 2005 2546 2079 poenitentibus
2598 2021 2728 2062 esse
2779 2005 2856 2062 ad
2905 2005 3036 2062 imi-

785 2087 1028 2144 tandum
1067 2087 1448 2160 propositam,
1488 2088 1663 2146 varia
1702 2087 1903 2145 officia
1940 2087 2136 2145 latina
2176 2086 2602 2144 demonstrant.

966 2168 1060 2226 Ex
1087 2168 1159 2225 iis
1192 2167 1270 2226 D.
1300 2167 1556 2241 Prosp.
1589 2169 2048 2241 Grueranger
2087 2169 2390 2241 antiquam
2419 2166 2786 2239 sequentiam
2810 2166 3034 2224 Missae

787 2249 893 2306 dat
910 2247 974 2318 ³),
1026 2266 1198 2321 quam
1239 2250 1377 2321 qnia
1418 2249 1630 2307 idonea
1670 2255 1764 2307 est
1802 2249 2021 2320 insigni
2059 2249 2197 2307 huic
2235 2248 2660 2321 poenitentium
2704 2246 3036 2320 exemplari

787 2329 1139 2386 illustrando
1177 2347 1287 2386 nec
1324 2328 1544 2401 passim
1584 2329 1779 2388 obvia.
1818 2329 1931 2387 huc
1971 2329 2480 2402 transscripsisse‚
2520 2346 2556 2386 a
2592 2329 2891 2401 proposito
2936 2347 3034 2386 no-

788 2415 912 2466 stro
954 2408 1214 2467 alienum
1253 2426 1368 2466 non
1404 2407 1608 2468 fuerit.

1244 2566 1610 2641 Sequentia
1649 2570 1733 2627 de
1774 2585 1828 2628 s.
1868 2568 2090 2628 Maria
2128 2566 2567 2642 Aegyptiaca.

824 2677 916 2736 Ex
955 2677 1236 2750 Aegypto
1276 2677 1608 2737 Pharaonis
1998 2678 2118 2737 Dei
2158 2678 2436 2752 templum
2479 2678 2727 2737 introire

826 2759 896 2816 In
938 2760 1269 2832 amplexum
1311 2758 1641 2818 Salomonis
2000 2760 2157 2818 Dum
2196 2760 2453 2817 laborat.
2495 2776 2623 2816 mox
2661 2760 2861 2817 redire

894 2839 1102 2898 Nostri
1141 2839 1360 2897 transit
1398 2840 1551 2912 filia3
2073 2840 2338 2899 Necdum
2379 2840 2558 2911 digna
2595 2841 2850 2911 cogitur3

824 2921 917 2977 Ex
956 2920 1197 2992 abjecta
1234 2922 1303 2977 fit
1342 2921 1556 2992 electa,
2000 2921 2100 2978 Ad
2141 2938 2242 2979 cor
2279 2937 2441 2979 suum
2483 2922 2826 2987 revertitur,

824 3001 917 3058 Ex
956 3018 1171 3073 rugosa
1211 3001 1278 3058 fit
1315 3000 1593 3071 formosa,
2000 3002 2182 3059 Fletu
2220 3002 2395 3072 culpa
2433 3002 2850 3073 submergitur,

896 3082 987 3139 Ex
1029 3082 1225 3138 lebete
1264 3080 1488 3154 phiala.
2071 3082 2252 3140 Fletu
2291 3082 2465 3154 culpa
2503 3082 2738 3139 teritur.

823 3188 1019 3246 Stella
1057 3188 1238 3245 maris
1278 3188 1411 3246 lmic
1452 3189 1664 3259 illuxit,
1999 3189 2191 3246 Locus
2232 3188 2502 3246 desertus
2540 3189 2861 3261 quaeritur,

826 3269 920 3325 Ad
963 3268 1243 3326 dilectum
1284 3286 1453 3341 quam
1496 3270 1775 3328 conduxit
1997 3269 2338 3328 Leviathan
2379 3270 2721 3338 conteritur,

894 3349 1073 3407 Pacis
1113 3355 1356 3408 nectens
1396 3350 1673 3423 foedera3
2072 3350 2337 3420 MunduS,
2377 3367 2517 3407 caro
2559 3351 2831 3421 vincitur,

824 3430 1017 3487 Matre
1056 3429 1178 3487 Dei
1218 3431 1536 3503 mediante,
1999 3431 2223 3488 Domus
2263 3431 2454 3503 patris
2491 3433 2878 3504 postponitur,

822 3509 1180 3581 Peccatrici,
1219 3510 1459 3569 Christo
1499 3513 1696 3583 dante,
2001 3512 2217 3570 Vultus
2258 3512 2470 3569 mentis
2511 3513 2890 3585 componitur,

896 3592 1048 3648 Sunt
1086 3591 1331 3650 dimissa
1370 3594 1620 3650 scelera.
2071 3590 2275 3650 Decor
2314 3592 2512 3650 carnis
2551 3594 2869 3665 spernitur.

827 3698 1024 3757 Vitam
1068 3699 1286 3756 ducens
1324 3700 1474 3757 haec
1511 3701 1832 3770 carnalem,
2001 3699 2286 3770 Laetare,
2326 3699 2454 3756 filia
2490 3698 2735 3773 ThaniS,

826 3778 1117 3836 Pervenit
1157 3780 1213 3836 in
1253 3780 1614 3851 Jerusalem,
2001 3778 2147 3837 Tuis
2186 3785 2399 3837 ornata
2439 3782 2756 3854 tympaniS,

896 3858 1169 3932 Nuptnra
1208 3860 1498 3932 Pacific03
2071 3860 2284 3918 Lauda
2322 3862 2614 3934 quondam
2652 3862 2896 3930 sterilis,

828 3938 1002 4008 Hinc,
1043 3941 1282 3997 excluso
1322 3941 1612 4000 adultero,
2002 3941 2233 4007 Gaude,
2271 3941 2506 4013 plaude,
2546 3948 2732 4011 casta,
2763 3943 2996 4007 munda.

826 4019 1147 4077 Maritatur
1184 4037 1394 4093 sponso
1434 4039 1575 4079 vero
2001 4022 2302 4080 Virtutum
2342 4023 2509 4095 prole
2548 4022 2856 4091 foecunda,

896 4098 1131 4157 Ornata
1170 4101 1434 4158 mirifico.
2071 4102 2229 4161 Vitis
2269 4103 2418 4160 meri
2455 4102 2695 4161 fertilis.

972 4262 1011 4327 ¹)
1053 4264 1398 4317 Commentar.
1439 4263 1487 4316 in
1526 4262 1649 4317 Luc.
1689 4280 1801 4332 cap.
1841 4263 1978 4316 XVI.

968 4344 1012 4411 ²)
1054 4344 1200 4413 Apud
1239 4343 1414 4397 Gaui
1426 4343 1544 4397 rid.
1596 4345 1768 4397 abbat.
1811 4344 2249 4397 Declamationes
2299 4362 2369 4398 ex
2418 4364 2463 4398 s.
2503 4345 2794 4399 Bet-nardi
2826 4362 3026 4399 scr-mo-

787 4426 946 4479 nibus
983 4426 1253 4489 collectae,
1291 4441 1333 4478 c.
1374 4424 1442 4477 ⁶23
1483 4425 1695 4491 (Migne,
1734 4424 1877 4477 Patr.
1918 4425 2008 4478 lat.
2048 4430 2085 4478 t.
2131 4427 2246 4478 184.
2287 4442 2334 4494 p.
2374 4427 2519 4493 4233).

970 4504 1013 4573 ³)
1054 4505 1127 4560 Le
1165 4512 1384 4571 careme,
1426 4521 1507 4576 pp.
1548 4506 1849 4571 ese—687,
1891 4505 2013 4558 edit.
2053 4507 2101 4563 3.
