3514 5391
1167 532 1449 583 Libraria
1487 534 1611 582 Fel.
1652 533 1897 584 Rauch.
1962 533 2340 583 Innsbruck.
2406 535 2679 585 Austria.

1159 642 1282 649 Μ’,
1343 644 1360 648 .-
1379 643 1408 647 -.
1437 643 1478 649 .-
1499 644 1570 648 ——
1737 643 1813 648 ,ω-
1912 642 2015 650 ⁴.ss-
2048 644 2147 649 ..ψ
2206 644 2229 649 -
2348 645 2379 649 --
2398 645 2463 649 0—
2602 645 2641 649 —-

1710 745 2026 802 Fasciculus
2063 747 2137 803 ΙΙΙ.

1893 854 1917 910 1
1930 898 1941 909 .

976 960 1074 1018 De
1111 959 1420 1018 vocatione
1471 959 1548 1016 ad
1585 964 1807 1017 statum
1864 959 2354 1017 ecclesiasticum.
2406 990 2477 998 —
2523 960 2839 1018 Accedunt
2891 961 3045 1020 duae

802 1041 1180 1112 quaestiones
1220 1041 1490 1097 breviter
1520 1040 1891 1112 disputatae:
1930 1039 1982 1097 Ι.
2011 1038 2108 1096 De
2138 1040 2451 1098 vocatione
2480 1047 2542 1097 et
2567 1039 2764 1098 officio
2801 1043 3045 1114 parochi

800 1120 879 1177 H.
919 1120 1012 1177 De
1055 1137 1230 1178 sacra
1269 1121 1494 1179 musica
1536 1124 1718 1191 „bene
1759 1121 2045 1180 morata“.

1894 1264 1945 1321 2.

978 1371 1074 1429 De
1114 1373 1242 1429 vita
1281 1377 1343 1429 et
1378 1372 1692 1429 honestate
1720 1371 2087 1429 clericorum.
2127 1401 2196 1410 —-
2235 1371 2551 1429 Accedunt
2588 1373 2854 1433 notiones
2885 1373 3045 1446 juris

803 1452 1235 1509 commercialis
1276 1452 1353 1509 ad
1391 1459 1767 1524 praesentem
1807 1452 2119 1510 materiam
2161 1457 2518 1523 spectantes.

1710 1612 2021 1670 fascienlus
2059 1614 2134 1669 lv.

978 1736 1424 1796 Commentaria
1464 1737 1522 1794 in
1561 1737 1724 1794 Acta
1764 1736 2016 1795 Concilii
2053 1737 2313 1810 plenarii
2358 1737 2800 1796 baltimorensis
2850 1740 3040 1805 tertii,

801 1820 858 1874 in
899 1825 1127 1891 septem
1165 1818 1454 1876 stationes
1483 1817 1819 1875 distributa.
1851 1849 1915 1856 —
1945 1818 2262 1876 Accedunt
2289 1818 2517 1876 selecta
2552 1819 2838 1891 quaedam
2865 1818 3041 1877 doc-u·
3122 1854 3132 1862 -

802 1904 1002 1956 menta
1042 1898 1116 1955 de
1156 1898 1517 1971 Apostolatn
1558 1915 1594 1955 a
1630 1915 1676 1955 s.
1713 1896 1901 1955 Petro
1942 1897 2166 1956 Claver
2202 1898 2263 1955 in
2303 1898 2603 1957 America,
2642 1900 2797 1957 inter
2835 1898 3037 1971 nigros

799 1980 1173 2052 praesertim,
1214 1979 1494 2036 exercito.
1554 1978 1903 2051 (Distraot.)

1721 2140 2030 2197 fascienlus
2067 2141 2123 2197 V.

976 2264 1420 2323 Commentaria
1445 2264 1503 2321 in
1533 2262 1808 2323 Decreta
1835 2264 2090 2323 Concilii
2115 2264 2373 2338 plenarii
2398 2265 2842 2323 baltimorensis
2864 2265 3037 2322 tertii

799 2345 1116 2403 secundum
1169 2345 1432 2402 ordinem
1459 2345 1786 2417 titulorum,
1826 2346 2101 2418 capitum,
2139 2344 2649 2419 paragraphorum
2680 2346 2863 2419 ipsius
2890 2344 3038 2403 Con-

799 2425 924 2483 cilii
964 2426 1216 2498 digesta.
1274 2424 1622 2496 (Distract.)

1704 2589 2013 2645 Fasciculus
2050 2588 2123 2644 Vl.

977 2714 1217 2783 Paterna
1246 2715 1321 2771 ad
1344 2713 1791 2773 Commentaria
1819 2715 1879 2772 in
1906 2713 2235 2772 Concilium
2261 2713 2597 2787 plenarium
2625 2713 3046 2771 baltimorense

800 2796 1061 2855 tertium.
1102 2827 1171 2835 -—
1209 2796 1470 2853 Accedit
1505 2795 1832 2868 disputatio
1872 2796 1943 2853 de
1975 2795 2221 2867 ‚iudiciis
2249 2793 2679 2852 ecclesiasticis
2719 2801 2781 2850 et
2819 2794 2891 2850 de
2921 2810 3051 2850 seii-

797 2877 1007 2933 tentiis
1047 2893 1118 2933 ex
1160 2874 1484 2933 informata
1526 2875 1894 2934 conscientia
1931 2876 2091 2932 latis.
2145 2873 2495 2945 (Distract.)

2370 3181 2409 3190 ιι.
2444 3177 2499 3192 xl*

2556 3179 2659 3192 σᾺ-Ικ.

979 3362 1163 3445 Apud
1204 3362 1468 3425 eundem
1498 3360 1896 3444 bibliopolam
1936 3359 2066 3424 Fel.
2093 3358 2307 3424 Rauch
2339 3356 2732 3444 (Innsbruck,
2762 3356 3044 3436 Austris)

800 3468 988 3544 venit,
1040 3489 1112 3533 ex
1162 3469 1376 3551 majori
1428 3489 1613 3553 opere
1677 3466 2078 3548 ‚‚Kalendar.
2127 3465 2422 3530 manuale
2468 3466 2785 3551 utriusque
2834 3461 3043 3526 Eccle-

796 3577 976 3638 siae“
1025 3581 1316 3652 extracta,

1570 3708 1877 3764 EDI'I'IO
1922 3708 2235 3770 MINOR,

1247 3826 1419 3882 studio
1458 3824 1590 3880 ritus
1628 3809 1837 3893 graec?
1849 3823 2130 3893 praecipue
2169 3822 2591 3883 accommodata.
