3514 5391
585 536 823 604 Κυριακὴ
864 540 969 589 τοῦ
1013 535 1248 589 τελώνου
1284 540 1371 587 καὶ
1411 539 1509 589 τοῦ
1546 540 1867 605 φαρισαίου.
1924 536 2074 590 Dom.
2115 542 2235 590 ante
2261 536 2509 606 Septuag.
2607 538 2670 590 ll

444 737 609 800 tentia
670 736 830 801 haec
894 739 1024 812 est,
1092 739 1161 800 ut
1221 734 1471 819 praevia
1528 735 1650 800 ista
1694 734 2068 799 abstinentia
2131 733 2315 819 vulgo
2354 734 2675 822 jejunium

438 856 477 897 s.
509 832 731 921 Sergii,
780 834 1103 899 interdum
1142 833 1325 897 etiam
1342 833 1661 922 jejunium
1694 832 2138 896 Ninivitarum
2167 854 2203 897 a
2228 832 2471 898 duabus
2504 852 2674 897 com-

433 932 978 997 memorationibus
1026 930 1264 995 festivis
1294 931 1412 995 hac
1440 930 1835 997 hebdomade
1864 931 1998 996 fieri
2029 931 2225 996 solitis
2254 935 2674 1013 nuncupetur;

433 1031 751 1096 sabbatum
801 1031 972 1095 enim
1022 1029 1085 1094 in
1133 1050 1181 1095 s.
1233 1028 1435 1115 Sergii
1480 1033 1598 1092 τοῦ
1643 1027 2084 1115 στρατηλάτου
2140 1031 2442 1095 memoria
2485 1029 2673 1113 honro-

432 1130 614 1193 tanda
661 1132 916 1193 servant
962 1127 1243 1205 Armeni,
1303 1129 1786 1212 praecedentem
1831 1128 2053 1194 feriam
2101 1127 2209 1192 VI.
2273 1148 2419 1193 vero
2467 1128 2678 1212 poeni·

431 1228 649 1292 tentiae
698 1226 1115 1292 Ninivitarum
1165 1226 1533 1292 recolendae
1581 1232 1936 1291 sacrarunt:
2002 1246 2123 1311 quo
2186 1228 2244 1291 in
2309 1227 2430 1292 ritu
2489 1227 2672 1291 etiam

430 1347 563 1391 cum
613 1326 808 1410 Syris
861 1324 1213 1403 ChaldaeiS‚
1275 1329 1338 1391 et
1384 1326 1585 1391 ultimi
1636 1324 1906 1392 Orientis
1956 1325 2182 1391 accolis
2231 1326 2480 1391 omnino
2529 1346 2676 1391 con-

431 1426 694 1491 veniunt.

668 1595 924 1652 Lectio
975 1592 1480 1651 catechesium
1529 1607 1585 1651 S.
1638 1591 2019 1651 Theodori
2070 1592 2429 1652 Studitae.

602 1715 659 1779 A
710 1713 1041 1778 Dominica
1087 1711 1400 1795 publicani
1449 1717 1511 1777 et
1544 1711 1853 1795 pharisaei
1884 1712 2245 1777 catecheses
2283 1732 2331 1778 s,
2367 1712 2675 1777 Theodori

430 1812 709 1877 Studitae
756 1813 819 1876 in
868 1810 1263 1875 monasteriis
1312 1810 1611 1876 ecclesiae
1659 1811 1977 1875 orientalis
2023 1811 2166 1897 legi,
2217 1831 2250 1875 e
2300 1809 2516 1878 Gard.
2548 1810 2679 1875 Le-

430 1908 655 1975 wicki
721 1909 1111 1975 enotavimus
1157 1914 1327 1973 tomo
1380 1910 1436 1984 1,
1487 1931 1545 1993 p.
1597 1908 1729 1974 322
1779 1908 2340 1993 confirmatumque
2397 1909 2678 1973 videmus

430 2016 556 2072 turn
607 2009 771 2092 apud
820 2007 892 2073 L.
946 2007 1190 2072 Allat.
1243 2007 1320 2071 de
1368 2007 1550 2072 Dom.
1603 2017 1663 2072 et
1708 2007 1884 2072 hebd.
1928 2004 2042 2072 Gr.
2091 2028 2153 2073 n.
2188 2007 2229 2071 9
2277 2012 2411 2072 tum
2443 2026 2517 2071 ex
2545 2008 2680 2091 ipsa

432 2106 673 2171 rubrica
719 2105 844 2171 diei
869 2107 940 2191 ¹).
1032 2105 1175 2171 Huc
1241 2110 1482 2189 spectat
1539 2102 1997 2181 Ὕποτὺπωσις
2057 2103 2513 2181 καταστάσεως
2570 2109 2682 2191 τῆς

430 2208 618 2290 μονῆς
661 2207 792 2266 τῶν
844 2198 1178 2283 Στουδίου,
1226 2205 1389 2270 inter
1435 2206 1917 2271 consuetudines
1947 2205 2329 2270 Studitarum
2380 2209 2678 2270 attentam

433 2302 850 2368 catechesium
900 2304 1280 2370 auditionem
1325 2305 1603 2371 referens
1650 2308 1689 2387 ξ
1744 2305 1857 2368 16;

450 2496 461 2505 ι
543 2422 685 2482 Τῶν
707 2417 1012 2506 α’δελφι”ν
1026 2414 1381 2503 ἷσταιιένων
1399 2445 1500 2504 με·
1719 2420 2101 2485 Αθέαπίἰότιε
2147 2444 2282 2485 cum
2326 2421 2680 2486 omnimoda

436 2516 513 2581 τὰ
539 2515 758 2605 πάσης
787 2512 1149 2601 εῧλαβείας,
1194 2518 1358 2602 μετὰ
1391 2543 1504 2606 ττν
1612 2520 1940 2584 devotione
1971 2520 2323 2607 fratribus,
2376 2531 2532 2606 poet
2578 2519 2682 2584 ab·

436 2613 753 2680 ἀπόλυσιν
812 2620 931 2680 τοῦ
992 2614 1236 2703 ὄρθρου
1285 2614 1501 2701 ἄναγι-
1612 2616 1884 2681 solutum
1922 2620 2300 2683 matutinum
2332 2618 2559 2705 lcyitur
2583 2642 2677 2682 ca·

434 2706 739 2772 νώσκεται
774 2704 813 2794 ἡ
835 2704 1180 2795 κατήχησις
1201 2712 1318 2771 τοῦ
1343 2710 1498 2772 &eo—
1611 2710 1863 2772 techesis
1922 2708 2156 2795 deiferi
2205 2710 2418 2774 Patris
2478 2710 2682 2773 nostri
2717 2715 2724 2722 '

433 2804 631 2892 φόρου
696 2803 949 2889 πατρὸς
1009 2829 1033 2866 τ
1030 2829 1182 2892 μων
1237 2804 1497 2870 Θεοόώ-
1620 2806 1952 2873 Theodori.

432 2927 542 2988 ρου
562 2905 635 2988 ²).

604 3030 914 3113 Quoniam
966 3051 1016 3093 s.
1068 3029 1432 3097 Theodorus
1494 3032 1824 3116 praecipue
1881 3033 2276 3098 sermonibus
2324 3033 2453 3098 suis
2514 3038 2679 3098 cate-

435 3127 688 3208 cheticis

434 3233 635 3310 καλῶς
668 3230 747 3297 τὸ
772 3233 1135 3298 πιστευθὲν
1161 3233 1333 3319 αὐτῷ
1354 3231 1509 3300 ποί·
1618 3237 1741 3302 sibi
1787 3240 2099 3302 commissi
2142 3239 2347 3323 yreyis
2392 3235 2681 3324 praecla-

433 3354 614 3412 μνιον
672 3329 939 3420 ὁδηγεῖν,
999 3331 1107 3397 καὶ
1154 3328 1269 3398 ἐπί
1313 3333 1508 3417 νομὰς
1617 3359 1728 3400 rua
1796 3346 2001 3400 rector
2077 3347 2136 3400 et
2204 3336 2292 3399 ad
2360 3335 2682 3400 salutaria

435 3425 784 3518 σωτηρίους
828 3426 1196 3514 ποιμαίνων
1219 3433 1293 3518 ⁸),
1602 3458 1859 3520 pascua
1906 3434 2126 3513 ductor
2172 3434 2436 3515 exstitit,

434 3568 500 3619 ut
557 3557 721 3621 hisce
785 3554 1012 3637 lector,
1079 3569 1139 3622 et
1185 3570 1251 3623 tu
1296 3561 1432 3646 2⁸12oe
1480 3560 1724 3625 divitiis
1772 3558 2214 3645 quadantenus
2245 3559 2542 3646 fruaris,
2605 3581 2684 3621 ecc

434 3657 522 3718 eis
566 3679 761 3719 venum
806 3655 1033 3719 saltem
1082 3655 1198 3721 tibi
1232 3681 1358 3744 pro
1407 3660 1706 3745 temporie
1749 3658 2003 3722 ratione
2048 3657 2397 3722 describere
2454 3680 2683 3744 operae

424 3755 701 3839 pretium
750 3753 1188 3842 judicavimus
1207 3756 1298 3840 ⁴),
1367 3777 1550 3841 quem
1601 3758 1896 3823 nimirum
1960 3759 2037 3821 ad
2086 3756 2419 3839 discipulos
2465 3756 2687 3820 habuit

612 3931 655 3996 ¹)
702 3931 895 4003 Liquet
931 3933 1094 4003 igitur
1140 3933 1251 3987 falli
1288 3933 1482 3989 Card.
1523 3936 1680 4002 Mai,
1739 3935 1858 3990 dum
1909 3935 2040 3989 hanc
2093 3935 2366 3988 lectionem
2415 3933 2683 3988 Dominica

438 4013 861 4082 septuagesimae
915 4013 1139 4083 incipere
1190 4015 1370 4068 scribit
1407 4015 1459 4069 in
1495 4015 1639 4070 notis
1687 4016 1751 4069 ad
1804 4016 1970 4069 locum
2007 4018 2098 4079 τῆς
2133 4012 2535 4072 ὑποτυπώσεως
2574 4016 2684 4083 jam

439 4093 721 4160 citandum3
776 4093 1049 4147 Dominica
1084 4094 1340 4163 publicani
1378 4099 1434 4149 et
1468 4096 1725 4165 pharisaei
1765 4096 1965 4149 scilieet
2002 4111 2114 4150 cum
2153 4111 2232 4161 ea,
2283 4110 2413 4164 quae
2451 4094 2682 4165 proxime

444 4174 781 4244 subsequitur,
822 4173 1011 4228 iterum
1049 4174 1274 4228 confusa.

613 4253 658 4320 ¹)
700 4255 850 4325 Apud
890 4254 1079 4322 Migne,
1116 4254 1259 4308 Patr.
1298 4272 1378 4324 gr.
1418 4259 1524 4310 tom
1562 4257 1646 4324 99,
1687 4273 1770 4327 pp.
1812 4257 2182 4311 1709-1710.

615 4331 659 4400 ⁸)
697 4334 781 4388 lta
819 4334 1035 4388 Menace
1073 4334 1137 4387 ad
1176 4336 1260 4388 11.
1298 4334 1546 4390 Novemb.

612 4414 656 4480 ⁴)
696 4415 843 4468 Haec
880 4414 1165 4484 praefatus,
1204 4431 1265 4469 ex
1305 4417 1511 4486 scriptis
1550 4433 1591 4470 s,
1631 4416 1902 4482 Theodori,
1940 4417 2015 4470 ad
2048 4417 2183 4470 haec
2220 4419 2462 4484 tempora
2491 4415 2683 4469 dir-int-

444 4495 529 4546 tus
562 4493 864 4562 custoditis,
902 4494 1098 4548 selecta
1134 4496 1379 4568 quaedam
1420 4498 1592 4567 capita
1631 4496 1840 4554 exhibet
1877 4495 2130 4552 Baronius
2168 4495 2232 4550 ad
2270 4511 2351 4550 an.
2391 4497 2513 4549 814.
