3514 5391
841 553 958 612 37o
1567 552 1728 609 Festa
1765 555 1973 610 mobilia
2010 560 2130 626 post
2165 555 2383 611 Pascha.

859 667 1056 671 --——.
1691 669 1987 676 —7—-44--2

2195 669 2353 674 m·
2372 669 2405 674 -
2452 669 2475 674 -
2560 668 2677 675 —-.—

846 752 1284 827 plicari'posse
1321 753 1576 825 videtur,
1617 769 1722 810 cur
1760 752 2015 819 Silvia
2052 755 2225 812 ambo
2262 753 2423 814 festa
2455 755 2891 829 Hierosolymis
2931 764 3096 814 certa

849 834 1108 908 quadam
1142 834 1526 905 colligatione
1554 841 1827 892 conserte
1866 840 2257 906 contexteque
2294 836 2598 893 celebrari
2637 836 2861 894 viderit
2883 836 3096 909 „Quin-

850 915 1328 987 quagesimarum
1370 913 1521 986 die“,
1559 914 1614 972 h.
1655 931 1723 986 e.‚
1761 914 2080 974 Dominica
2106 914 2514 988 PentecosteS,
2554 917 2787 989 quando
2823 916 3092 975 nimirum

849 1003 979 1054 tota
1018 995 1369 1053 oeconomia
1407 995 1836 1052 incarnationis
1875 995 2021 1054 Filii
2046 994 2169 1066 Dei
2207 1013 2323 1052 cam
2351 998 2543 1067 effectu
2580 995 2700 1056 fuit
2738 995 3095 1070 adimpleta;

851 1076 986 1135 dum
1042 1081 1287 1147 contra,
1347 1075 1477 1146 „die
1530 1075 2139 1148 Quadragesimarum
2196 1081 2330 1150 pest
2365 1075 2621 1147 Pascha,
2678 1076 2839 1135 idest
2891 1079 3096 1150 quinta

849 1156 1008 1216 feria
1058 1156 1176 1227 (τῆς
1214 1154 1590 1225 ἀναλήψεως),
1649 1155 1852 1214 divino
1903 1153 2120 1214 Officio
2172 1157 2232 1214 in
2285 1157 2643 1215 Bethlehem
2699 1156 3099 1229 frequentato,

852 1239 1031 1297 etiam
1086 1237 1286 1296 initia·
1315 1236 1576 1308 eiusdem
1619 1236 1904 1294 salutaris
1943 1237 2318 1296 oeconomiae
2372 1238 2822 1296 commemorari
2858 1255 3105 1316 perspef

851 1317 1502 1389 xisset'(Pereqrinatio,
1527 1333 1581 1389 p.
1605 1316 1766 1386 lOl):
1806 1317 2043 1375 scilicet
2078 1325 2327 1390 utroque
2357 1318 2451 1381 die
2482 1319 2844 1392 conjunctim
2869 1327 3101 1393 sumpto

852 1400 1147 1472 integram
1187 1397 1585 1458 oeconomiam
1634 1398 1867 1469 salutis,
1921 1398 2173 1471 initium,
2220 1415 2615 1472 progressum,
2667 1399 2861 1472 finem,
2901 1416 3102 1473 repre-

852 1489 1147 1540 sentante.
1226 1478 1447 1552 Quodsi
1489 1494 1591 1548 „eo
1632 1478 1753 1544 die,
1807 1476 2055 1537 Silvia
2091 1485 2267 1549 teste,
2316 1480 2377 1538 in
2414 1479 2770 1538 Bethlehem
2811 1481 2872 1537 in
2913 1480 3101 1538 eccle-

853 1562 963 1634 sia,
1002 1562 1061 1619 in
1102 1578 1218 1633 qua
1255 1561 1538 1634 spelunca
1576 1565 1685 1632 est,
1734 1560 1836 1619 ubi
1875 1567 2051 1619 natus
2090 1567 2183 1619 est
2218 1561 2525 1631 Dominus»,
2577 1561 2805 1620 fiebant
2844 1566 2907 1620 et
2946 1562 3104 1619 dice·

852 1642 1075 1700 bantur
1115 1646 1259 1715 apta
1299 1641 1420 1698 diei
1472 1647 1535 1698 et
1570 1639 1764 1698 loco“:
1823 1640 1899 1698 ab
1952 1641 2026 1699 iis
2074 1639 2335 1700 fortasse
2385 1642 2677 1715 quispiam
2716 1659 2828 1700 non
2869 1640 3105 1699 omnino

855 1723 1057 1779 aliena
1095 1722 1349 1790 duxerit,
1392 1737 1541 1794 quae
1583 1719 1810 1779 Graeci
1848 1721 2139 1793 hodieque
2178 1721 2238 1779 in
2274 1721 2584 1780 Laudibus
2624 1728 2874 1781 canunt:

1026 1803 1304 1871 Ἐτέχθης,
1332 1803 1359 1834 *
1396 1800 1468 1859 ὥς
1505 1800 1669 1861 αὐτὸς
1704 1800 1985 1868 ἠθέλησας·
2024 1803 2054 1836 *
2093 1801 2309 1873 ἐφάνης,
2338 1803 2368 1835 *
2404 1801 2475 1862 ὥς
2512 1802 2677 1862 αὐτὸς
2714 1801 3036 1868 ἠβουλήθης·
3074 1802 3107 1838 *-

853 1885 1055 1943 ἔπαθες
1093 1887 1247 1954 σαρκὶ
1288 1883 1317 1934 ὁ
1347 1882 1477 1941 θεὸς
1500 1880 1672 1952 ἡμῶν·
1701 1882 1730 1914 *
1756 1882 1811 1933 ἐκ
1841 1886 2043 1954 νεκρῶν
2067 1881 2307 1948 ἀνέστης,
2335 1884 2363 1915 '¹'
2390 1883 2633 1950 πατήσας
2656 1881 2756 1936 τόν
2782 1881 3033 1934 θάνατον
3078 1882 3105 1912 *

854 1963 1171 2035 «ἷνελήφθης
1220 1965 1278 2016 ἐν
1327 1961 1476 2033 δόξῃ,
1514 1962 1544 1994 *
1594 1961 1625 2014 ὁ
1664 1962 1729 2015 w*
1772 1963 2070 2032 σύμπαντα
2108 1964 2342 2034 πληρῶν·
2384 1964 2413 1995 *
2459 1968 2548 2016 καὶ
2597 1963 2916 2020 ἀπέστειλας
2964 1960 3107 2032 ἡμῖν

858 2050 1094 2116 Πνεῦμα
1132 2049 1307 2102 θεῖον.
1346 2045 1378 2076 *
1414 2048 1515 2096 τοῦ
1550 2042 1828 2112 εἷνυμνεῖν
1864 2046 1953 2095 καὶ
1990 2042 2241 2108 δοξάζειν
2277 2048 2381 2096 σοῦ
2419 2045 2517 2111 τήν
2552 2042 2872 2115 θεότηταῑ),

1035 2124 1155 2184 Sed
1196 2125 1268 2183 de
1296 2125 1487 2190 varia,
1526 2141 1677 2196 quae
1717 2125 2088 2183 saeculorum
2116 2125 2371 2183 decursu
2410 2125 2681 2184 hodierni
2703 2122 2908 2183 Officii
2936 2121 3109 2180 facta

858 2212 951 2265 est
986 2204 1193 2276 faciest,
1232 2221 1451 2278 operae
1488 2202 1676 2262 fuerit
1711 2205 1969 2277 pretium
2009 2206 2213 2278 legere
2255 2206 2791 2279 „comparationem
2840 2203 3108 2262 diverso·

856 2305 986 2345 rum
1023 2286 1353 2360 typicorum
1383 2285 1756 2344 orientalium
1799 2290 1974 2358 atque
2004 2285 2581 2358 italo-graecorum“‚
2621 2303 2793 2360 quam
2818 2287 3109 2358 „plerum-

859 2385 969 2440 que
1009 2384 1081 2436 ex
1119 2365 1396 2425 ineditis“
1447 2366 1683 2439 publico
1736 2365 1904 2423 dedit
1952 2364 2319 2424 Theodor.
2370 2365 2703 2426 Toscani
2750 2367 2811 2424 in
2858 2366 2980 2424 suis
3020 2364 3112 2418 Ad

858 2450 1032 2519 typica
1074 2449 1406 2503 Graecorum
1447 2445 2011 2501 animadversionibus
2054 2464 2132 2519 pp
2188 2439 2431 2504 76—8'1:
2489 2445 2520 2513 ἦ
2568 2447 2788 2511 ἔνδοξος
2834 2444 3113 2512 ἀνάληψις

861 2534 958 2582 τοῦ
997 2532 1211 2598 Κυρίου
1247 2526 1406 2597 ἡμῶν
1441 2526 1626 2592 Ἰησοῦ
1669 2530 1936 2597 Χριστοῦ.

1036 2731 1112 2797 In
1150 2730 1290 2813 jure
1339 2748 1516 2793 sacro
1563 2726 1871 2792 Ascensio
1912 2724 2162 2791 Domini
2211 2745 2351 2817 curn
2389 2726 2565 2791 festis
2597 2725 2935 2801 Passioni3‚
2986 2723 3107 2788 Re-

861 2829 1260 2899 surrectionis
1307 2832 1369 2892 et
1413 2822 1819 2891 Pentecostes
1864 2823 2497 2889 inter-solemnitates
2539 2825 2964 2890 oecumenicas
3010 2841 3102 2887 re-

863 2937 1150 2999 censetur
1173 2929 1257 3015 ²),
1328 2928 1547 2993 diebus
1607 2947 1720 3010 per
1780 2926 1990 2989 omnia
2050 2928 2486 3001 annumerata,
2554 2923 2666 3009 qui
2717 2921 2987 2985 maximi
3038 2922 3108 2983 in

846 3028 1318 3117 festivitatibus
1365 3025 1671 3089 habentur
1697 3023 1768 3107 ³).

1041 3155 1122 3220 Et
1169 3156 1287 3219 ista
1346 3152 1594 3236 quidem
1647 3151 1735 3215 ,de
1799 3149 1960 3214 festo
2022 3149 2426 3214 Ascensionis
2492 3146 2764 3213 breviter
2829 3143 3107 3229 attigisse

865 3255 1152 3321 sufficiat.
1248 3250 1314 3316 Si
1362 3250 1500 3333 quis
1546 3252 1871 3332 praeterea
1916 3247 2245 3332 populares
2291 3246 2447 3310 ritus
2495 3263 2678 3309 nosse
2725 3242 2953 3326 cupiat,
3003 3240 3107 3324 qui

864 3356 1010 3421 olim
1058 3351 1242 3417 variis
1289 3351 1350 3414 in
1397 3347 1755 3433 regionibus
1804 3346 2023 3410 eodem
2070 3346 2170 3410 die
2203 3343 2431 3409 servari
2467 3341 2766 3417 solebant,
2816 3344 2887 3404 ut
2915 3358 3105 3423 quum

867 3456 1169 3539 impressa
1230 3449 1294 3513 in
1355 3446 1570 3511 Monte
1618 3443 1838 3509 Oliveti
1906 3444 2131 3527 pedum
2197 3440 2430 3507 Christi
2492 3440 2752 3526 vestigia
2811 3435 3104 3523 singulari

867 3554 1091 3637 pietate
1141 3547 1533 3620 colebantur,
1600 3543 1692 3608 vel
1744 3540 2196 3626 quammultis
2251 3541 2312 3604 in
2363 3538 2643 3604 ecclesiis
2691 3536 2833 3601 festi
2882 3538 3105 3619 myste-

867 3653 1024 3716 rium
1075 3648 1315 3712 actione
1363 3638 1843 3728 exprimebatur,
1892 3630 1985 3705 ve'l
2033 3660 2227 3724 quum
2258 3638 2641 3703 Venetorum
2676 3635 2815 3701 Dux
2848 3631 3105 3699 solemni

868 3769 1094 3835 pompa
1140 3744 1296 3810 mari
1343 3740 1866 3826 desponsabatur:
1917 3739 1967 3803 si
2017 3739 2175 3822 quis,
2225 3738 2499 3821 inquam,
2547 3734 2692 3800 talia
2737 3733 2897 3798 seire
2947 3730 3102 3806 velit,

868 3847 1201 3931 scriptores
1248 3843 1446 3919 adeat,
1497 3841 1600 3925 qui
1650 3829 1727 3904 de
1775 3839 1963 3903 rebus
2011 3838 2088 3903 ad
2135 3837 2297 3902 festa
2329 3834 2640 3901 dominica
2685 3831 3123 3917 spectantibus,

870 3967 942 4010 ex
991 3942 1271 4028 professo
1320 3944 1461 4004 sunt
1510 3937 1928 4003 commentati.

1058 4200 1094 4265 ¹)
1135 4197 1271 4252 Edit.
1310 4202 1500 4263 venet„
1540 4212 1588 4266 p.
1629 4197 1731 4251 157
1751 4211 1763 4259 3
1815 4210 2010 4249 roman.
2050 4210 2098 4264 p.
2137 4194 2273 4261 3233
2326 4191 2519 4247 slavice
2557 4195 2611 4245 et
2646 4189 2940 4259 germanice
2977 4182 3103 4258 apud

873 4283 1207 4345 Maltzew,
1247 4277 1355 4331 Die
1392 4277 1774 4341 Nachtwache‚
1810 4292 1860 4345 p.
1898 4276 2019 4331 642.

1052 4360 1095 4425 ²)
1137 4359 1193 4413 C.
1233 4356 1339 4414 Illa
1361 4361 1556 4411 autem.
1597 4359 1680 4412 11.
1703 4357 1838 4411 Dist.
1862 4357 1946 4410 12.
1988 4355 2061 4419 (S.
2089 4354 2443 4423 Augustini
2484 4351 2709 4421 epistola
2748 4350 2824 4405 ad
2857 4349 3104 4403 Jannar..

872 4444 1004 4514 apud
1045 4442 1233 4509 Migne.
1272 4440 1415 4494 Patr.
1454 4440 1486 4493 Ι.
1527 4444 1565 4492 t.
1603 4440 1690 4503 33,
1730 4454 1779 4508 p.
1818 4438 1962 4503 200).

1053 4520 1097 4591 ³)
1138 4524 1194 4575 C.
1225 4520 1427 4590 Siquis
1446 4523 1625 4574 extra.
1666 4519 1801 4573 Dist.
1830 4521 1878 4573 1.
1905 4517 1967 4570 de
1987 4533 2125 4571 cona.
2167 4514 2446 4581 (Concil.
2474 4511 2745 4581 Agathe
2757 4527 2808 4564 n.
2833 4506 3103 4569 anni-506).
