3514 5391
832 498 1079 573 Κυριακὴ
1117 497 1168 565 ς’
1205 502 1309 557 τοῦ
1343 501 1575 574 τυφλοῦ.
1633 501 1837 560 Domin.
1877 500 1940 560 V.
1978 519 2028 576 p.
2065 500 2283 561 Pascha.
2571 503 2679 562 365

437 696 823 767 Belethus
889 718 942 767 e.
996 697 1123 766 122
1189 698 1418 786 aliique
1483 699 1819 786 scriptores
1887 700 2060 768 citati
2119 721 2155 768 a
2215 701 2331 769 Du
2380 700 2675 790 Gange,

445 792 728 862 Glossar.
776 794 890 864 lat.
939 794 1005 861 h.
1053 817 1111 862 v.
1162 834 1247 845 —
1313 796 1554 864 Verum
1602 794 1860 874 Sassi,
1923 796 2159 885 Aeppi.
2215 797 2678 864 Mediolanens.

434 895 624 959 series
667 894 880 958 chron.
927 893 1095 972 hist„
1144 894 1220 959 de
1253 918 1303 960 s.
1331 894 1634 974 Lazzaw,
1684 894 2248 974 etHensehen.‚
2299 897 2503 963 socius
2533 896 2678 961 Bol-

432 991 731 1072 landino„
795 992 940 1059 Aet.
990 990 1099 1058 SS.
1154 994 1255 1058 ll.
1306 994 1496 1059 Febr.
1560 993 1869 1077 (ejusdem
1919 994 2155 1060 mensis
2200 999 2246 1062 t.
2295 995 2357 1072 2,
2407 1016 2466 1079 p.
2516 995 2678 1081 522)

433 1090 807 1178 Rogationes
868 1110 907 1155 a
951 1110 1001 1156 a.
1051 1090 1318 1157 Lazzaro
1366 1090 1704 1156 Mediolani
1766 1096 1909 1157 ante
1955 1097 2240 1176 tempora
2286 1112 2336 1157 s,
2386 1092 2677 1159 Mamerti

420 1191 549 1274 jam
598 1189 919 1255 institutas
964 1181 1159 1254 fuisse
1206 1190 1608 1255 contendunt.

603 1295 1026 1380 Gonjunetum
1072 1296 1246 1363 initio
1295 1317 1438 1362 oum
1487 1295 1938 1382 Rogationibus
1983 1298 2304 1388 jejunium
2359 1303 2522 1375 erat3
2593 1299 2682 1365 ita

427 1394 591 1462 enim
649 1393 878 1460 Patres
939 1393 1341 1461 Arelatenses
1401 1398 1748 1460 statuerant
1808 1414 2044 1460 canone
2109 1396 2409 1462 adducto:
2471 1399 2677 1484 Roya-

425 1496 648 1574 tiones,
698 1493 772 1560 id
795 1502 907 1573 est,
954 1492 1222 1558 litanias
1270 1488 1419 1557 ante
1450 1490 1895 1559 Ascensionem
1924 1493 2193 1558 Domini
2226 1494 2479 1581 placuit
2524 1495 2677 1560 cele·

425 1592 625 1674 brari,
688 1594 788 1657 ita
829 1603 902 1656 ut
939 1592 1362 1678 praemissum
1409 1590 1780 1656 triduanum
1810 1591 2131 1682 jejunium
2189 1593 2260 1656 in
2305 1594 2678 1659 Dominicae

423 1691 842 1757 Ascensionis
888 1687 1300 1754 Solemnitate
1345 1688 1652 1769 solvatur,
1691 1713 1818 1776 per
1861 1688 2031 1777 quod
2078 1691 2359 1756 triduum
2403 1692 2570 1756 servi
2621 1701 2681 1756 et

424 1787 711 1855 ancillae
755 1786 839 1852 ab
888 1809 1076 1874 opere
1119 1787 1515 1870 relaxentur,
1579 1810 1699 1873 quo
1743 1789 1947 1875 maqis
1986 1785 2169 1874 plebs
2210 1790 2511 1855 universa
2538 1813 2678 1856 con·

419 1889 679 1953 veniat:
724 1909 846 1973 quo
895 1885 1107 1951 triduo
1154 1908 1366 1951 omnes
1413 1885 1778 1951 abstineant
1823 1897 1882 1949 et
1928 1888 2118 1951 etiam
2142 1877 2678 1974 'quadragesima-

422 1985 615 2074 libus‘
640 1984 801 2050 cibis
847 1993 1131 2053 utantur.
1914 2064 1921 2070 .

602 2092 915 2176 Quoniam
964 2112 1108 2158 vero
1157 2112 1230 2158 ex
1261 2090 1381 2157 alio
1430 2112 1667 2159 canone
1697 2093 1743 2177 ¹)
1793 2112 2057 2177 operosa
2077 2092 2453 2176 jejuniorum
2481 2097 2679 2180 pietas

421 2191 763 2259 indicenda
806 2210 931 2256 non
977 2196 1073 2258 est
1119 2197 1401 2275 tempore
1447 2190 2012 2278 Quinquagesimae
2073 2192 2404 2276 paschalis,
2467 2194 2680 2281 glossa

421 2293 498 2359 ad
545 2292 726 2358 huno
769 2289 979 2356 loeum
1039 2292 1656 2357 animadvertendum
1720 2295 1960 2368 censet,
2012 2292 2332 2381 jejunium
2391 2292 2491 2356 hic
2549 2315 2675 2357 non

411 2389 756 2479 praecipi,
820 2388 933 2454 sed
977 2389 1241 2455 suaderi
1287 2400 1563 2469 tantum,·
1627 2390 1689 2454 in
1736 2388 2043 2473 ejusmodi
2091 2390 2352 2456 materia
2398 2390 2569 2455 enim‘
2607 2393 2678 2455 in

420 2488 537 2555 illo
602 2499 883 2575 tempore
940 2509 1437 2575 unamquamque
1488 2487 1893 2574 provinciam
1952 2486 2280 2552 abundare
2341 2487 2562 2552 debere
2608 2489 2678 2552 in

422 2609 611 2652 semu
675 2608 789 2651 suo
842 2585 1020 2669 juxta
1082 2606 1134 2652 e.
1193 2585 1454 2651 Utinam
1520 2586 1622 2650 ll.
1672 2586 1830 2652 Dist.
1883 2585 1988 2651 76.
2084 2585 2320 2651 Verum
2368 2587 2678 2669 quomodo

422 2684 527 2753 illa
587 2709 756 2774 quae
793 2707 919 2773 per
962 2685 1072 2750 hos
1119 2685 1580 2771 quinquaqinta
1629 2682 1767 2748 dies
1825 2682 2008 2749 nobis
2054 2693 2147 2750 est
2177 2685 2358 2773 juqis
2418 2708 2494 2749 ac
2540 2708 2678 2749 con-

425 2786 687 2850 tinuata
716 2784 1164 2873 festivita-3²),
1231 2804 1354 2849 non
1405 2783 1652 2849 tollatur
1697 2781 2110 2869 Rogationum
2160 2781 2425 2866 jejunio,
2489 2785 2677 2849 ratio-

421 2884 610 2949 nibus
650 2883 942 2967 juridieis
990 2902 1115 2948 non
1151 2882 1492 2967 incongrue
1540 2882 1720 2947 docet
1765 2881 1977 2966 glossa
2025 2880 2101 2947 ad
2149 2899 2202 2946 e.
2255 2877 2430 2944 Scire
2476 2880 2676 2967 debet,

423 2981 593 3048 verb.
629 2980 915 3070 jejunia.
2570 2984 2583 2993 ”

604 3079 707 3145 De
752 3079 1097 3145 rationibus
1141 3078 1409 3144 triduani
1442 3078 1628 3163 hujus
1649 3078 1888 3163 jejunii,
1938 3079 2103 3162 quod
2135 3078 2340 3143 medio
2369 3077 2489 3143 hoe
2518 3079 2676 3139 tem-

422 3197 574 3262 pore
624 3175 941 3261 pasehalis
988 3177 1258 3244 laetitiae
1305 3176 1693 3243 Viennenses
1740 3175 2012 3261 primum
2046 3195 2293 3243 servare
2341 3180 2678 3260 coeperunt

323 3306 328 3310 ·
425 3295 477 3339 s,
540 3275 845 3341 Avitus
906 3274 1396 3343 Viennensis
1473 3274 1691 3340 merito
1753 3274 2078 3357 scribit⁸):
2158 3275 2500 3339 Festivitas
2565 3281 2675 3354 est,

424 3377 606 3464 cujus
637 3372 1025 3463 jucunditas
1072 3383 1208 3439 tota
1250 3373 1392 3439 sola
1436 3371 1779 3456 sobrietas,
1840 3377 2018 3462 cujus
2081 3371 2307 3459 epulae
2336 3371 2676 3467 'lact-imae,

425 3474 607 3561 eujus
659 3480 898 3557 pastus
962 3473 1199 3537 esuries
1260 3483 1353 3537 est
1368 3497 1396 3545 ,·
1462 3475 1639 3560 cujus
1690 3470 2089 3557 principium
2148 3492 2228 3535 eoe
2285 3470 2675 3549 necessitate,

415 3571 911 3655 perseverantia
954 3570 1025 3634 in
1056 3569 1408 3652 dilectione,
1456 3578 1638 3634 actus
1671 3569 1743 3632 in
1775 3568 2007 3654 requie,
2053 3567 2299 3654 requies
2336 3568 2403 3631 in
2438 3565 2673 3632 labore.

621 3713 862 3720 .-.—›——-—

611 3781 654 3850 ¹)
696 3782 758 3837 C.
797 3782 955 3838 Scire
991 3781 1147 3837 debet
1180 3784 1233 3839 8.
1269 3782 1406 3838 Dist.
1446 3785 1531 3840 76.
1606 3781 1735 3837 Vide
1776 3798 1932 3853 supra
1970 3799 2019 3852 p.
2056 3782 2180 3836 340.

608 3861 655 3930 ¹)
698 3862 809 3918 Cfr.
848 3861 906 3917 C.
944 3862 1103 3918 Scire
1139 3863 1296 3918 debet
1331 3864 1418 3919 eit.

609 3941 655 4013 ⁸)
697 3942 891 4010 migne,
928 3941 1071 3997 Patr.
1110 3942 1143 3997 l.
1181 3948 1220 3997 t.
1258 3944 1345 4011 59,
1382 3959 1433 4014 p.
1469 3945 1592 3999 293.
