3514 5391
682 480 778 535 XII
1628 481 1894 536 Praefatio
1932 484 1986 535 et

1070 594 1214 601 0——

685 686 844 744 stata
888 681 1021 745 vice
1069 686 1254 765 atque
1302 681 1515 746 ordine
1563 701 1739 745 suam
1787 680 2106 765 proferant
2151 682 2401 746 brevem
2451 682 2718 766 aliquam
2753 683 2925 749 lucu-

686 779 1053 843 brationem.
1150 780 1327 860 Quod
1394 779 1702 863 reliquum
1770 785 1866 844 est
1927 780 2223 863 temporis
2284 782 2368 845 ita
2427 780 2794 859 dividimuS,
2857 787 2926 845 ut

686 883 923 961 partem
974 877 1231 942 alteram
1279 878 1522 963 expleat
1569 879 1853 944 rubricae
1899 898 2008 944 seu
2059 880 2313 944 canonis
2359 873 2774 964 ἓορταστικοῢ
2820 902 2925 945 ex-

686 977 926 1059 positio,
977 976 1231 1041 alteram
1279 997 1424 1042 vero
1474 976 1759 1061 repetitio
1824 996 1896 1042 ac
1943 978 2326 1042 diversorum
2375 978 2602 1042 rituum
2652 979 2814 1044 inter
2859 998 2926 1044 se

686 1074 850 1140 sacta
897 1074 1157 1153 collatio,
1210 1076 1433 1141 additis
1480 1076 1670 1140 etiam
1718 1076 1904 1140 variis
1936 1076 2403 1160 quaestionibus
2432 1076 2803 1142 kalendariis
2849 1078 2927 1141 ad

687 1174 983 1257 temporis
1029 1175 1223 1238 nostri
1267 1175 1524 1260 genium
1571 1176 2074 1241 accommodatis,
2246 1246 2254 1253 ,

866 1271 1209 1356 Designata
1253 1275 1518 1358 denique
1568 1275 1845 1351 materia,
1895 1276 1972 1339 de
2010 1295 2133 1358 qua
2180 1275 2457 1358 proxime
2491 1274 2571 1339 sit
2617 1274 2927 1339 disseren-

687 1371 855 1448 dum,
906 1375 1246 1435 conventus
1296 1372 1572 1438 solvitur.
1645 1374 1778 1454 Quo
1828 1373 2117 1438 nimirum
2172 1375 2250 1439 ad
2296 1374 2568 1438 fructum
2617 1372 2927 1437 efficacio-

688 1489 787 1533 res
835 1470 1099 1533 evadant
1145 1470 1517 1547 academiae,
1569 1472 1906 1536 earundem
1955 1473 2215 1536 materia
2260 1473 2644 1537 auditoribus
2691 1472 2928 1556 privato

688 1567 891 1631 studio
939 1568 1106 1633 domi
1155 1572 1249 1635 est
1296 1570 1605 1652 paranda3
1673 1571 1780 1653 qui
1843 1570 2008 1636 enim
2056 1571 2339 1654 imparati
2401 1572 2478 1636 ad
2527 1575 2767 1637 coetum
2827 1592 2929 1635 ve-

590 1644 887 1741 ·niunt,
939 1666 1341 1750 dispositione
1389 1672 1602 1734 carent
1667 1670 1743 1734 ad
1792 1670 2056 1735 solidum
2107 1670 2376 1735 fructum
2437 1691 2511 1735 ex
2559 1670 2928 1735 academicis

689 1763 1180 1832 discussionibus
1229 1768 1620 1851 capiendum.

866 1863 1046 1929 Hanc
1093 1870 1298 1931 autem
1362 1866 1673 1950 praeviam
1723 1872 2011 1932 coetuum
2062 1867 2595 1951 praeparationem
2663 1871 2732 1930 ut
2777 1866 2926 1931 faci-

690 1959 903 2026 liorem
956 1963 1309 2041 reddamuS,
1361 1985 1571 2031 eorum
1621 1967 1889 2050 imperat
1936 1967 2227 2042 conditi0,
2278 1966 2384 2050 qui
2413 1966 2762 2031 academias
2809 1965 2929 2029 fre-

691 2066 1008 2143 quentant.
1102 2063 1351 2129 Etenim
1400 2086 1473 2130 eo
1521 2067 1703 2131 etiam
1756 2067 2006 2143 omisso
2058 2066 2225 2149 quod
2271 2064 2484 2150 paucis
2517 2064 2929 2129 bibliothec-ae

692 2162 938 2241 praesto
987 2166 1132 2226 sunt
1177 2162 1537 2246 locupletes,
1588 2162 1815 2239 clerici,
1866 2165 2011 2229 dum
2063 2164 2280 2228 eodem
2329 2167 2610 2246 tempore
2637 2161 2928 2245 gravissi-

693 2256 811 2319 mis
860 2256 1207 2344 theologiae
1255 2263 1475 2326 studiis
1524 2263 1927 2339 distinemur,
1996 2266 2244 2346 tempus
2307 2260 2520 2345 procul
2569 2260 2758 2325 dubio
2809 2280 2930 2323 non

692 2353 944 2433 habent,
1013 2355 1192 2440 plura
1237 2379 1431 2444 eaque
1492 2381 1613 2425 non
1674 2361 1931 2447 exiguae
1995 2360 2175 2425 molis
2237 2359 2552 2425 volumina
2612 2357 2930 2423 evolvendi

693 2457 879 2535 atque
928 2474 1003 2518 ex
1047 2455 1123 2519 iis
1169 2477 1293 2522 non
1341 2461 1473 2524 sine
1519 2460 1732 2524 labore
1797 2464 1893 2523 sat
1953 2458 2212 2523 molesto
2275 2457 2704 2541 conquirendi,
2773 2475 2930 2538 quae

693 2550 769 2614 ad
816 2551 1295 2635 disputationem
1345 2559 1623 2641 proxime
1654 2557 1949 2621 indictam
1985 2558 2312 2640 pertinent.
2377 2555 2764 2638 Quapropter
2797 2574 2930 2618 rem

692 2649 921 2715 bonam
967 2652 1188 2720 facturi
1237 2656 1416 2722 nobis
1464 2657 1845 2734 videbamur,
1896 2657 1946 2721 si
1994 2657 2054 2720 in
2104 2656 2376 2740 ipsorum
2413 2654 2808 2719 commodum
2839 2658 2931 2716 at-

695 2768 814 2832 que
862 2750 1189 2819 utilitatem
1239 2754 1359 2820 hoc
1406 2752 1841 2840 Ἑορτολόγιον
1900 2752 2276 2839 πρόχειρον,
2341 2754 2516 2836 quasi
2579 2752 2930 2835 expeditam

693 2852 754 2913 et
782 2849 1025 2914 obviam
1057 2853 1279 2937 cuique
1300 2854 1683 2940 Heortologii
1712 2855 1902 2919 totius
1933 2853 2319 2930 methodum,
2353 2853 2701 2928 ederemuS,
2736 2871 2927 2935 quum

698 2950 1057 3030 praesertim
1108 2945 1887 3037 ejusniodi-'nyecqt'dtov,
1952 2952 2116 3036 quod
2163 2952 2222 3016 iu
2274 2954 2564 3034 promptu
2627 2971 2699 3014 ac
2748 2949 2935 3015 veluti

697 3046 784 3109 ad
827 3069 1081 3112 manum
1128 3051 1415 3116 omnibus
1464 3056 1655 3128 esset,
1726 3071 1804 3116 ne
1850 3054 2158 3115 tentatum
2207 3050 2458 3133 quidem
2518 3049 2593 3113 ab
2642 3046 2766 3112 ullo
2816 3046 2933 3111 alio

698 3142 904 3209 videre
953 3147 1130 3211 nobis
1175 3148 1469 3216 licuisset.
1564 3150 1703 3215 Huc
1751 3150 1942 3235 igitur
1988 3148 2424 3232 spectavimus,
2475 3167 2665 3230 quum
2696 3144 2933 3209 Kalen-

696 3242 937 3306 darium
1001 3246 1299 3313 ecclesiae
1361 3249 1699 3313 catholicae
1764 3247 2103 3322 orientaliS,
2172 3266 2332 3330 quae
2382 3266 2522 3309 cum
2569 3242 2933 3309 occidentali

697 3361 819 3405 uno
867 3342 1015 3409 fidei
1062 3346 1459 3431 caritatisque
1507 3348 1725 3430 spiritu
1769 3346 2098 3412 informata
2128 3345 2465 3426 intimeque
2499 3341 2788 3426 colligata
2820 3342 2932 3414 est,

698 3460 771 3504 ex
818 3440 953 3525 ipso
1004 3443 1343 3529 archetypo
1374 3445 1762 3510 orientalium
1801 3435 2032 3510 rituum
2079 3442 2372 3507 brevibus
2418 3440 2792 3523 quibusdam
2827 3435 2953 3503 an-'

698 3543 1135 3620 notationibuS,
1188 3544 1472 3627 factaque
1520 3564 1661 3608 cum
1711 3543 1917 3607 latinis
1965 3541 2139 3606 fastis
2187 3539 2531 3615 collatione,
2581 3559 2691 3622 pro
2721 3538 2935 3603 usibus

699 3641 1071 3706 academicis
1132 3644 1331 3707 conati
1394 3663 1610 3707 sumus
1673 3642 1886 3725 paucis
1948 3638 2335 3722 interpretari
2398 3635 2675 3701 adhibito
2723 3635 2933 3700 titulo:

697 3734 1128 3820 Ἑορτολόγιον
1174 3737 1519 3825 πρόχειρον
1566 3736 1946 3826 ἀμφοτέρων
1991 3741 2120 3800 τῶν
2150 3730 2500 3822 ἐκκλησιῶν
2543 3737 2654 3817 τῆς
2680 3755 2750 3796 τε
2782 3729 2934 3795 ἄνα-

702 3836 954 3924 τολικῇς
997 3836 1105 3900 καὶ
1150 3843 1262 3925 τῆς
1309 3837 1579 3924 δυτικῆς,
1629 3835 1797 3920 πρὸς
1841 3839 2061 3922 χρῆσιν
2106 3837 2234 3897 τῶν
2280 3826 2746 3917 πρωτοπείρων
2789 3827 2934 3914 κλη-

699 3940 907 4021 ρικιῦν,
972 3936 1440 4002 Kalendarium
1496 3932 1793 3999 manuale
1841 3935 2165 4017 utriusque
2212 3930 2539 4006 ecclesiae,
2602 3925 2936 3992 orientalis

702 4046 761 4099 et
806 4036 1237 4106 occidentalis,
1286 4037 1357 4099 in
1403 4058 1580 4099 usum
1628 4032 1994 4097 clericorum
2042 4032 2330 4094 tironum.

878 4135 1011 4216 Quo
1059 4136 1121 4199 in
1170 4134 1377 4199 labore
1441 4138 1583 4198 ante
1645 4133 1852 4196 omnia
1912 4129 2297 4194 necessariae
2353 4124 2746 4191 serviendum
2808 4131 2940 4189 erat

704 4234 1020 4312 brevitati3
1082 4237 1327 4317 praeter
1375 4233 1539 4297 enim
1588 4251 1776 4313 quam
1823 4229 1986 4312 quod
2035 4226 2266 4312 ingenii
2313 4230 2378 4289 et
2424 4221 2785 4289 eruditionis
2831 4244 2940 4287 no·

704 4339 866 4399 strae
914 4332 1181 4398 tenuitas
1229 4331 1394 4406 fecit,
1446 4335 1512 4395 ut
1559 4349 1673 4394 nec
1704 4347 1947 4412 magna,
2000 4345 2113 4389 nec
2146 4324 2463 4389 recondita
2493 4322 2769 4406 proferre
2794 4341 2939 4406 pos-

705 4451 949 4508 semus,
1018 4431 1151 4514 ipse
1214 4429 1566 4512 scriptionis
1628 4444 1856 4509 scopus
1917 4423 2150 4509 exegit,
2218 4426 2287 4488 ut
2334 4426 2425 4487 tot
2471 4440 2571 4486 res
2620 4441 2691 4485 ac
2738 4423 2940 4485 tantas
