3514 5391
848 480 955 534 282
1582 480 1742 534 Festa
1778 480 1987 535 mobilia
2021 485 2141 549 post
2178 479 2393 534 Pascha.

2672 589 3087 598 --—————.

845 677 1093 743 Judaei
1152 688 1424 765 tempore
1472 679 1741 743 Pascha·
1774 677 2159 744 celebrantes
2188 677 2266 763 ¹),
2334 678 2554 745 Patres
2600 678 2866 743 Nicaeni
2924 677 3092 741 inter

849 776 973 841 illa
1000 777 1168 861 fidei
1225 787 1296 842 ut
1340 800 1490 842 vera
1534 779 1633 843 ita
1680 778 2069 842 admiranda
2129 778 2379 842 decreta
2441 779 2632 841 etiam
2691 797 2885 864 super
2940 773 3091 839 cele·

858 875 1086 940 britate
1161 888 1507 941 memorata
1530 876 1582 961 ²)
1658 878 1967 941 communi
2035 879 2307 941 omnium
2353 876 2605 965 judicio
2668 873 3095 959 definitionem

846 975 1198 1052 ediderunt,
1265 980 1364 1053 ut,
1432 975 1835 1041 Judaeorum
1878 975 2324 1042 consuetudine
2369 972 2618 1053 relicta,
2684 974 3093 1038 sanctissima

844 1074 991 1137 haec
1040 1072 1402 1139 solemnitas
1447 1097 1571 1139 uno
1618 1074 1947 1160 eodemque
1992 1074 2094 1138 die
2128 1073 2208 1137 ab
2242 1071 2529 1138 omnibus
2555 1073 2783 1159 ubique
2814 1072 3091 1138 celebra·

842 1182 1017 1236 retur
1040 1171 1113 1257 ⁸).

1024 1280 1169 1345 Jam
1232 1279 1406 1364 quae'
1455 1281 1533 1345 ad
1590 1279 1917 1346 historiam
1982 1280 2295 1364 pertinent
2358 1278 2544 1364 hujus
2610 1281 3088 1356 controversiae,

844 1398 1003 1462 quae
1065 1379 1215 1444 item
1281 1380 1356 1443 ad
1407 1379 1742 1444 Decretum
1791 1378 2139 1444 Nicaenum
2204 1383 2265 1443 et
2311 1379 2514 1443 omnis
2559 1379 2811 1463 generis
2866 1398 3089 1443 monu-

843 1481 1054 1541 menta
1099 1476 1224 1542 huc
1272 1478 1636 1561 spectantia,
1685 1478 1750 1542 in
1780 1476 1854 1543 cl.
1892 1477 1967 1543 D.
2001 1477 2073 1542 L.
2104 1475 2538 1542 Duchesne
2583 1477 2769 1542 velim
2803 1497 3088 1562 quaeraS,

842 1575 950 1657 qui
995 1574 1240 1661 singula
1286 1595 1532 1640 summo
1582 1576 1788 1640 studio
1837 1575 2182 1659 exquisivit,
2235 1579 2296 1642 et
2343 1575 2769 1640 recentissime
2815 1575 2877 1640 in
2908 1575 3091 1642 Actis

842 1672 1148 1738 literariis.
1186 1675 1396 1738 Revue
1460 1671 1571 1737 des
1634 1676 1954 1759 questions
2016 1675 2392 1759 historiques
2455 1673 2576 1738 hoc
2640 1673 3090 1737 commentario

841 1770 1198 1838 illustravit:
1248 1773 1344 1836 La
1372 1774 1658 1858 question
1681 1773 1757 1836 de
1789 1771 1856 1836 la
1889 1773 2099 1858 Paque
2129 1796 2214 1836 au
2241 1771 2473 1836 concile
2507 1772 2584 1835 de
2614 1771 2814 1836 Nice'e
2859 1770 3089 1855 (1880,

841 1875 889 1941 t..
935 1870 994 1948 2,
1058 1892 1160 1955 pp.
1210 1872 1251 1936 6
1299 1871 1523 1958 seqq).
1627 1870 1697 1935 In
1747 1870 2247 1955 supplementum
2312 1889 2558 1955 quoque
2617 1870 2812 1937 videri
2859 1870 3091 1954 poterit

840 1989 998 2034 nova
1036 1969 1222 2034 editio
1270 1967 1441 2034 Libri
1474 1968 1858 2034 Pontificalis
1904 1969 2039 2034 loco
2086 1969 2148 2033 in
2213 1969 2726 2054 praecedentibus
2767 1969 2928 2034 notis
2951 1969 3088 2053 jam

843 2066 1112 2143 laudato.
1583 2073 1586 2078 ’
2698 2081 2701 2086 Α

1026 2176 1182 2239 Tria
1210 2176 1400 2262 igitur
1431 2186 1579 2239 sunt
1594 2176 1968 2262 praecipue,
2016 2175 2222 2240 verbis
2259 2177 2488 2240 utimur
2518 2194 2568 2240 s,
2603 2174 3052 2258 Epiphanii
3073 2226 3087 2250 ,

840 2272 1108 2340 Haeres.
1159 2274 1262 2350 70,
1314 2296 1372 2340 n.
1425 2274 1540 2352 12,
1605 2273 1831 2359 quibus
1875 2273 2205 2338 Paschatis
2251 2272 2581 2337 celebritas
2627 2270 2936 2359 alliyatur
2984 2269 3089 2357 (ix

838 2374 1033 2455 τριῶν
1078 2369 1453 2458 συνέστηκεν
1500 2368 1535 2434 ὁ
1582 2375 1698 2435 τοῦ
1745 2369 1981 2452 Πάσχα
2038 2368 2457 2457 σῦιιδεσμος).·
2516 2368 2671 2435 solis
2729 2372 2801 2434 in
2850 2372 3091 2457 primis

840 2491 1076 2552 cursus,
1118 2480 1386 2557 propter
1431 2471 1832 2535 Dominicam
1895 2493 1969 2535 ac
2016 2489 2280 2535 mensem
2299 2470 2353 2555 4)
2374 2522 2389 2548 ,
2454 2480 2580 2533 tam
2627 2469 2829 2533 lunae
2861 2470 3087 2534 itidem

838 2590 1074 2649 cursus,
1122 2567 1310 2654 idque
1344 2579 1618 2656 propter
1667 2566 1875 2654 leqem,
1925 2591 2082 2655 qaae
2130 2571 2238 2636 14.
2290 2568 2443 2633 luna
2488 2565 2810 2662 immolari
2838 2568 3089 2632 Pascha

833 2666 1154 2754 praecipit
1175 2665 1245 2743 ⁵).

1022 2918 1063 2986 ¹)
1102 2919 1209 2974 Cfr.
1248 2934 1290 2972 8.
1323 2919 1648 2974 Athanas.
1687 2919 1840 2989 epist.
1880 2919 1956 2973 ad
1990 2920 2167 2990 Afros
2203 2935 2378 2989 eppos.
2418 2919 2573 2988 (apud
2601 2919 2791 2988 Migne,
2829 2919 2976 2973 Patr.
3003 2936 3084 2989 gr.

839 3003 878 3053 t·
918 3000 1348 3149 26'250133353924
1365 3080 1459 3134 mb
1477 3080 1705 3134 rosius
1763 3081 1813 3133 in
1851 3080 2078 3150 epistola
2117 3080 2193 3134 ad
2236 3095 2412 3150 eppos.
2450 3079 2720 3133 Aemiliae
2773 3079 2951 3148 (epist.
2992 3080 3080 3145 23,

836 3160 1018 3214 classis
1058 3163 1105 3226 1,
1148 3161 1282 3230 apud
1320 3159 1510 3228 Migne,
1548 3159 1743 3214 Patrol.
1784 3160 1818 3214 l.
1857 3165 1897 3215 t.
1938 3162 2022 3227 16,
2061 3177 2144 3230 pp.
2185 3161 2580 3227 1026—1027).
2618 3189 2686 3198 —
2726 3158 2917 3225 Quodsi
2957 3175 3084 3214 vero

834 3246 1130 3310 quaeratur,
1186 3255 1404 3311 quonam
1454 3255 1609 3293 sensu
1660 3240 1907 3310 placitum
1956 3240 2237 3295 Nicaenum
2289 3240 2358 3294 de
2393 3239 2670 3293 Paschate
2716 3239 2827 3293 r1'te
2872 3239 3084 3309 aqendo

836 3320 1127 3373 Decretum
1157 3319 1299 3391 fidei
1331 3321 1611 3389 nuncupari
1650 3325 1824 3390 queat,
1874 3337 2027 3390 quum
2065 3325 2238 3374 tamen
2274 3320 2509 3375 Ecclesia
2552 3320 2787 3374 absolute
2826 3320 3083 3390 potuisset

835 3401 1164 3468 permittere,
1222 3404 1281 3453 ut
1330 3400 1577 3454 christani
1629 3401 1807 3455 eodem
1855 3417 1955 3471 quo
1992 3401 2174 3456 Judaei
2224 3405 2454 3469 tempore
2490 3400 2691 3454 Pascha
2737 3400 3079 3466 celebrarent,

833 3481 1240 3550 respondendum
1277 3485 1359 3534 est
1396 3486 1678 3551 opportune
1717 3481 1949 3536 adhibita
1985 3482 2074 3536 illa
2123 3482 2479 3547 distinctione,
2530 3496 2684 3549 quam
2733 3480 2784 3534 in
2827 3480 3081 3551 Computa

834 3562 1017 3616 eccle-3.
1056 3561 1410 3631 proposuimus
1448 3577 1530 3631 pp.
1570 3562 1813 3616 97—98:
1853 3562 2052 3616 scilicet
2076 3578 2187 3631 per
2222 3578 2285 3615 se
2320 3561 2521 3631 quidem
2559 3560 2624 3614 ad
2651 3560 2803 3615 fidem
2839 3576 2942 3614 non
2968 3577 3079 3630 per-

833 3643 1029 3709 tinere,
1080 3648 1253 3696 utrum
1289 3641 1490 3695 Pascha
1540 3642 1833 3697 celebretur
1869 3659 1984 3697 cum
2019 3642 2230 3698 Judaeis
2281 3642 2401 3696 luna
2440 3642 2527 3707 14,
2575 3658 2641 3694 an
2693 3640 2774 3694 die
2812 3640 3080 3695 Dominieo

833 3724 1095 3793 sequenti;
1135 3724 1395 3793 pertinere
1433 3728 1607 3776 autem
1643 3722 1861 3776 ratione
1897 3721 2268 3788 connexionis,
2318 3722 2361 3775 si
2398 3738 2448 3776 v.
2487 3738 2540 3791 g.
2579 3721 2694 3775 ideo
2731 3726 2924 3790 agatur
2960 3722 3079 3776 luna

835 3805 918 3857 14.
956 3802 1106 3874 primi
1144 3803 1351 3865 mensiS,
1404 3803 1538 3872 quod
1575 3808 1789 3872 putetur
1825 3803 2001 3873 typica
2041 3803 2130 3857 illa
2168 3803 2251 3856 lex
2288 3803 2515 3856 mosaica
2551 3802 2613 3856 de
2651 3801 2909 3856 Paschate
2949 3802 3078 3857 cele-

832 3883 1025 3937 brando
1065 3883 1115 3937 in
1154 3882 1217 3936 N.
1257 3882 1398 3937 Test.
1439 3884 1602 3938 adhuc
1641 3885 1899 3954 obligare;
1951 3892 2034 3939 est
2079 3885 2213 3939 enim
2265 3890 2447 3939 contra
2482 3884 2650 3949 fidem,
2706 3884 2921 3938 credere
2958 3900 3076 3938 ven·

836 3963 939 4016 turi
979 3962 1199 4017 Messias
1237 3968 1390 4033 typos
1429 3965 1540 4033 ejus
1579 3964 1805 4017 adventu
1842 3980 1903 4018 ac
1941 3968 2107 4018 morte
2144 3980 2245 4018 non
2284 3980 2398 4017 esse
2436 3964 2685 4018 sublatos,

1017 4041 1061 4109 ³)
1099 4043 1386 4112 Desumpta
1423 4044 1551 4097 haec
1589 4049 1709 4098 sunt
1761 4060 1825 4098 ex
1864 4045 2084 4114 epistola
2121 4044 2575 4099 Constantini
2629 4043 2749 4113 imp.
2788 4044 2878 4098 De
2914 4045 3078 4099 rebus

831 4122 1074 4177 Nicaeae
1104 4123 1298 4193 gestis,
1333 4123 1502 4177 relata
1539 4124 1602 4178 ab
1642 4124 1942 4178 Eusebio
1980 4125 2031 4178 in
2068 4125 2185 4180 Vita
2227 4124 2583 4189 Constantini,
2619 4124 2652 4178 l.
2679 4126 2730 4189 3,
2771 4142 2845 4179 cc.
2871 4126 3079 4181 17-20

834 4204 990 4273 (apud
1029 4204 1218 4271 Migne,
1257 4202 1399 4258 Patr.
1439 4220 1519 4272 gr.
1557 4208 1596 4257 t.
1634 4206 1721 4271 20,
1761 4220 1845 4274 pp.
1887 4206 2026 4260 1075
2065 4210 2248 4275 seqq).

1011 4284 1057 4351 ⁴)
1097 4283 1259 4349 Nota,
1309 4284 1463 4338 solari
1503 4301 1653 4339 cursu
1692 4285 1791 4339 duo
1830 4286 2087 4340 elementa
2134 4289 2224 4350 τῆς
2272 4288 2372 4338 τοῦ
2410 4284 2618 4352 Πιίσχα
2654 4284 2913 4355 εὑρέσεως
2962 4304 3077 4341 con·

833 4364 1002 4429 tineri,
1041 4364 1258 4434 primum
1295 4380 1521 4418 mensem
1561 4365 1670 4419 sive
1707 4366 2085 4436 aequinoctium
2124 4371 2179 4420 et
2214 4367 2419 4421 feriam.
2443 4383 2533 4421 seu
2571 4366 2703 4421 diem
2740 4366 3072 4422 Dominicum.

1010 4443 1053 4511 ὅ)
1094 4445 1239 4515 Apud
1280 4445 1468 4515 Migne,
1506 4444 1649 4498 Patr.
1687 4462 1770 4517 gr.
1810 4451 1847 4499 t.
1887 4446 1973 4507 42.
2012 4462 2060 4516 p.
2100 4447 2223 4502 359.
