3514 5391
925 479 1030 543 578
1553 482 1729 541 Annus
1768 481 2149 541 ecclesiasticus
2188 487 2540 545 Armenomm.

1405 682 1577 739 Sentio
1615 681 1702 737 111.
1767 683 2009 739 Hinun-k.
2066 684 2372 740 Pentecoste
2409 687 2683 755 paschalis·

1060 953 1332 1018 Sectio
1380 950 1514 1016 III.
1591 929 1974 1019 H'inun-k.
2054 931 2542 1028 Pentecoste
2587 955 3014 1041 paschalis.

1102 1114 1439 1178 Dominica
1484 1116 1715 1198 maq‘na
1762 1108 1838 1177 'ac
1882 1117 2038 1179 mire
2081 1114 2363 1201 qloriosa
2387 1117 2693 1182 Paschate
2738 1117 3005 1185 vivificae
3032 1118 3127 1179 Re-

922 1213 1333 1278 stm-rectionis
1384 1210 1621 1278 Christi
1666 1212 1933 1278 Domini
1974 1217 2197 1279 nostri.

1104 1355 1379 1442 Magni
1428 1356 1866 1445 Paschatis
1927 1358 2085 1422 sive
2135 1356 2760 1424 Resurectionis
2821 1359 3015 1424 seria
3054 1356 3128 1422 II.

927 1455 1447 1520 Commemoratio
1495 1460 1899 1522 mortuorum.

1013 1635 1019 1641 ’
1103 1643 1476 1719 Sabbato.
1541 1644 1791 1707 Festum
1835 1640 2300 1708 Decollationis
2345 1645 2627 1709 Joannis
2673 1644 3016 1732 Baptistae.

1025 1795 1035 1803 '
1103 1788 1165 1852 S.
1217 1786 1477 1851 Joannis
1523 1785 2017 1851 Decollationem
2064 1791 2127 1851 et
2172 1788 2376 1852 Arm.
2413 1786 2607 1854 Men.
2657 1790 2991 1854 secundum
3030 1788 3130 1852 La-

928 1886 1088 1950 tinos
1137 1889 1200 1950 et
1246 1886 1517 1954 Graecos
1566 1885 1627 1951 d.
1676 1884 1784 1952 29.
1831 1883 1998 1969 Aug.
2048 1884 2256 1963 refert,
2306 1885 2474 1969 quod
2522 1905 2595 1952 eo
2625 1887 2723 1952 die
2756 1887 2937 1953 fuerit
2978 1904 3134 1950 vene-

927 1984 1188 2049 randum
1249 1982 1411 2048 illius
1458 1988 1646 2067 eaput
1707 1983 2057 2062 detectum3
2125 1984 2270 2067 quia
2315 1988 2523 2050 tamen
2571 1984 2895 2051 decollatio
2939 1984 3131 2049 diebus

923 2081 1251 2147 Paschatis
1297 2102 1457 2147 anno
1486 2088 1628 2147 ante
1661 2080 1893 2148 Christi
1940 2082 2294 2166 passionem
2328 2084 2604 2169 contigit,
2654 2089 2838 2169 prout
2865 2103 2938 2149 ex
2954 2082 3129 2149 Evan-

925 2180 1085 2265 gelio
1133 2180 1459 2267 colligitur,
1509 2181 1646 2246 ideo
1695 2182 1871 2247 Arm.
1903 2179 2347 2247 Kalendarium
2392 2183 2662 2266 septimo
2710 2178 3132 2249 die'Pasehatis

924 2277 1057 2359 ejus
1084 2277 1755 2345 commemorationem
1783 2279 1987 2363 ponit:
2039 2278 2183 2344 licet
2214 2299 2338 2345 non
2364 2280 2677 2366 integrum
2723 2282 2848 2347 diei
2873 2280 3129 2347 Officium

925 2377 1002 2441 de
1050 2396 1123 2441 ea
1170 2378 1568 2460 praescribat,
1619 2377 1726 2442 sed
1773 2376 2150 2442 matutinum
2178 2377 2501 2444 dumtaxat
2530 2378 2873 2463 hymnum3
2921 2384 3132 2445 caetera

925 2475 1132 2540 omnia
1194 2476 1271 2539 ad
1335 2471 1877 2542 resurrectionem
1921 2476 2251 2560 pertinent.
2358 2476 2600 2543 Idcirco
2663 2483 2725 2543 et
2787 2474 3132 2544 Meridianas

925 2574 1258 2640 hodiernae
1308 2574 1660 2639 festivitatis
1706 2573 2025 2648 lectioneS,
2075 2593 2231 2658 quas
2278 2575 2439 2640 inter
2487 2574 2723 2642 Missae
2755 2596 2995 2643 sacrum
3029 2574 3130 2660 legi

926 2693 1062 2739 mos
1110 2678 1222 2749 est,
1289 2673 1349 2739 in
1399 2672 1585 2738 horas
1632 2671 1975 2739 Matutinas
2024 2672 2339 2757 rejiciunt,
2403 2679 2473 2740 ut
2521 2673 2759 2742 scilieet
2806 2671 3133 2741 Meridianis

925 2772 1293 2838 lectionibus
1339 2772 1416 2838 de
1465 2775 1920 2838 resurrectione
1967 2772 2151 2838 detur
2192 2773 2390 2840 loeus.

1101 2934 1222 2998 Hic
1268 2934 1396 3018 (die
1442 2933 1505 2999 7.
1533 2932 1795 3018 Aprilis)
1845 2934 2096 2998 Festum
2142 2943 2236 2998 est
2278 2933 2672 2998 clarissimae
2718 2934 3132 2999 Annuntiatio·

924 3033 1027 3095 nis
1074 3030 1139 3096 S.
1191 3032 1537 3119 Deiparae.
1840 3043 1845 3052 ‘

1103 3227 1320 3293 Nova
1369 3227 1738 3293 Dominie
1764 3249 1829 3306 a,
1881 3247 2039 3311 quae
2088 3228 2324 3294 Latinis
2372 3235 2468 3294 est
2513 3230 2580 3292 in
2630 3228 2833 3294 Albis.

1103 3425 1443 3489 Dominica
1489 3425 1607 3489 ΙΙΙ.
1668 3424 2060 3489 Universalis
2107 3424 2448 3490 Ecclesiae.

1104 3548 1304 3631 Quum
1336 3550 1596 3615 Armeni
1626 3551 1935 3615 variarum
1973 3550 2373 3616 eeclesiarum
2418 3551 2547 3616 sive
2579 3548 2963 3615 basilicarum
2998 3546 3129 3611 resta

927 3651 1173 3736 propria
1237 3648 1353 3713 sub
1400 3649 1644 3714 diverso
1690 3648 1868 3714 titulo
1931 3649 2065 3716 aliis
2112 3648 2257 3714 anni
2319 3647 2705 3733 temporibus
2766 3651 2972 3736 agant,
3034 3642 3129 3707 hac

926 3747 1251 3813 Dominica
1299 3746 1642 3811 Universae
1691 3767 1739 3813 S.
1776 3746 2094 3813 Ecclesiae
2125 3746 2425 3812 solemnia
2451 3744 2826 3832 generaliter
2854 3741 3127 3811 celebrare

927 3846 1273 3912 intendunt.

1103 4043 1444 4107 Dominica
1492 4042 1607 4106 IV.

1103 4222 1442 4289 Dominica
1503 4221 1594 4298 V.,
1645 4221 1738 4287 vel
1785 4222 1893 4288 ubi
1940 4222 2175 4288 mensis
2199 4220 2428 4298 tulerit,
2477 4221 2579 4286 die
2610 4221 2668 4285 7.
2700 4220 2868 4304 maji,
2912 4216 3121 4281 Festum

927 4333 1021 4387 eat
1067 4321 1508 4410 apparitionis
1555 4343 1602 4385 s.
1656 4317 1914 4408 ‘Cr-ucis,
1982 4321 2145 4403 quod
2195 4319 2495 4403 superiori
2558 4324 2727 4382 tomo
2776 4310 3123 4381 exhibuimus

925 4441 982 4502 p.
1037 4420 1182 4484 153.
