3514 5391
894 497 1000 549 518
1540 495 1699 549 Festa
1739 495 1947 550 mobilia
1984 502 2103 566 post
2140 495 2498 550 Pentecosten.

898 697 1141 762 πατέρων
1182 694 1336 762 ἡμῶν
1372 693 1723 756 διδασκαλία,
1778 698 1963 747 εἴτουν
2013 693 2317 763 παράδοσις
2365 698 2455 760 τῆς
2490 695 2783 760 καθολικῆς
2820 695 3104 758 Ἑκκλησίας,

900 778 988 839 τῆς
1025 773 1132 826 ἀπὸ
1173 774 1421 844 περάτων
1459 778 1535 833 εἰς
1572 778 1775 845 πέρατα
1813 774 2108 843 δεξαμένης
2144 775 2206 826 τό
2249 773 2640 843 Εὐαγγέλιονέ*

1076 898 1373 957 Praesens
1412 900 1561 957 haec
1600 900 1884 957 memoria
1922 900 2214 973 septimae
2254 899 2468 972 synodi
2521 882 3108 958 oecumenicae⁸cou1·

895 982 1085 1038 munis
1126 981 1361 1053 quidem
1403 981 1667 1038 omnibus
1708 979 1965 1039 Graecis
2006 988 2115 1053 est,
2154 997 2358 1039 verum
2400 998 2512 1039 non
2539 981 2743 1039 eodem
2776 980 2850 1037 ab
2875 978 3106 1037 omnibus

896 1077 1072 1118 sensu
1113 1061 1330 1132 agitur.

1077 1140 1191 1214 Qui
1243 1158 1371 1199 cum
1422 1140 1577 1199 Sede
1630 1140 1932 1207 Romana,
1994 1142 2191 1200 divino
2243 1142 2494 1201 unitatis
2544 1140 2862 1199 Ecclesiae
2912 1148 3106 1208 centro,

894 1221 1011 1279 rite
1052 1232 1190 1279 sunt
1229 1223 1549 1293 conjuncti,
1586 1221 1806 1279 festum
1847 1226 2073 1281 θετικῶς
2110 1228 2374 1293 servant,
2412 1223 2467 1280 h.
2490 1240 2559 1292 e.,
2595 1238 2762 1279 sensu
2802 1224 3108 1294 affirmante,

894 1301 981 1359 ita
1020 1302 1256 1359 seilicet
1291 1301 1424 1360 Deo
1476 1302 1708 1373 gratias
1761 1302 2020 1374 agend0,
2078 1303 2175 1375 qui
2229 1303 2288 1360 in
2338 1303 2449 1361 hoc
2502 1302 2752 1360 concilio
2795 1302 2870 1359 ad
2906 1308 3106 1360 rectam

896 1382 1071 1440 fidem
1112 1382 1393 1440 tuendam
1434 1389 1669 1454 patrum
1712 1382 1941 1440 animos
1980 1384 2215 1441 numine
2255 1400 2359 1441 suo
2398 1384 2619 1454 erexit,
2670 1389 2740 1441 nt
2779 1383 2899 1441 alia
2935 1381 3108 1449 etiam,

895 1479 1046 1534 quae
1085 1469 1294 1535 postea
1350 1463 1448 1520 vel
1494 1464 1620 1535 jam
1671 1468 1809 1520 sunt
1856 1462 2126 1535 legitime
2172 1463 2382 1521 habita
2433 1463 2528 1521 vel
2570 1464 2847 1535 exigente
2882 1461 3107 1522 necessi-

893 1549 1023 1601 tate
1062 1542 1254 1601 adhuc
1290 1548 1573 1616 poterunt
1608 1544 1838 1613 haberi,
1887 1560 2129 1602 numero
2170 1543 2550 1602 conciliorum
2601 1544 2966 1616 generalium
3010 1556 3108 1600 nou

896 1623 1173 1681 eximant.

1074 1703 1298 1761 Graeci
1339 1709 1561 1773 contra,
1602 1721 1742 1776 quos
1784 1706 1859 1762 ab
1887 1704 2170 1763 Ecclesia
2197 1705 2498 1763 catholica
2523 1710 2836 1778 separatos
2865 1704 3109 1762 dolenter

895 1784 1299 1857 conspicimus,
1339 1784 1776 1842 solemnitatem
1817 1783 2185 1852 ἀγωνιστικῶς
2223 1783 2564 1852 celebrant,
2618 1785 2672 1842 h.
2713 1801 2794 1855 e.,
2843 1800 2996 1840 sensu
3030 1800 3108 1837 ex·

894 1865 1139 1918 eludente
1187 1862 1423 1922 futuras
1475 1864 1757 1937 synodos,
1814 1871 2096 1937 tanquam
2151 1866 2201 1923 si
2238 1865 2545 1939 praesenti
2584 1865 2808 1937 synodo
2847 1863 3108 1931 absoluta,

894 1950 1161 2017 potestas
1203 1944 1581 2002 conciliorum
1622 1945 2126 2003 oecumenicorum
2168 1946 2227 2002 in
2265 1945 2550 2004 Ecclesia
2588 1946 2669 2004 sit
2708 1946 3005 2004 exhausta.

1072 2024 1233 2082 Hinc
1286 2040 1502 2097 operae
1552 2025 1806 2097 pretium
1859 2023 2077 2096 fuerit,
2132 2026 2374 2099 brevem
2428 2027 2834 2099 quaestionem
2886 2025 2955 2083 de
2996 2038 3108 2097 pro-

891 2104 1082 2177 posito
1111 2111 1457 2175 argumento
1487 2105 1771 2175 inserere,
1813 2111 2130 2178 antequam
2170 2121 2361 2163 sermo
2403 2106 2475 2164 de
2513 2106 2735 2179 synodo
2775 2104 3106 2164 Florentius

902 2183 1270 2241 instituatur.

894 2340 999 2399 De
1049 2357 1341 2400 numero
1380 2343 1804 2415 synodorum
1856 2343 2467 2403 oecumenicarum
2517 2345 2698 2418 apud
2746 2344 3107 2405 orientales

1393 2424 1479 2481 ab
1519 2422 1839 2482 Ecclesia
1878 2424 2221 2484 catholica
2257 2429 2637 2498 separatos,

1073 2550 1261 2623 Quum
1303 2549 1611 2608 concilium
1652 2551 1938 2621 generale
1978 2551 2106 2608 sine
2133 2568 2409 2624 suprema
2448 2548 2558 2610 illa
2576 2549 3005 2623 jurisdictionis
3028 2564 3110 2620 po·

892 2636 1149 2694 testate,
1207 2648 1321 2705 qua
1356 2630 1661 2689 Romanus
1699 2630 1983 2689 Pontifex
2025 2632 2162 2702 jure
2203 2632 2401 2690 divino
2452 2633 2512 2689 in
2551 2633 2889 2691 universam
2925 2629 3112 2689 Eccle-

897 2712 1044 2771 siam
1082 2714 1287 2786 pollet,
1328 2728 1618 2783 nunquam
1648 2713 1944 2770 celebrari
1975 2713 2177 2785 possit,
2215 2712 2398 2772 facile
2426 2713 2808 2787 intelligitur,
2849 2729 2953 2772 cur
2975 2709 3112 2769 varii

894 2799 1096 2850 coetus
1136 2792 1534 2851 ecclesiastici
1583 2809 1620 2849 a
1659 2794 1948 2851 communi
1985 2793 2236 2851 unitatis
2276 2800 2482 2852 centro
2520 2794 2838 2853 Ecclesiae
2888 2790 3111 2852 catholi-

896 2888 1004 2930 cae
1043 2873 1329 2945 separati,
1380 2890 1482 2930 eas
1535 2873 1692 2931 solas
1731 2874 1984 2946 synodos
2031 2875 2440 2933 oecumenicas
2478 2875 2771 2948 habeant,
2824 2891 2970 2947 quae
2999 2873 3109 2945 jam

896 2958 1034 3009 aute
1064 2969 1263 3011 eorum
1304 2955 1379 3011 ab
1425 2953 1706 3011 Ecclesia
1754 2955 2054 3013 catholica
2099 2952 2433 3013 defectione
2480 2961 2656 3012 eraut
2700 2955 3051 3013 celebratae.

1072 3033 1316 3106 Itaque,
1373 3039 1441 3090 ut
1490 3051 1665 3091 unum
1706 3034 2040 3093 alterumve
2081 3036 2406 3108 exemplum
2448 3041 2732 3107 ponatur,
2786 3030 3114 3090 Nestorium

895 3113 1046 3171 duae
1085 3121 1315 3171 tantum
1355 3114 1564 3186 synodi
1604 3119 1742 3171 sunt
1779 3115 2226 3185 oecumenicae,
2282 3113 2554 3173 Nicaena
2608 3120 2671 3173 et
2719 3113 3112 3173 Constantino·

894 3194 1191 3266 politana3
1234 3210 1547 3266 eorumque
1588 3200 1788 3252 coetus
1826 3211 1969 3253 vere
2009 3201 2104 3253 est
2142 3193 2446 3261 ἡέκκλησία
2471 3200 2582 3249 τῶν
2607 3194 2712 3247 δύο
2742 3193 3113 3264 οῖκουμενικῶν

892 3274 1173 3335 συνόδων,
1233 3281 1296 3331 et
1347 3273 1578 3346 quidem
1630 3291 1794 3329 sensu
1834 3275 2169 3341 excludente,
2226 3293 2398 3348 quum
2439 3276 2821 3348 sequentibus
2867 3269 3113 3333 conciliis

894 3354 1287 3413 oecumenicis
1326 3372 1439 3412 non
1478 3355 1662 3413 solum
1704 3361 1971 3426 careant,
2011 3355 2115 3413 sed
2152 3372 2224 3413 ea
2263 3356 2439 3415 immo
2467 3356 2752 3428 rejiciant
2790 3361 2962 3427 atque
2989 3368 3116 3411 ana·

894 3436 1292 3493 thematizent
1313 3434 1374 3504 ¹).

1074 3561 1485 3632 Menophysitae
1524 3566 1753 3632 autem,
1805 3561 2031 3619 tradito
2071 3563 2146 3619 ab
2185 3561 2448 3634 antiquis
2486 3578 2594 3620 usu
2648 3578 2719 3619 ac
2759 3576 2944 3630 more,
2993 3570 3116 3614 non·

894 3641 1010 3699 nisi
1049 3648 1173 3701 tres
1212 3641 1464 3715 synodos
1518 3641 1929 3699 oecumenicas
1980 3648 2256 3714 servant,
2303 3641 2668 3714 Nicaenam,
2721 3640 3114 3704 CPolitauam,

893 3721 1291 3796 Ephesinam:
1349 3721 1501 3793 quod
1550 3722 1788 3780 scilicet
1839 3739 1953 3779 non
2005 3723 2254 3795 amplius
2306 3722 2452 3780 oriri
2491 3722 2900 3781 controversia
2936 3721 3113 3790 queat,

895 3818 1044 3874 quae
1086 3802 1301 3860 dudum
1350 3819 1462 3860 non
1503 3802 1583 3860 sit
1619 3803 1798 3860 trium
1841 3803 2073 3860 illorum
2128 3801 2506 3860 conciliorum
2559 3801 2823 3860 decretis
2859 3799 3026 3857 finita
3045 3794 3109 3865 *);

894 3882 1093 3955 sicque
1134 3882 1677 3955 Monophysitarum
1719 3889 1919 3940 coetus
1960 3899 2090 3940 esse
2120 3882 2482 3953 conspicitur
2505 3880 2537 3948 ἠ
2562 3881 2813 3947 ἐκκλησία
2837 3883 2943 3932 τῶν
2966 3879 3115 3947 τριῶν

894 3966 1292 4033 οἰκουμενικῶν
1330 3961 1616 4016 συνόδων)
1667 3979 1831 4016 sensu
1879 3963 2023 4020 item
2074 3962 2392 4017 excludente
2444 3978 2516 4021 ao
2566 3961 2884 4021 damnante
2936 3955 3112 4017 omnia

894 4042 1149 4101 concilia
1208 4042 1523 4113 generalia
1574 4048 1782 4115 postea
1838 4042 1964 4101 sive
2009 4042 2137 4114 jam
2192 4042 2503 4101 celebrata
2559 4042 2687 4101 sive
2741 4042 2928 4101 adhuc
2977 4036 3112 4097 cele·

894 4123 1143 4180 branda.

1079 4286 1118 4350 ¹)
1160 4284 1410 4338 Videatur
1446 4285 1783 4338 Asseman.
1822 4284 1893 4337 B.
1933 4299 2035 4341 or..
2071 4288 2110 4338 t.
2148 4286 2200 4350 3,
2240 4290 2374 4353 part.
2413 4285 2463 4352 2,
2504 4300 2553 4354 p.
2593 4284 2719 4338 220.

1074 4365 1116 4432 ²)
1156 4365 1344 4434 Legito
1382 4365 1470 4430 „A
1512 4364 1845 4418 Catechisme
1881 4365 1949 4434 of
1977 4363 2070 4418 tlte
2110 4364 2287 4434 Coptie
2328 4363 2601 4429 Charch‘g
2639 4367 2838 4433 quaest.
2865 4362 2963 4425 fin„
2995 4359 3108 4426 joto-

895 4444 1210 4510 Macaire,
1252 4444 1501 4498 Histoire
1538 4444 1606 4497 de
1642 4429 1877 4513 I’E'ylise
1914 4444 2332 4509 d’Alexandrie,
2370 4460 2453 4516 pp.
2492 4444 2795 4502 378-379.
