3514 5391
795 520 865 574 96
1443 516 1601 570 Festa
1639 517 1845 571 mobilia
1883 517 1933 571 in
1972 515 2397 585 Quadragesima.

798 719 996 784 varias
1052 715 1288 783 Galliae
1349 720 1412 780 et
1468 715 1838 781 Germaniae
1909 713 2204 779 ecclesias
2267 714 2565 798 paulatim
2627 719 3041 801 propagatum

797 818 915 883 fuit
939 817 1010 901 ¹),
1061 812 1585 899 quemadmodum
1637 812 1919 877 adductis
1968 812 2268 896 exemplis
2315 812 2589 878 ostendit
2620 813 3037 879 Benedict.

795 915 935 980 ΡΡ.
962 913 1132 979 XIV.
1184 912 1281 975 De
1312 933 1468 977 serv.
1494 911 1622 974 Dei
1651 909 1916 995 beatzjfic.
1969 921 2027 974 et
2056 909 2219 978 beat.
2251 911 2559 991 canonia,
2607 910 2648 975 l.
2676 912 2738 989 4,
2789 916 2947 995 part.
2977 911 3039 985 2,

799 1036 851 1080 c.
905 1014 1005 1090 14,
1055 1031 1157 1076 nn.
1213 1010 1491 1075 13-16,
1587 1010 1895 1074 Auctores
1942 1029 2017 1075 ea
2062 1010 2140 1074 de
2186 1030 2255 1075 re
2302 1014 2660 1086 tractant-es,
2708 1015 2851 1094 post
2898 1010 3039 1074 Be-

801 1112 1086 1177 nedict.
1137 1106 1328 1175 XIV.
1374 1107 1415 1174 l.
1467 1128 1519 1173 c.
1570 1113 1633 1173 et
1680 1108 2026 1186 Moroni,
2076 1108 2479 1188 Dizionario,
2529 1114 2569 1174 t.
2621 1108 2728 1187 68,
2780 1130 2831 1193 p.
2889 1107 3039 1175 289.

799 1206 1594 1297 refe1't“2Kirchenleaeikon,
1642 1214 1684 1271 t.
1736 1207 1797 1283 3,
1855 1206 2044 1283 1889,
2095 1208 2239 1273 edit.
2291 1207 2352 1273 2.

990 1391 1093 1471 Τῷ
1140 1385 1379 1473 πρώτῳ
1427 1382 1742 1469 σαββάτῳ
1788 1389 1899 1472 τῆς
1928 1357 2478 1472 -τεσσαρακοστῆςζ

978 1511 1359 1601 Ἀνάμνησις
1421 1515 1538 1575 τοῦ
1600 1508 1709 1574 διὰ
1770 1515 1901 1576 τῶν
1944 1505 2272 1593 κὀλλύβων
2317 1508 2653 1593 γενομένου
2706 1509 3047 1594 θαύματος

801 1612 980 1698 παρὰ
1023 1615 1139 1675 τοῦ
1186 1604 1367 1692 ἁγίου
1412 1607 1966 1696 μεγαλομάρτυρος
2017 1607 2356 1696 Θεοδώρου
2400 1614 2516 1674 τοῦ
2571 1608 2860 1694 Timavos
2881 1610 2954 1693 ²).

979 1736 1180 1803 Slav.
1245 1735 1594 1823 Vpervuju
1641 1735 1905 1801 subbotu
1959 1718 2547 1826 Cetyridesjatnicy.
2616 1737 2875 1825 Pamjat
2903 1735 3041 1823 byv-

801 1844 951 1923 §ayo
1009 1833 1229 1898 Eudese
1274 1831 1488 1897 koliva
1534 1844 1599 1911 ot
1645 1838 1931 1923 avjataqo
1994 1832 2528 1899 velikomuce‘nika
2597 1835 2889 1900 Teodora
2937 1834 3039 1897 Te:-

799 1958 979 2001 rona.
1057 1933 1296 1998 Rume
1317 1952 1374 1997 n.
1429 1931 1735 1998 Sambata
1783 1935 2022 1998 antciei
2065 1946 2431 2021 septemana
2474 1957 2516 1998 a
2557 1933 3039 1997 Paresemz'loru.

802 2035 1166 2097 Amentirca
1196 2033 1487 2109 minunii,
1535 2055 1601 2094 ce
1649 2032 1745 2095 s'a
1778 2032 2018 2118 factam
2058 2034 2357 2119 preivitru
2386 2032 2592 2097 coliva
2624 2031 2700 2096 de
2728 2056 2774 2098 a.
2810 2030 3046 2096 νηστεία

801 2143 1085 2197 mai-tom
1137 2130 1426 2195 Teodoru
1485 2132 1742 2197 Tironu.

978 2257 1233 2343 Insigne
1307 2256 1426 2321 hoc
1492 2257 1865 2329 miraculum
1931 2257 2267 2343 contigisse
2335 2276 2495 2321 anno
2560 2256 2727 2331 362,
2801 2255 3048 2320 furente

803 2356 1033 2423 juliani
1067 2360 1384 2439 apostatae
1413 2356 1866 2439 persecutione,
1886 2355 2020 2439 jam
2045 2356 2475 2420 annotavimus
2500 2360 2668 2420 tomo
2700 2356 2757 2432 1,
2789 2375 2848 2438 p.
2887 2353 3043 2430 106;

804 2457 1074 2521 iudicata
1120 2456 1326 2532 etiam,
1377 2474 1536 2537 quae
1583 2454 1766 2538 paulo
1816 2459 1957 2538 post
2004 2454 2081 2519 de
2129 2474 2202 2519 co
2250 2455 2645 2539 pronuntiata
2697 2454 2897 2517 fertur
2940 2452 3045 2515 ho-

804 2552 986 2619 milia
1032 2574 1082 2618 s,
1131 2552 1506 2618 Nectarii
1554 2551 1984 2618 GPolitani
2032 2553 2565 2637 antistitis³):
2618 2542 3049 2637 Αἶῆναῖτίαν

802 2657 896 2739 τῷ
940 2649 1181 2738 πρώτῳ
1229 2651 1543 2736 σαββάτῳ
1587 2655 1716 2716 τῶν
1764 2645 1960 2734 ἁγίων
2006 2656 2310 2739 νηστειῶν
2340 2647 2722 2739 ἑορτάζομεν
2751 2647 2866 2740 τὴν
2891 2645 3045 2734 μνή-

802 2775 925 2839 μην
969 2754 1086 2815 τοῦ
1132 2744 1312 2832 ἁγίου
1356 2749 1912 2835 μεγαλομάρτυρος
1962 2748 2300 2836 Θεοδώρου
2320 2751 2392 2836 ⁴¹).

982 2858 1056 2924 In
1101 2858 1354 2944 vulgata
1397 2859 1664 2924 editione
1710 2859 1943 2924 Triodii
2010 2858 2228 2925 titulus
2289 2858 2596 2943 synaxarii
2657 2857 2889 2923 festum
2946 2875 3046 2920 so-

807 2959 1094 3039 lemniter
1159 2958 1515 3023 annuntiat:
1592 2961 1684 3044 Ίῖἡ
1745 2954 1903 3044 αὐτῇ
1964 2953 2190 3043 ἡμέρᾳ,
2255 2954 2569 3040 σαββάτῳ
2627 2958 2739 3031 τῖς
2791 2952 3050 3039 πρώτης

808 3052 1174 3139 ἑβδομάδος
1217 3060 1347 3120 τῶν
1393 3059 1727 3144 νηστειῶν,
1793 3054 1870 3119 τὸ
1931 3054 2041 3119 διὰ
2100 3058 2229 3119 τῶν
2288 3052 2616 3136 κολλὺβων
2672 3049 3050 3138 παράδοξον

809 3159 1033 3239 θαῦμα
1078 3157 1193 3218 τοῦ
1239 3147 1420 3237 ἁγίου
1467 3151 1573 3218 καὶ
1621 3151 1884 3234 ἐνδόξου
1928 3151 2484 3238 μεγαλομάρτυρος
2534 3149 2874 3231 Θεοδώρου
2933 3152 3051 3213 τοῖ-

815 3252 1106 3337 Τι’·ρωνος
1150 3246 1533 3336 ἑορτάζομεν
1554 3252 1626 3338 5).

995 3432 1033 3501 “)
1071 3432 1130 3486 In
1166 3432 1520 3502 antiquissimo
1558 3430 2101 3496 „Ecclesiasticorum
2139 3430 2343 3484 rimam
2370 3429 2583 3484 codch‘
2622 3428 2881 3484 ecclesiae
2904 3427 3052 3496 Laq-

808 3513 1070 3569 dunensis
1098 3514 1206 3583 jam
1244 3513 1515 3566 exhibetur
1551 3512 1717 3565 oratio
1755 3511 2038 3577 „Praesta
2077 3514 2462 3579 quaesumus&
2497 3526 2649 3579 quam
2686 3509 2933 3578 hodieque
2959 3509 3051 3561 im·

811 3600 1059 3650 mutatam
1099 3594 1150 3647 in
1187 3592 1367 3647 Officio
1405 3596 1460 3647 et
1496 3592 1656 3646 Missa
1694 3592 1987 3646 recitamus,

989 3673 1033 3742 ²¹)
1074 3673 1131 3727 In
1167 3673 1377 3743 antiquo
1416 3672 1587 3727 codice
1625 3672 1964 3726 bibliothecae
2002 3670 2403 3726 Barberinianae
2441 3670 2623 3724 titulus
2660 3671 2782 3724 festi
2818 3673 2924 3723 est:
2959 3671 3055 3726 Εἰς

812 3756 909 3808 τὸν
960 3754 1123 3823 ἅγιον
1159 3752 1630 3824 μεγαλομάρῐυρα
1686 3751 1977 3823 Θεόδωρον
2028 3751 2126 3804 τὸν
2183 3749 2424 3820 Τήρωνα,
2500 3750 2606 3804 cfr.
2645 3749 2798 3821 Card.
2836 3748 3050 3815 Quirini,

811 3839 843 3891 l.
884 3853 927 3890 c.
966 3852 1016 3905 p.
1056 3835 1176 3890 134.

990 3914 1034 3982 ³)
1074 3915 1222 3984 Apud
1260 3914 1448 3984 Migne,
1488 3913 1631 3968 Patr.
1670 3930 1749 3983 gr.
1791 3918 1830 3967 t.
1868 3914 1955 3980 39,
1994 3929 2077 3983 pp.
2120 3912 2490 3967 1821-1840.

991 3995 1035 4062 ⁴)
1075 3995 1322 4061 Quoniam
1361 4011 1404 4048 a.
1441 3994 1717 4048 Nectarius
1754 3994 1932 4063 regiae
1970 3994 2110 4048 urbis
2135 3992 2487 4062 pontificatum
2513 3991 2679 4061 gessit
2704 3990 2767 4046 ab
2794 4005 2926 4046 anno
2945 3990 3047 4045 381

811 4078 875 4131 ad
914 4094 996 4131 an.
1035 4077 1139 4131 397
1180 4075 1295 4141 (cfr.
1334 4079 1457 4129 tom.
1499 4078 1545 4142 1,
1585 4093 1633 4144 p.
1672 4076 1820 4142 300),
1859 4075 2221 4144 gravissimum
2261 4090 2385 4128 sane
2410 4074 2758 4128 testimonium
2783 4077 2881 4140 est,
2918 4072 3050 4141 quod

812 4161 922 4228 ejus
960 4172 1194 4211 sermone
1233 4172 1324 4225 pro
1361 4157 1670 4226 antiquitate
1708 4157 1858 4226 hujus
1896 4155 2239 4210 solemnitatis
2277 4156 2553 4224 profertur.

991 4236 1036 4304 ⁵)
1076 4237 1132 4290 In
1169 4237 1448 4291 novissima
1486 4237 1708 4291 editione
1745 4236 1993 4302 Romana,
2032 4237 2084 4289 in
2108 4252 2210 4306 qua
2235 4236 2405 4290 omnia
2431 4235 2708 4306 synaxaria
2737 4234 2909 4287 deleta
2934 4250 3049 4287 esse

806 4322 915 4389 jam
953 4318 1170 4372 diximus
1208 4333 1364 4386 supra
1401 4333 1485 4384 pp.
1522 4317 1752 4382 21—22‚
1806 4318 1903 4371 hoc
1939 4317 2020 4370 die
2058 4332 2171 4370 cum
2211 4316 2486 4386 synaxario
2536 4314 2618 4368 vel
2656 4315 2769 4384 ipsa
2806 4315 2924 4369 festi
2962 4330 3049 4367 an-

811 4399 1067 4454 nuntiatio
1105 4398 1294 4452 omissa
1331 4401 1440 4451 est:
1498 4414 1626 4467 quae
1677 4402 1851 4451 tamen
1902 4397 2121 4451 habetur
2166 4397 2215 4449 in
2256 4396 2532 4462 Horologio
2584 4396 2763 4450 iisdem
2809 4395 3049 4448 Romanis

814 4481 952 4549 typis
992 4479 1128 4532 edito
1166 4495 1246 4532 an.
1287 4479 1441 4532 1876.
