3514 5391
1013 522 1091 577 De
1133 524 1257 590 fuga
1294 540 1336 578 s·
1378 523 1600 580 familiae
1639 523 1690 577 in
1728 524 2039 594 Aegyptum.
2209 589 2215 594 ⁴
2531 526 2650 580 *733

560 805 1039 893 Appendix
1102 810 1204 877 ad
1262 812 1318 877 t.
1374 809 1452 888 l,
1516 829 1585 895 p.
1637 810 1776 876 366
1838 811 2031 878 ott.
2083 810 2160 890 2,
2224 830 2292 896 p.
2347 811 2506 906 219.

715 944 815 999 De
838 943 1514 1000 commemoratione
1562 939 1767 1012 fugae
1812 943 1883 1008 in
1929 945 2342 1014 Aegyptum,

674 1075 747 1116 ex
786 1058 1051 1131 epistola
1083 1058 1243 1118 Rmi.
1280 1058 1507 1131 Agapii
1546 1058 1710 1130 Esau,
1750 1058 2013 1133 episcopi
2053 1058 2388 1133 Coptorum.

594 1183 765 1258 Quae
807 1184 965 1260 apud
1005 1183 1273 1246 Graecos
1313 1202 1349 1244 a
1378 1185 1700 1258 maioribus
1741 1184 2023 1244 instituta
2061 1184 2157 1243 die
2181 1185 2268 1245 26.
2294 1186 2652 1244 Decembris

410 1272 692 1325 servatur
728 1264 953 1331 σύναεις
987 1270 1080 1332 τῆς
1116 1265 1390 1319 θεοτόκου
1425 1264 1740 1336 φευγούσης
1778 1269 1854 1324 εἰς
1877 1268 2188 1334 Αἴγυπτον,
2227 1282 2302 1324 ea
2326 1265 2652 1329 recentiori

410 1351 621 1404 aetate
663 1346 846 1405 etiam
886 1346 1154 1421 pluribus
1193 1346 1589 1405 Kalendariis
1628 1346 2097 1420 particularibus
2122 1346 2493 1421 Latinorum,
2530 1347 2653 1422 ple·

412 1442 656 1500 rumque
697 1427 773 1485 ad
812 1426 867 1485 d.
905 1427 991 1488 17.
1030 1425 1387 1497 Februarii,
1438 1427 1671 1485 inserta
1707 1425 1935 1499 legitur
1971 1428 2079 1485 sub
2118 1427 2293 1485 titulo
2334 1428 2652 1483 Commemo-

409 1507 649 1561 ratione‘s
672 1510 853 1578 sagae
891 1507 961 1561 B.
1000 1508 1077 1562 M.
1131 1508 1183 1562 V.
1221 1507 1277 1561 in
1316 1509 1613 1579 Aegyptum
1639 1507 1709 1578 ¹),
1769 1506 2088 1580 eodemque
2141 1508 2238 1567 die
2275 1509 2649 1584 praeclarum

413 1583 693 1645 Officium
732 1593 915 1646 nacta
952 1594 1047 1661 est
1085 1587 1145 1647 in
1181 1587 1456 1662 Append.
1494 1587 1777 1647 Breviar.
1816 1604 1959 1646 rom.
2001 1609 2013 1624 =

600 1692 973 1768 Perantiqua
1034 1694 1338 1754 festivitas
1406 1696 1466 1754 in
1529 1695 1797 1754 Menaeis
1835 1696 2211 1754 -inscribitur
2266 1698 2388 1765 περὶ
2438 1700 2530 1762 τῆς
2579 1698 2655 1754 εἰς

416 1777 709 1843 Αἴγυπτον
754 1779 936 1847 φυγῆς
985 1780 1075 1842 τῆς
1123 1774 1425 1848 &neoterius
1476 1777 1742 1830 θεοτόκου
1792 1777 2090 1849 habetque
2139 1777 2436 1851 proprium
2479 1793 2653 1849 syna·

417 1855 647 1914 xarium
688 1873 817 1916 curn
857 1855 1097 1916 stichis:

828 1963 1081 2016 “onvroe
1117 1962 1251 2034 πρός
1287 1978 1364 2026 σε,
1405 1963 1501 2017 τόν
1539 1964 1706 2016 πάλαι
1746 1962 2018 2030 πλήξαντᾶ
2057 1977 2135 2026 σε,

840 2047 1111 2112 Αἴγυπτε,
1150 2048 1358 2116 (potue,
1398 2047 1488 2096 καὶ
1526 2044 1666 2098 θεὸν
1700 2048 1902 2098 τοῦτον
1938 2042 2150 2116 φρόνει.

842 2133 932 2187 Ad
964 2136 1019 2188 te
1056 2134 1369 2200 venientem,
1407 2134 1502 2203 qui
1535 2138 1588 2188 te
1612 2134 1797 2204 plexit
1831 2139 2014 2201 antea,

844 2217 1100 2285 Aemate,
1137 2218 1365 2282 metuas,
1403 2219 1565 2285 atque
1603 2215 1802 2270 credas
1836 2217 1977 2270 hunc
2014 2216 2208 2272 Deum.

595 2337 775 2397 Licet
813 2338 944 2412 ejns
980 2337 1128 2398 festi
1166 2340 1432 2399 rationes
1471 2340 1727 2413 undique
1760 2340 1888 2412 jam
1930 2347 2132 2398 essent
2169 2357 2206 2398 a
2246 2341 2449 2400 multis
2488 2357 2656 2413 egre·

414 2417 532 2490 giis
573 2418 969 2492 scriptoribus
1009 2418 1331 2491 diligenter
1368 2419 1729 2492 illustratae,
1787 2419 2137 2478 arbitrabar
2173 2425 2391 2492 tamen,
2432 2421 2655 2482 exerci-

416 2498 679 2559 tationes
720 2500 1096 2558 academicas
1146 2500 1361 2574 majori
1413 2500 1700 2560 utilitatis
1751 2506 1815 2559 et
1853 2500 2271 2559 delectationis
2320 2498 2521 2559 fructu
2571 2501 2655 2560 in·

417 2578 591 2637 stitui
628 2596 833 2653 posse,
891 2580 939 2638 si
995 2581 1177 2640 etiam
1233 2581 1429 2639 fontes
1482 2581 1828 2656 aegyptiaci
1880 2587 2344 2641 arcesserentur.
2431 2580 2527 2639 Ea
2581 2581 2654 2641 <le

420 2674 604 2719 causa
637 2662 967 2736 episcopum
996 2660 1160 2735 Bsai,
1199 2662 1745 2723 benevolentissimi
1772 2678 1971 2721 rerum
2000 2662 2364 2736 copticarum
2394 2661 2654 2722 doctoris

421 2738 620 2799 officio
658 2759 951 2817 nunquam
992 2760 1105 2802 non
1142 2743 1424 2812 functum,
1463 2744 1690 2817 rogavi,
1736 2751 1804 2801 ut
1841 2744 2073 2817 aliquas
2113 2742 2358 2800 notitias
2398 2742 2471 2800 de
2508 2741 2656 2816 fuga

420 2836 633 2880 sacrae
670 2821 940 2882 familiae
979 2824 1038 2881 in
1069 2822 1415 2898 Aegyptum
1456 2841 1529 2881 ex
1554 2824 1725 2882 libris
1766 2822 2064 2897 liturgicis
2104 2829 2280 2896 atque
2308 2840 2381 2880 ex
2410 2823 2656 2897 antiqua

422 2902 752 2961 traditione
804 2904 1100 2965 ecclesiae
1158 2904 1428 2978 copticae
1481 2920 1703 2963 mecum
1745 2904 2182 2963 communicare
2221 2921 2334 2961 non
2374 2902 2656 2975 dedigna-

419 2987 607 3040 retur.
664 2982 973 3057 PrecibuS,
1000 3001 1160 3043 more
1182 3002 1303 3052 suo,
1330 2985 1686 3044 amicissime
1713 2983 2155 3055 satisfacturuS,
2181 2983 2386 3043 Rmus,
2413 2985 2656 3056 praesul

422 3079 515 3121 me
556 3064 812 3136 epistola
847 3066 1072 3137 beavit,
1112 3065 1279 3137 ctijus
1316 3067 1506 3125 verba
1542 3065 1675 3139 ipsa
1712 3065 2097 3134 subscribam.

604 3152 737 3212 Non
778 3153 810 3211 e
853 3171 1181 3214 mancanza
1220 3155 1282 3213 di
1318 3155 1578 3227 volonta,
1617 3154 1662 3213 il
1702 3170 1817 3212 non
1857 3171 2039 3214 avere
2076 3152 2264 3213 finora
2300 3152 2657 3214 soddisfatto

424 3233 484 3291 al
522 3232 642 3293 Suo
687 3234 786 3307 pio
840 3234 1165 3307 desideri03
1219 3235 1307 3294 ch’
1329 3236 1467 3294 anzi
1507 3251 1613 3294 con
1651 3235 1894 3309 piacere
1934 3235 2103 3295 avrei
2142 3233 2337 3293 subito
2383 3235 2657 3308 risposto,

423 3329 537 3371 non
585 3314 709 3371 solo
760 3332 867 3387 per
918 3316 1325 3385 contentarla,
1384 3334 1481 3376 ma
1519 3332 1740 3391 ancora
1777 3332 1888 3390 per
1925 3314 1963 3374 1’
1982 3316 2306 3388 interesse,
2360 3315 2467 3374 che
2513 3314 2658 3374 Ella

425 3395 667 3467 prende.
744 3394 845 3453 Ma
882 3396 966 3469 gli
1005 3397 1181 3454 affari
1222 3413 1253 3454 e
1292 3397 1350 3455 le
1390 3397 1786 3456 vicissitudini
1827 3396 1926 3455 dei
1964 3396 2149 3469 tempi
2188 3413 2299 3454 non
2328 3396 2657 3470 dipendono

428 3473 506 3532 <la
543 3475 672 3533 noi!
746 3475 829 3533 Mi
882 3477 1038 3536 scusi
1091 3477 1361 3551 adunque
1416 3477 1513 3536 del
1552 3494 1666 3536 non
1704 3478 1904 3535 voluto
1941 3476 2203 3548 ritardo,
2261 3493 2292 3533 e
2332 3482 2514 3547 tenga
2551 3494 2659 3551 per

425 3560 621 3628 certo,
680 3556 787 3615 che
838 3559 1038 3617 trovai
1090 3559 1268 3617 molto
1319 3558 1564 3631 gradita
1613 3563 1826 3630 questa
1876 3574 1985 3616 sua
2032 3558 2266 3619 chiesta
2304 3605 2316 3617 .
2358 3600 2369 3612 .
2409 3600 2421 3614 .
2496 3555 2658 3616 Ecco

425 3633 694 3711 adunque
730 3637 791 3696 le
831 3636 1174 3698 desiderate
1214 3640 1452 3698 notizie.

604 3773 650 3832 l.
676 3772 772 3835 La
791 3772 1124 3835 tradizione
1152 3779 1422 3832 costante
1444 3773 1492 3833 c’
1508 3774 1775 3845 insegna‚
1807 3772 1895 3831 ch’
1918 3772 1979 3829 in
2001 3771 2184 3832 Cairo
2207 3772 2465 3843 vecchio,
2494 3771 2531 3829 l’
2555 3788 2655 3830 an·-

430 3851 553 3912 tica
592 3852 806 3922 Memfi,
866 3855 1090 3913 dimoto
1125 3854 1347 3915 Nostro
1384 3853 1638 3927 Signore
1689 3854 1846 3912 colla
1881 3851 2007 3911 Sua
2050 3852 2410 3912 Santissima
2453 3853 2659 3911 madre

430 3948 461 3989 e
498 3951 545 3993 s.
584 3932 921 4009 Giuseppe,
971 3935 1099 3993 cioe
1139 3935 1302 3994 nella
1339 3940 1544 4008 grotta
1580 3940 1965 3993 sotterranea
2003 3933 2166 3992 della
2203 3932 2406 3991 chiesa
2456 3932 2659 3991 antica

429 4011 599 4075 detta
636 4015 736 4076 dei
771 4016 1030 4077 Martiri.
1106 4016 1337 4090 Questa
1373 4016 1577 4075 chiesa
1615 4015 1714 4073 dei
1738 4014 1982 4074 Martiri
2020 4014 2053 4072 e
2078 4015 2140 4074 in
2166 4030 2337 4073 mano
2364 4013 2461 4072 dei
2481 4012 2657 4087 Copti

430 4092 771 4168 dissidenti3
811 4115 907 4157 ma
947 4096 979 4155 e
1016 4098 1211 4157 libero
1250 4097 1327 4156 ad
1366 4113 1596 4171 ognuno
1636 4096 1712 4155 di·
1734 4096 2044 4167 visitarla,
2084 4095 2158 4154 ed
2197 4093 2217 4152 i
2255 4094 2432 4168 Copti
2472 4098 2657 4152 catto-

432 4174 533 4234 lici
572 4177 991 4237 annualmente
1027 4178 1089 4241 ai
1124 4180 1198 4238 24
1233 4176 1523 4238 Pascions
1563 4177 1885 4236 celebrano
1935 4176 2101 4235 nella
2136 4176 2420 4251 predetta
2455 4180 2659 4248 grotta

430 4270 546 4315 una
582 4274 804 4317 messa:
843 4258 963 4318 cosi
992 4259 1100 4320 che
1138 4274 1253 4319 non
1281 4260 1332 4318 si
1357 4258 1469 4334 pub
1507 4274 1732 4331 negare
1772 4262 1984 4330 questa
2012 4264 2280 4317 costante
2304 4257 2657 4316 tradizione.

611 4491 651 4561 ¹)
692 4492 942 4547 Videatur
977 4493 1325 4559 Holweck,
1370 4493 1529 4548 Fasti
1562 4492 1833 4559 Mariani,
1871 4509 1954 4564 pp.
1994 4492 2063 4547 28
2103 4498 2156 4545 et
2192 4491 2314 4548 358.
