3514 5391
764 549 871 602 184
1408 546 1566 598 Festa
1603 544 1811 598 mobilia
1848 545 1898 597 in
1936 542 2356 612 Quadragesima.

943 749 1116 829 Quod
1183 749 1283 812 die
1340 746 1567 811 abhinc
1633 748 1852 829 quarto
1914 744 2180 808 vidimus
2244 764 2278 807 a
2324 764 2373 807 s,
2424 741 2771 825 Sophronio
2837 743 3010 806 insti-

764 854 988 920 tutum,
1039 852 1106 911 ut
1155 845 1649 930 quadragenario
1695 843 1927 927 jejunio
1976 844 2054 907 ad
2102 843 2292 906 finem
2338 847 2633 925 vergente
2682 861 2730 904 s,
2773 841 3009 905 Mariae

765 946 1138 1030 poenitentis
1187 943 1538 1027 exemplum
1572 941 2004 1026 peccatoribus
2038 941 2113 1004 ad
2143 940 2511 1004 imitandum
2542 945 3008 1022 proponeretur,

764 1045 827 1109 id
889 1045 1205 1127 sequiores
1267 1041 1494 1107 Graeci
1562 1041 1750 1105 ctiam
1814 1040 2030 1123 quinta
2090 1039 2210 1103 hac
2259 1037 2586 1102 Dominica
2648 1044 3008 1120 sequuntur,

701 1192 706 1196 -
766 1143 959 1207 altera
1005 1142 1283 1224 ejusdem
1332 1141 1596 1204 Sanctae
1653 1139 2044 1203 solemnitate
2108 1158 2250 1202 cum
2298 1136 2504 1200 officio
2558 1137 2801 1219 proprio
2850 1137 3011 1201 celc-

766 1241 962 1305 brata.
1059 1239 1389 1324 Sophronii
1451 1237 1776 1303 consilium
1825 1243 1993 1302 recte
2040 1236 2392 1301 declaratur
2439 1234 2655 1299 ultimo
2705 1236 3012 1318 synaxarii

767 1339 995 1403 inciso:
1077 1342 1201 1425 Τῆς
1259 1332 1446 1412 ὁσίας
1508 1333 1742 1421 ταύτης
1807 1332 1843 1421 ἡ
1903 1333 2111 1421 μνήμη
2172 1331 2446 1397 τελεῖται
2509 1331 2625 1415 μὲν
2685 1331 2847 1397 κατὰ
2903 1331 3016 1420 τὴν

765 1435 1026 1523 πρώτην
1068 1430 1430 1522 Ἀπριλίου·
1480 1432 1730 1521 ἐτάχθη
1777 1432 1846 1496 δὲ
1896 1431 1930 1520 ἡ
1979 1430 2135 1520 αὐτὴ
2182 1430 2288 1496 καὶ
2319 1428 2609 1518 σήμερον,
2660 1426 3016 1513 ἐγγίζοντος

767 1532 884 1621 ἤδη
928 1538 1044 1597 τοῦ
1088 1531 1310 1610 τέλους
1353 1537 1464 1621 τῆς
1510 1526 1694 1615 ἁγίας
1738 1534 2274 1618 τεσσαρακοστῆς,
2323 1528 2488 1615 πρὸς
2534 1527 2845 1614 ὄιέγερσιν
2888 1535 3016 1594 τῶν

764 1630 1076 1719 ῥᾳθύμων
1119 1630 1227 1696 καὶ
1276 1629 1667 1716 ἁμαρτωλῶν
1711 1625 1805 1707 εἷς
1831 1627 2179 1714 μετάνοιαν
2210 1627 2497 1709 ἑχόντων·
2519 1625 2877 1711 ὑπόδειγμα
2904 1627 3017 1714 τὴν

768 1726 1232 1819 ἓορταζομένην
1279 1724 1486 1812 ἁγίαν.
1635 1742 1638 1745 ’

948 1840 1179 1904 Verum
1230 1839 1553 1923 posteriori
1604 1842 1805 1902 aetate
1854 1837 2085 1901 sactum
2137 1857 2293 1913 esse,
2361 1842 2428 1899 ut
2475 1836 2727 1917 quintus
2774 1835 2878 1900 hic
2920 1838 3015 1920 je·

765 1938 1077 2020 juniorum
1127 1939 1260 2003 dies
1306 1938 1652 2002 dominicus
1702 1937 1921 2001 honori
1970 1958 2018 2000 s.
2071 1935 2306 2000 Mariae
2364 1935 2787 2019 Aegyptiacae
2849 1936 3018 1999 dica-

770 2042 958 2112 retur,
1010 2039 1184 2101 vetus
1231 2036 1478 2101 rubrica
1523 2035 1777 2111 Triodii,
1841 2054 2000 2117 quae
2050 2033 2357 2116 hodieque
2405 2032 2632 2117 legitur
2686 2034 2748 2097 in
2798 2034 3018 2098 editio-

770 2134 953 2198 nibus
1012 2133 1333 2199 catholicis
1383 2134 1756 2198 Bononiensi
1822 2138 1884 2198 et
1940 2131 2253 2210 Romana,
2324 2152 2615 2215 expresse
2677 2133 2859 2197 docet
2918 2133 3021 2197 his

772 2235 1010 2300 verbis:
1061 2232 1352 2320 Κυριακὴ
1397 2231 1470 2299 ε’.
1518 2238 1646 2296 τῶν
1695 2226 1888 2314 ἁγίων
1936 2235 2259 2319 νηστειῶν,
2313 2229 2345 2315 ἡ
2394 2224 2754 2293 ἀκολουθία
2780 2224 3022 2312 ὁμοίιος

771 2328 876 2395 καὶ
926 2329 993 2395 ἐν
1030 2333 1172 2407 ταῖς
1201 2331 1468 2407 λοιπαῖς
1513 2333 1863 2416 κυριακαῖς,
1914 2320 2055 2416 ἕνῇ
2093 2326 2421 2415 ψάλλομεν
2465 2326 2574 2391 καὶ
2605 2331 2721 2391 τοῦ
2748 2322 3022 2415 μηναίου

770 2427 884 2516 τὴν
930 2423 1327 2494 ἀκολουθίαν
1371 2433 1487 2493 τοῦ
1533 2425 1961 2507 ἐπιλαχόντος
2007 2423 2209 2510 ἁγίου.
2293 2424 2519 2491 ’Ἀλλοι
2569 2424 2638 2490 δὲ
2683 2426 3021 2509 μεταγενέ-

772 2548 985 2613 στεροι
1035 2526 1417 2612 παρέδωκαν
1468 2525 1845 2615 ψάλλεσθαι
1893 2523 1962 2589 ἐν
2007 2523 2205 2610 ταύτῃ
2265 2528 2343 2611 τῇ
2386 2527 2650 2611 κυριακῇ
2707 2523 2820 2610 τὴν
2867 2523 3019 2588 ἀκο-

774 2621 1051 2690 λουθίαν
1096 2630 1207 2714 τῆς
1253 2620 1438 2704 ὁσίας
1482 2624 1720 2714 μητρὸς
1766 2623 1940 2712 ’ἡμῶν
1989 2618 2254 2711 Μαρίας
2299 2627 2409 2712 τῆς
2454 2618 2853 2706 Αἰγυπτίας.

955 2736 1246 2800 Officium
1306 2736 1679 2801 hodiernum
1741 2755 1817 2798 ex
1866 2734 2164 2819 singulari
2217 2734 2521 2797 variorum
2573 2733 3020 2797 elementorum

777 2836 1037 2898 mixtura
1102 2835 1431 2899 conflatum
1495 2834 1582 2898 ita
1628 2833 2027 2897 annuntiatur
2090 2832 2150 2895 in
2200 2852 2355 2895 novo
2404 2831 2638 2915 Typico
2688 2831 3023 2895 GPolitauo

775 2933 917 2997 anni
971 2933 1159 3011 1874,
1211 2954 1268 3017 p.
1321 2933 1487 2996 229:

957 3043 1246 3125 Κυριακῇ
1288 3037 1360 3106 ε’.
1408 3043 1537 3102 τῶν
1582 3032 1778 3121 ἁγίων
1825 3040 2146 3125 νηστειῶν,
2196 3034 2644 3123 συμψάλλεται
2673 3033 2778 3099 καὶ
2813 3033 2846 3124 ἡ
2874 3033 3024 3099 ἁκο-

775 3130 1018 3200 λουθία
1063 3141 1175 3224 τῆς
1222 3132 1408 3214 ὁσίας
1458 3132 1722 3222 Μαρίας
1767 3140 1879 3223 τῆς
1925 3129 2323 3217 Αἰγυπτίας.

955 3269 1299 3339 Ἐγγίζοντος
1336 3270 1437 3337 ἤδη
1475 3275 1574 3323 τοῦ
1612 3272 1798 3329 τέλους
1832 3274 1924 3336 τῆς
1950 3268 2110 3337 ἁγίας
2135 3273 2562 3339 τεσσαρακοστῆς
2589 3269 2724 3340 πρὸς
2751 3269 3026 3339 ὅιέγερσιν

779 3358 886 3405 τῶν
923 3352 1196 3422 ῥᾳθύμων
1231 3355 1319 3404 καὶ
1356 3352 1697 3423 ἁμαρτωλῶν
1736 3355 1811 3410 εἰς
1846 3349 2168 3421 μετάνοιαν.
2224 3383 2286 3389 —
2342 3352 2874 3421 Ammopinquantem
2898 3352 3025 3421 jam

770 3438 937 3506 finem
987 3438 1210 3488 sanctae
1251 3433 1719 3503 thadraqesr'mae
1766 3432 1842 3485 ad
1875 3432 2159 3501 aequiores
2181 3430 2220 3503 ι)
2272 3433 2567 3501 tardosque
2591 3437 2912 3502 peccatores
2956 3432 3030 3484 ad

766 3515 1160 3586 poenitentiam
1199 3515 1517 3569 excitandos
1553 3513 1871 3570 Ecclesiae
1920 3518 2193 3585 pastores
2245 3512 2429 3586 etiam
2468 3513 2526 3569 in
2567 3513 2868 3570 hodiernis
2907 3513 3027 3569 suis

780 3596 1040 3653 homiliis
1097 3595 1361 3653 scienter
1417 3594 1719 3652 adhibent.
1814 3592 1915 3650 Sic
1973 3610 2105 3650 euni
2158 3610 2270 3650 non
2321 3593 2534 3650 minori
2588 3594 2804 3651 effectu
2855 3610 3026 3665 quam

782 3674 1149 3730 dexteritate
1198 3672 1700 3747 Theophanes
1741 3672 2148 3731 Cerameus
2208 3673 2284 3730 ad
2339 3674 2673 3732 auditorum
2728 3674 3028 3731 utilitates

782 3753 1031 3823 confert,
1070 3753 1348 3807 homiliam
1387 3754 1517 3824 (24)
1559 3755 1617 3810 in
1655 3753 2053 3824 Evangelium
2093 3753 2242 3810 diei:
2297 3770 2415 3808 ecce
2451 3755 2796 3808 ascendimus
2832 3754 3029 3807 Hiero-

780 3835 1041 3904 solymam
1081 3838 1135 3888 et
1161 3836 1320 3905 filius
1355 3835 1591 3889 hominis
1627 3834 1884 3888 tradetur
1922 3833 2131 3904 (Marc.
2164 3834 2249 3905 10,
2286 3834 2526 3902 33—45)
2569 3835 2655 3891 ita
2695 3851 2937 3892 exorsus
2953 3832 3027 3902 ²):

889 3940 944 3994 ‘O
967 3941 1072 4011 μὲν
1098 3946 1188 4007 τῆς
1214 3943 1524 4012 ἐγκρατείας
1541 3941 1727 4010 καιρός
1752 3940 1855 4006 ἤδη
2071 3940 2379 3998 Processit
2428 3942 2660 4014 quidem
2710 3942 2860 3999 satis
2900 3958 3028 3998 con·

782 4026 1079 4090 τιροέκοψε,
1135 4026 1223 4073 καὶ
1260 4021 1394 4091 πρὸς
1432 4021 1564 4074 αὐτὸ
1604 4024 1854 4092 πέφθακε
1966 4021 2256 4079 tinentiae
2296 4029 2541 4095 tempuS,
2581 4022 2802 4094 etjam
2834 4022 2908 4078 ad
2936 4038 3030 4081 ex-

964 4185 1003 4251 ¹)
1044 4184 1314 4254 Ὴρθυμος
1352 4201 1416 4238 ex
1452 4184 1564 4252 ipsa
1601 4183 1741 4238 vocis
1779 4184 2043 4237 notatione
2082 4188 2178 4250 est,
2220 4184 2363 4252 cujus
2403 4183 2620 4237 animas
2655 4182 2900 4253 (θυμός)
2947 4191 3024 4236 est

795 4267 1051 4321 ”emissus
1087 4267 1256 4337 (ῥᾷος,
1296 4264 1529 4335 ῥᾴδιος),
1565 4266 1650 4335 qui
1690 4265 1863 4318 facilia
1901 4269 2248 4330 consectatur,
2288 4264 2517 4318 difficilia
2555 4281 2678 4318 vero
2705 4264 2934 4335 adeoque
2961 4265 3029 4317 la-

795 4365 958 4401 oorem
997 4364 1196 4401 omnem
1234 4347 1385 4413 vitat,
1437 4347 1601 4414 piger,
1650 4346 1844 4414 segnis,
1896 4345 2185 4414 negligens,
2226 4346 2463 4414 supinus:
2516 4362 2613 4415 quo
2662 4345 2840 4398 eodem
2880 4361 3029 4398 sensu

795 4429 941 4482 etiam
979 4429 1029 4482 in
1068 4427 1343 4497 synaxario
1383 4427 1542 4480 seriae
1582 4426 1643 4479 V.
1683 4430 1782 4477 τοῦ
1819 4425 2068 4494 μεγάλου
2106 4423 2338 4483 κανόνος
2375 4425 2598 4480 occurrit
2637 4441 2792 4494 supra
2832 4442 2880 4494 p.
2914 4426 3028 4478 151.

966 4507 1010 4575 ²)
1051 4509 1200 4578 Apud
1240 4507 1428 4576 Migne,
1470 4507 1614 4560 Patr.
1654 4524 1734 4576 gr.
1775 4512 1813 4560 t.
1857 4508 1975 4573 132,
2016 4523 2097 4576 pp.
2137 4507 2438 4560 481—482.
