3514 5391
849 541 919 593 66
1431 536 1589 592 Festa
1625 536 1831 592 mobilia
1871 544 1990 592 ante
2029 534 2505 607 Quadragesimam.

855 646 1546 655 —-.-.-<—-...-..-⁴l-sjkjmr4

854 736 1289 809 appellabatur,
1331 733 1595 807 quodque
1624 734 1919 807 aliquibus
1945 734 2005 792 in
2034 733 2407 792 dioecesibus
2434 737 2857 805 sustinebatur,
2888 742 3094 809 utpote

853 817 1054 875 multis
1095 818 1170 875 ab
1210 815 1503 887 episcopis
1539 815 1894 884 toleratum,
1936 831 2059 872 -non
2096 816 2279 873 solum
2322 815 2472 873 illud
2510 815 2776 875 censuris
2815 816 3095 873 damnan-

853 898 988 955 dum
1030 896 1278 958 censuit,
1318 895 1425 952 sed
1463 894 1757 965 obiectum
1785 900 2199 966 argumentum
2238 892 2540 962 refellenS,
2579 897 2732 954 haec
2768 896 3097 969 prudenter

850 978 1112 1037 addidit:
1166 976 1349 1031 Nolite
1385 976 1642 1030 subdolas
1677 976 1951 1030 hominum
1990 992 2141 1031 roc-es
2176 976 2374 1030 audire
2422 976 2502 1031 sic
2546 977 2869 1032 dicentium:
2919 976 3096 1031 Prae-

851 1060 1166 1114 decessores
1202 1058 1398 1123 nostri,
1434 1057 1530 1125 qui
1564 1060 1728 1112 erant
1761 1057 2028 1112 notabiles
2064 1057 2174 1112 viri
2206 1057 2465 1127 reputati,
2512 1057 2663 1112 istud
2682 1057 3096 1128 permiserunt;

850 1140 1059 1212 suffic-it
1092 1139 1247 1193 nobis
1283 1138 1461 1192 eicere
1497 1141 1558 1191 u!
1593 1138 1731 1209 apsi:
1769 1138 1979 1192 Procul
2011 1138 2173 1192 dubio
2199 1138 2349 1192 istud
2370 1142 2748 1208 argumentum
2774 1138 3094 1193 diabolicam

851 1224 951 1288 est,
987 1220 1287 1290 infernalis·
1321 1218 1456 1273 haec
1481 1218 1797 1288 persuasio,
1835 1234 1927 1271 ros·
1963 1218 2180 1273 illorum
2220 1219 2424 1273 exitum
2463 1216 2752 1289 ignorante,
2797 1235 2868 1273 cm
2909 1220 3097 1284 bonus,

851 1302 934 1356 rel
966 1302 1145 1355 malas
1170 1300 1370 1371 fuerit.

1027 1380 1225 1453 HuJus
1262 1378 1679 1438 universitatis
1719 1395 2031 1437 censuram
2068 1377 2265 1437 refert
2286 1396 2398 1450 pet·
2417 1384 2719 1447 extensum,
2755 1386 2823 1439 ut
2859 1380 3096 1449 dicitur,

851 1461 898 1520 J
900 1478 1121 1520 oannes
1160 1459 1525 1520 Savaronius
1564 1458 1624 1515 in
1654 1459 1984 1533 appendice
2011 1476 2251 1534 operum
2279 1459 2456 1518 Petri
2482 1459 2935 1533 Blesensispay.
2964 1460 3096 1527 782,

853 1549 915 1600 et
951 1542 1012 1600 in
1051 1546 1320 1600 tractatu
1360 1539 1599 1598 Gallico
1656 1540 1939 1598 idiomate
1990 1546 2200 1598 contra
2243 1540 2449 1599 larvas
2489 1542 2821 1615 conscripto
2845 1559 2980 1613 paq.
3017 1541 3097 1595 32

852 1626 906 1676 et
940 1640 1051 1692 seq.
1139 1622 1537 1696 Quamobrem
1581 1620 1764 1678 Vobis
1817 1621 2103 1683 omnibus,
2160 1620 2561 1680 Venerabiles
2607 1622 2890 1693 FratreS,
2941 1621 3095 1680 omni

853 1719 999 1762 cura
1036 1702 1401 1774 mandamuS,
1455 1708 1520 1759 ut
1559 1701 1616 1758 in
1658 1701 2047 1773 dioecesibus
2097 1703 2200 1760 ubi
2238 1702 2573 1775 huJusmodi
2609 1704 2952 1763 scandalum
2993 1708 3097 1761 aut

847 1783 1210 1857 jampridem
1250 1782 1534 1853 invaluit,
1587 1788 1693 1840 aut
1738 1782 1932 1840 eidem
1979 1783 2177 1841 aditus
2224 1783 2519 1855 aperitur,
2575 1786 2799 1844 nullam
2838 1800 3095 1858 operam,

852 1865 1191 1938 nullumque
1247 1863 1505 1921 studium
1552 1863 2088 1936 praetermittatis,
2140 1870 2209 1922 ut
2255 1864 2407 1923 haec
2460 1882 2679 1924 morum
2725 1863 3095 1939 perversitas

851 1946 955 2004 ubi
993 1947 1180 2018 deest,
1218 1949 1506 2019 perpetuo
1546 1943 1720 2015 desit,
1755 1944 1860 2002 ubi
1901 1952 2099 2003 autem
2140 1944 2410 2017 invaluit,
2448 1947 2686 2019 penitus
2713 1945 3095 2017 exstirpetur,

853 2043 925 2086 ac
960 2023 1228 2084 funditus
1267 2024 1582 2095 evellatur,
1620 2024 1899 2097 illiusque
1940 2030 2245 2095 auctoreS,
2302 2024 2761 2098 defensoresque
2799 2025 2967 2083 nulla
3002 2040 3094 2082 re-

851 2124 979 2166 rum
1017 2107 1407 2165 humanarum
1445 2104 1683 2162 ratione
1720 2105 1933 2163 habita
1972 2106 2266 2164 acerrime
2305 2107 2646 2179 puniantur.
2701 2105 2909 2179 Neque
2941 2104 3094 2163 enim

854 2187 1085 2245 omnino
1137 2186 1313 2244 decet
1362 2185 1472 2243 hoc
1513 2184 1680 2242 modo
1723 2184 2259 2258 quadragesimam
2300 2186 2612 2250 inchoare,
2669 2187 2758 2246 uti
2798 2186 3097 2245 exclamat

853 2274 1094 2326 sanctus
1130 2266 1398 2325 Basilius
1422 2266 1624 2320 Homil.
1653 2266 1705 2319 2.
1733 2266 1802 2320 de
1812 2266 2056 2335 jejunio.
2093 2265 2290 2325 Paris.
2321 2267 2464 2325 edit.
2487 2267 2653 2322 1722.
2680 2270 2749 2321 to.
2770 2266 2825 2321 2.
2852 2283 2989 2336 paq.
3007 2265 3095 2319 13.

856 2349 1094 2417 Quorum
1132 2352 1310 2403 uatem
1335 2346 1626 2417 primitiae
1661 2346 2014 2415 rejiciuntur.
2066 2347 2221 2409 haud
2254 2349 2494 2413 dubiam,
2543 2348 2671 2418 quin
2709 2346 2766 2400 in
2802 2346 2894 2401 lais
2928 2349 3095 2400 totum

852 2445 1060 2499 quoque
1094 2428 1171 2483 sit
1204 2426 1579 2498 reficiendum.
1654 2427 1734 2481 Et
1756 2444 1889 2497 paq.
1930 2428 2018 2481 15.
2055 2427 2380 2482 Hodiernus
2416 2429 2536 2483 dies
2572 2426 2888 2483 vestibulum
2914 2427 3096 2496 estje-

838 2508 1021 2579 junii:
1057 2525 1230 2578 neque
1256 2523 1402 2573 cero,
1426 2508 1522 2576 qui
1543 2508 1598 2561 in
1626 2508 1905 2563 restibulus
1918 2511 2284 2579 profanatur,
2320 2509 2520 2580 dtynus
2544 2513 2645 2576 est,
2683 2508 2778 2578 qui
2801 2507 2876 2562 ad
2892 2507 3095 2562 Sancta

852 2591 1106 2644 introeat.
1160 2587 1353 2648 Nimis
1392 2586 1547 2644 enim
1585 2588 1794 2646 honori
1833 2589 2128 2647 ecclesiae
2170 2589 2388 2659 debito,
2429 2605 2715 2662 sacroque
2742 2587 2889 2646 ritui
2915 2587 3097 2645 susci·

853 2669 1196 2744 piendorum
1236 2669 1498 2728 cinerum
1534 2668 1706 2727 nimis
1734 2670 2136 2729 adversantur
2164 2670 2222 2742 ii,
2263 2671 2361 2743 qui
2387 2670 2634 2730 tametsi·
2657 2669 2879 2743 absque
2903 2668 3095 2738 larva,

854 2753 1122 2811 vestibus
1173 2758 1376 2809 tamen
1414 2756 1864 2822 personatorum
1917 2752 2172 2825 propriis
2222 2752 2452 2810 domum
2489 2751 2613 2810 Dei
2661 2750 3096 2822 ingrediuntur,

856 2832 934 2891 ad
972 2833 1169 2891 altare
1210 2831 1534 2903 accedunt,
1585 2837 1651 2890 ut
1701 2832 1892 2890 sacris
1931 2833 2231 2891 cineribus
2282 2851 2318 2890 a
2356 2833 2670 2892 sacerdote
2711 2832 2973 2906 aspersi.
3021 2831 3094 2888 de

855 2913 1018 2971 seria
1056 2912 1264 2971 mortis
1303 2912 1665 2984 cogitatione
1706 2912 2154 2972 admoneantur.

1032 2993 1134 3052 Ad
1173 2994 1318 3051 illud
1356 2993 1611 3062 interea,
1651 2993 1803 3065 quod
1833 3001 1926 3051 est
1953 2994 2209 3052 secundo
2235 2995 2364 3052 loco
2390 2995 2769 3068 propositum,
2808 2992 3097 3052 acceden-

855 3079 965 3144 teS‚
992 3072 1271 3143 fatemur,
1302 3073 1540 3131 minime
1556 3072 1744 3133 Nobis
1771 3078 2062 3132 statutum
2090 3075 2285 3133 animo
2313 3092 2460 3146 esse,
2489 3083 2594 3133 aut
2619 3075 2678 3133 in
2698 3073 3097 3134 bacchanalia

855 3154 1075 3226 invehi,
1114 3160 1219 3212 aut
1245 3154 1317 3211 de
1347 3153 1682 3211 eorumdem
1714 3153 2085 3227 impudentia
2114 3154 2599 3214 dissertationem
2626 3154 2971 3213 historicam
3012 3154 3097 3211 in·

856 3237 1125 3295 stituere.
1202 3235 1373 3310 Quod
1410 3233 1616 3293 facere
1657 3236 1708 3293 si
1744 3235 2016 3308 velimus,
2064 3233 2334 3309 profecto
2371 3237 2531 3294 haud
2569 3234 2931 3294 incommode
2966 3250 3099 3307 pos·

857 3334 1080 3383 semuS‚
1133 3316 1544 3375 exscribentes
1592 3316 1867 3374 nimirum
1907 3333 2009 3378 ea.
2066 3333 2216 3388 quae
2268 3317 2329 3375 in
2379 3317 2535 3375 hanc
2583 3333 2708 3374 rem
2762 3334 2806 3374 s.
2845 3313 3097 3374 Carolus

854 3397 1254 3456 Borromaeus
1293 3396 1536 3470 egregie
1590 3398 1915 3470 composuit
1966 3398 2025 3454 in
2078 3414 2182 3455 suo
2231 3398 2388 3457 libro
2440 3396 2776 3455 Memoriali
2825 3395 2985 3454 edito
3034 3394 3097 3452 in

857 3477 1110 3552 septima
1147 3483 1320 3552 parte
1360 3478 1649 3536 Actorum
1690 3478 1984 3536 ecelesiae
2022 3477 2515 3550 MediolanensiS‚
2572 3495 2646 3536 ea
2682 3476 2915 3535 scilicet
2949 3483 3096 3534 tem-

855 3564 1110 3631 pestate.
1149 3574 1278 3617 cum
1317 3557 1427 3615 illa
1464 3558 1681 3616 civitas
1720 3575 1757 3615 a
1795 3565 1964 3631 peste
2003 3558 2510 3632 importunissima
2546 3558 2813 3617 liberata
2849 3554 2995 3627 fuit3
3035 3563 3099 3613 et

857 3645 1061 3713 pastor
1097 3639 1351 3712 optimus
1387 3639 1661 3712 populum
1701 3638 1965 3697 studiose
2004 3639 2426 3714 sapienterque
2464 3640 2738 3697 hortatus
2777 3643 2886 3709 est,
2930 3643 2998 3694 ut
3035 3636 3097 3692 in

857 3720 1151 3792 publicum
1178 3719 1340 3791 grati
1366 3720 1548 3777 animi
1572 3725 2026 3791 monumentum,
2063 3721 2593 3779 bacchanaliorum
2613 3716 3096 3778 consuetudinem

857 3802 1196 3871 abrogaret.
1259 3799 1419 3857 Huic
1456 3816 1680 3872 quoque
1709 3800 2003 3874 epistolae
2034 3801 2281 3874 adjungi
2306 3807 2564 3875 possent,
2601 3816 2751 3873 quae
2778 3797 3099 3857 monachus

858 3880 930 3938 de
968 3879 1144 3938 l’Isle
1182 3879 1385 3937 in'suo
1422 3879 1654 3938 recenti
1693 3887 1963 3939 tractatu
1999 3881 2068 3936 de
2089 3883 2313 3951 Jejzmio
2349 3883 2441 3937 lib.
2468 3883 2519 3935 6.
2559 3897 2672 3951 cap.
2700 3881 2751 3933 6.
2790 3878 2939 3936 satis
2966 3894 3097 3936 eru-

857 3960 981 4019 dite
1019 3959 1276 4033 scripsit,
1313 3960 1416 4017 ubi
1455 3960 1527 4017 de
1567 3961 1935 4019 ethnicorum
1974 3962 2443 4021 bacchanalibus
2482 3962 2799 4032 disserens,
2837 3957 3099 4017 ostendit

856 4047 1137 4114 quantum
1164 4047 1498 4099 nostrorum
1534 4041 1685 4100 haec
1711 4043 2239 4101 bacchanaliorum
2266 4042 2683 4116 importunitas
2704 4038 3098 4099 sanctissimis

858 4121 1314 4180 christianorum
1367 4120 1626 4179 moribus
1678 4123 2050 4181 adversetur.
2140 4123 2567 4181 Verumtamen
2604 4121 2792 4181 Nobis
2843 4120 2963 4178 erit
3000 4136 3097 4177 ex·

856 4354 986 4407 quae
1024 4335 1088 4390 ad
1127 4336 1315 4389 festum
1354 4336 1610 4390 fatuorum
1649 4338 1924 4406 pertinent,
1962 4337 2307 4391 eruditissimo
2344 4336 2710 4392 commentario
2747 4336 2799 4390 in
2835 4337 2981 4390 Actis
2998 4335 3095 4388 La-

857 4417 1090 4471 censibus
1127 4415 1416 4484 (Stimmen
1454 4431 1559 4469 aas
1593 4417 2028 4486 Maria-Luam)
2078 4418 2216 4471 edito
2255 4418 2410 4484 1894,
2462 4421 2501 4471 t.
2540 4418 2626 4484 47,
2674 4433 2757 4487 pp.
2796 4417 3094 4482 571—5s7‚

858 4498 1076 4567 copiose.
1115 4496 1292 4552 solide.
1331 4502 1571 4550 accurate
1610 4499 1856 4567 explicuit
1893 4502 2046 4568 atque
2085 4499 2330 4552 excussit.
