3514 5391
969 504 1106 567 Ordo
1143 507 1393 566 festorum
1429 503 1677 564 ecclesiae
1714 519 1976 564 armenas..
2489 496 2516 558 G

375 622 476 630 .--
509 626 523 629 -
584 625 624 629 --
673 618 2181 630 --—————.—————-—-———-——————-—ss-———

967 664 1154 765 'sectio
1192 704 1329 764 vm.
1384 705 1630 777 Hissnag.
1686 705 1970 761 Adventus.

371 887 573 952 dentes
619 887 1037 972 Theopompti
1098 887 1164 952 in
1209 885 1533 951 tormentis
1582 884 2025 957 constantiam,
2093 883 2487 948 crediderunt

254 1058 259 1063 p
369 982 692 1060 Christum,
748 989 809 1050 et
857 985 932 1048 ab
966 985 1184 1048 eodem
1217 982 1608 1048 Diocletiano
1642 982 1938 1065 martyrio
1973 979 2196 1052 affecti,
2245 979 2516 1046 referunt

365 1102 399 1146 a
441 1082 628 1148 Men.
682 1083 812 1148 Gr.
863 1085 924 1145 et
968 1083 1175 1147 Arm.
1226 1081 1341 1145 sub
1390 1080 1488 1145 die
1538 1080 1643 1144 20.
1693 1078 1835 1144 Jan.

532 1262 775 1325 Feria
820 1259 896 1325 V.
967 1259 1214 1323 Festum
1261 1209 1522 1321 Addaei
1565 1256 1869 1343 episcopi,
1919 1255 2227 1341 discipuli
2265 1255 2516 1319 Thaddc

364 1359 503 1445 Ap„
549 1363 657 1444 qui
707 1361 778 1421 in
824 1357 973 1421 urbe
1021 1358 1267 1421 Edessa
1315 1366 1775 1421 consummatus
1824 1364 1933 1432 est,
1984 1364 2042 1417 et
2075 1353 2366 1442 Abaqari
2411 1378 2516 1441 req

532 1502 625 1566 De
675 1501 947 1565 Addaeo
997 1502 1308 1585 episcope,
1358 1499 1660 1583 discipulo
1709 1519 1759 1565 s,
1790 1497 2126 1574 Thaddaei,
2178 1499 2472 1581 martyrio

362 1603 576 1664 Anano
643 1600 924 1684 Abagari
990 1599 1116 1663 filio
1165 1602 1553 1682 consumptO,
1622 1600 1886 1661 testatur
1950 1596 2148 1662 Men.
2218 1597 2429 1662 Arm.
2499 1617 2516 1661 t

362 1699 462 1762 21.
511 1698 662 1763 Deo.
766 1698 856 1762 De
905 1696 1204 1783 Abaqaro
1269 1702 1475 1761 autem
1544 1715 1689 1781 rege
1739 1697 2156 1760 Armenorum
2214 1695 2489 1759 Edessae

364 1795 835 1879 Mesopotamia,
887 1797 990 1878 qui
1041 1816 1076 1858 a
1123 1795 1369 1859 Christo
1418 1795 1735 1859 sudarium
1788 1793 1921 1875 ejus
1970 1793 2178 1877 effigie
2225 1792 2516 1876 impressi

362 1895 650 1979 suscepit,
708 1900 767 1958 et
813 1894 890 1958 ab
927 1894 1058 1978 ejus
1090 1894 1390 1976 discipulo
1423 1914 1471 1957 S.
1508 1892 1844 1958 Thaddaeo
1894 1895 2163 1969 sanatus,
2215 1893 2450 1975 primus
2500 1912 2516 1955 ε

361 1994 478 2058 titit
524 1994 687 2057 inter
735 2012 941 2077 reges,
1010 1994 1114 2075 qui
1164 1990 1411 2057 Christo
1460 2011 1689 2057 nomen
1738 1984 2055 2067 dederint,
2124 1995 2386 2055 testatur
2434 1991 2516 2055 id<

362 2095 558 2158 Arm.
611 2092 809 2156 Men.
861 2092 961 2155 die
1009 2092 1116 2156 31.
1169 2091 1339 2167 Dec.,
1392 2094 1454 2154 et
1501 2091 1603 2154 alii
1651 2089 1828 2153 multi
1880 2088 2179 2164 historici,
2227 2093 2296 2153 ut
2344 2108 2516 2153 cerne

362 2195 453 2254 est
499 2190 802 2274 superiori
852 2194 1038 2266 tom0,
1090 2210 1193 2273 pp.
1245 2188 1370 2252 257
1424 2208 1597 2271 seqq.

537 2369 908 2434 SabbatO.
1004 2366 1253 2430 Festum
1313 2389 1397 2433 ss.
1445 2367 1627 2433 Indis
1692 2377 1752 2431 et
1799 2369 2140 2443 Domnae,
2209 2377 2268 2430 et
2320 2364 2516 2454 Glyco

362 2465 715 2553 preshyteri
777 2488 853 2528 ac
897 2465 1125 2548 viginti
1169 2463 1468 2557 millium,
1537 2466 1644 2549 qui
1689 2462 1991 2528 combusti
2037 2474 2182 2527 sunt
2224 2466 2295 2527 in
2342 2466 2516 2529 eccle.⁴

365 2564 963 2662 Nicomediensium.

538 2707 729 2785 Indos
760 2707 1083 2772 eunuchus
1132 2711 1193 2771 et
1225 2707 1468 2771 Domne
1515 2710 1770 2790 martyr,
1822 2706 2225 2771 Nicomediae
2255 2708 2369 2771 sub
2402 2706 2516 2771 Ma.

366 2807 566 2872 miano
618 2806 1032 2871 consummati
1078 2806 1140 2869 in
1189 2805 1414 2871 Mart.
1466 2805 1670 2870 Rom.
1724 2809 1786 2869 et
1815 2805 1884 2869 M
1902 2826 2011 2869 en.
2050 2805 2171 2870 Gr.
2220 2811 2516 2888 reponuni

364 2906 475 2970 sub
539 2906 649 2971 28.
700 2906 889 2982 Deo,
956 2906 1018 2968 in
1070 2905 1281 2968 Arm.
1333 2904 1535 2970 Men.
1586 2904 1689 2971 29.
1743 2904 2023 2986 ejusdem
2083 2904 2336 2968 mensis
2449 2902 2516 2969 01

363 3004 480 3068 illis
528 3005 895 3088 martyrium
947 3023 1167 3087 passus
1215 3008 1308 3067 est
1363 3002 1692 3089 Glycerius
1740 3003 2086 3086 presbyter,
2151 3001 2366 3066 itidem
2415 3001 2516 3066 Ni(

365 3104 604 3167 mediae
655 3122 793 3168 cum
843 3100 1188 3185 Theophilo
1236 3101 1512 3178 diacon0,
1562 3101 1810 3165 Zenone
1860 3101 2124 3165 militum
2173 3101 2331 3165 duce
2382 3106 2442 3165 et
2471 3102 2516 3166 al

366 3200 665 3284 pluribUS,
730 3201 808 3265 de
857 3200 1082 3284 quibus
1131 3200 1350 3265 Mart.
1401 3199 1610 3264 Rom.
1661 3201 1767 3264 21.
1819 3199 1992 3277 Dec,
2057 3199 2252 3264 Men.
2304 3199 2424 3264 Gr.
2478 3199 2516 3262 2

368 3300 562 3364 Arm.
627 3299 730 3364 24.
784 3299 1061 3381 ejusdem
1120 3298 1372 3363 mensis,
1485 3297 1645 3362 Item
1709 3299 1940 3382 viginti
1997 3296 2202 3361 millia
2265 3301 2516 3381 martyri

368 3397 423 3460 in
497 3396 759 3462 ecelesia
826 3396 1435 3472 Nicomediensium‚
1530 3398 1676 3461 dum
1768 3396 2168 3461 festivitatem
2249 3396 2516 3460 Nativita

370 3493 597 3560 Christi
648 3495 1170 3574 concelebrarent,
1215 3496 1394 3579 jussu
1444 3495 1808 3559 Maximiani
1857 3496 2186 3571 combusti,
2257 3496 2332 3558 de
2383 3496 2516 3580 quit

373 3592 590 3658 Mart.
644 3592 847 3657 Rom.
900 3594 1005 3658 25.
1059 3594 1229 3670 Dec.,
1291 3593 1491 3658 Men.
1545 3595 1664 3657 Gr.
1718 3594 1844 3670 28..
1917 3595 2119 3658 Arm.
2172 3594 2275 3659 24.
2326 3593 2516 3675 ejusd«

372 3710 620 3755 mensis.

548 3959 885 4024 Dominica
945 3960 1047 4023 Vl.

545 4119 773 4185 Feria
816 4119 899 4188 II.
987 4122 1239 4185 Festum
1287 4119 1579 4184 Abrahae
1626 4118 1992 4205 (Aprahae)
2043 4128 2102 4181 et
2154 4117 2477 4196 Chorenis‚

380 4239 826 4304 anaryyrorum
872 4220 1247 4283 medicorum
1304 4217 1559 4284 Cosmae
1608 4227 1666 4280 et
1713 4219 2045 4282 Damiani.

553 4340 868 4407 Abraham
892 4355 952 4406 et
979 4342 1220 4409 C'horen
1243 4344 1494 4408 fuerunt
1520 4343 1928 4418 confessores,
1980 4340 2262 4425 discipuli
2295 4361 2377 4405 ss,
2406 4340 2516 4405 Le(

385 4439 641 4503 tinorum
688 4462 835 4506 mm.
901 4463 934 4506 a
981 4442 1191 4507 Persis
1241 4462 1351 4526 pro
1403 4440 1630 4506 Christi
1682 4441 1805 4505 fide
1869 4440 2204 4504 excruciati
2252 4438 2498 4503 saeculo

2297 4546 2397 4600 40*
