3514 5391
809 506 881 561 80
1449 503 1609 560 Festa
1645 505 1853 561 mobilia
1890 504 1940 559 in
1978 502 2399 574 Quadragesima.

809 722 948 768 mus
994 704 1073 768 de
1119 704 1567 791 quinquaginta
1610 704 1731 771 illis
1781 705 2001 771 diebus
2048 703 2340 789 paschale
2386 704 2618 775 festum
2664 707 3052 790 subsequen-

810 800 994 878 tibus,
1043 805 1252 868 tamen
1297 800 1420 868 late
1467 808 1716 887 sumpto
1765 802 2085 881 vocabule,
2133 803 2447 871 interdum
2492 803 2806 889 significat
2852 807 3049 868 totum

810 897 960 964 illud
1008 900 1279 983 spatium
1325 901 1584 979 dierum,
1634 902 1800 986 quod
1849 905 1945 967 est
1991 921 2029 966 a
2058 900 2307 967 Pascha
2351 902 2427 966 ad
2462 900 2910 967 Pentecosten:
2962 901 3052 969 sic

811 1001 872 1061 et
916 994 1404 1084 Quadragesima
1465 999 1712 1084 proprie
1772 1000 2025 1084 quidem
2091 1003 2187 1066 est
2251 999 2387 1063 dies
2431 1013 2597 1064 unus
2654 1001 2731 1064 de
2779 999 3050 1086 quadra·

807 1095 1006 1180 qima,
1056 1097 1187 1162 dies
1235 1097 1473 1163 seilicet
1497 1098 1895 1172 Parasceves.
1946 1098 2053 1183 qui
2097 1098 2350 1183 quidem
2399 1099 2562 1182 apud
2596 1097 3052 1164 Alexandrinos

810 1196 941 1257 erat
986 1193 1536 1280 quadrayesimus‚
1603 1196 1788 1263 latius
1851 1202 2062 1263 tamen
2108 1202 2356 1280 sumpto
2405 1197 2705 1275 termino,
2765 1197 3055 1282 designat

809 1290 996 1355 etiam
1043 1295 1455 1379 quadraginta
1511 1296 1645 1361 dies
1696 1296 2106 1379 jejuniorum,
2173 1296 2281 1380 qui
2340 1294 2591 1361 Pascha
2653 1295 3049 1361 antecedunt.

813 1386 1207 1464 Postremam
1233 1391 1396 1458 hanc
1420 1393 1794 1474 sententiam
1818 1399 2063 1479 praeter
2087 1398 2364 1459 caeteros
2389 1398 2638 1460 secutus
2662 1399 2758 1459 est
2785 1393 2864 1460 H.
2880 1393 2944 1456 ·V
2960 1393 3055 1457 al-

808 1485 1067 1553 lesius
1114 1488 1177 1553 in
1221 1493 1393 1556 notis
1438 1491 1527 1555 ad
1573 1492 1835 1556 Eusebii
1880 1492 2123 1558 Hister.
2175 1492 2394 1567 eccles.
2433 1492 2473 1558 l.
2525 1512 2577 1557 c.

1044 1674 1153 1734 De
1201 1676 1517 1748 mystica
1565 1677 2105 1750 significatione
2153 1676 2806 1750 Quadragesimae,

1852 1795 1905 1853 h.
1948 1812 2016 1865 e.,

1343 1901 1410 1963 do
1447 1900 1673 1963 decimis
1711 1922 1809 1975 per
1846 1920 1965 1963 eam
2004 1901 2116 1964 Deo
2153 1901 2520 1982 praestandis.

987 2028 1152 2088 Pene
1207 2028 1501 2087 innumeri
1552 2035 1717 2101 sunt,
1781 2029 1880 2102 qui
1932 2028 2005 2087 de
2053 2028 2534 2102 quadragesima
2584 2029 2826 2102 ejusque
2878 2027 3051 2087 varia

808 2110 965 2184 apud
1003 2109 1364 2169 christianas
1402 2110 1677 2168 nationes
1715 2111 2134 2169 observatione
2172 2110 2546 2182 scripserunt
2580 2110 2792 2183 quique
2828 2126 2870 2168 a
2903 2108 3051 2167 viris

808 2191 1015 2263 doctis,
1053 2208 1151 2249 res
1190 2191 1268 2249 ad
1295 2191 1688 2263 antiquitates
1715 2191 2164 2250 ecclesiasticas
2193 2196 2537 2265 spectantes
2556 2188 3050 2264 persequentibus

805 2271 1025 2346 passim
1062 2269 1426 2330 referuntur.
1499 2272 1595 2330 Ex
1633 2288 1833 2331 eorum
1873 2271 2312 2330 commentariis
2365 2271 2509 2330 duos
2561 2276 2763 2330 textus
2813 2275 3047 2328 tantum

806 2352 903 2410 hic
941 2352 1317 2425 adducemuS,
1355 2353 1454 2426 qui
1489 2370 1636 2427 prae
1676 2353 1939 2411 caeteris
1978 2352 2176 2411 idonei
2204 2351 2489 2411 videntur
2525 2351 2602 2409 ad
2630 2349 3047 2410 illustrandam

803 2433 1109 2505 utriusque
1149 2433 1446 2493 ecclesiae
1485 2434 1928 2492 consensionem
1967 2434 2027 2492 in
2067 2433 2455 2494 declarandis
2477 2432 2842 2492 decimarum
2867 2430 3050 2489 ratio·

805 2514 993 2585 nibus,
1033 2530 1182 2586 quae
1222 2514 1285 2571 in
1304 2514 1536 2587 jejunio
1563 2514 2115 2587 quadragesimali
2097 2531 2294 2573 inesse
2322 2514 2753 2573 credebantur.
2792 2513 3045 2571 alterum

805 2611 878 2651 ex
915 2610 1162 2667 corpore
1192 2592 1351 2666 juris
1390 2594 1660 2652 canonici
1698 2594 1996 2653 ecclesiae
2037 2594 2457 2664 occidentalis,
2510 2584 2763 2651 alterum
2803 2609 2877 2650 ex
2914 2608 3047 2649 san·

806 2674 1068 2734 ctissimo
1107 2674 1581 2734 archimandrita
1617 2674 1818 2734 Doro
1834 2675 2031 2748 theo
2061 2692 2231 2749 quem
2272 2675 2512 2734 saeculo
2550 2680 2715 2733 sexto
2742 2673 2802 2733 in
2831 2671 3047 2731 Palae·

803 2756 964 2814 stina
1001 2753 1291 2827 floruisse,
1330 2773 1403 2814 ex
1441 2755 1486 2814 J
1501 2756 1808 2829 aningo,
1862 2756 2019 2814 socio
2056 2756 2476 2828 Bollandiano‚
2517 2754 3046 2814 animadvertimus

805 2840 962 2894 tomo
1001 2838 1049 2906 1,
1088 2853 1141 2910 p.
1185 2800 1304 2895 174.

979 2916 1255 2976 Priorem
1305 2923 1531 2976 textum
1585 2934 1660 2976 ex
1710 2917 2143 2990 antiquioribus
2196 2933 2481 2976 canonum
2531 2916 2980 2976 collectionibus
3005 2915 3045 2986 ¹)

804 3003 1035 3055 erutum
1064 2996 1399 3058 Gratian
1416 3014 1452 3055 ιι
1470 3015 1496 3055 s
1533 2999 1773 3054 Decreta
1798 2998 2070 3070 inseruit,
2106 3003 2261 3071 part.
2285 2999 2339 3066 3,
2377 3013 2528 3071 quae
2553 2997 2621 3052 de
2645 2997 3048 3052 consecratione

804 3078 1168 3144 inscribitur,
1207 3077 1367 3135 Dist.
1397 3079 1448 3149 5,
1489 3094 1618 3135 can.
1647 3078 1731 3136 16.
1788 3077 1905 3136 Est
1932 3084 2131 3136 autem
2170 3078 2231 3135 in
2255 3077 2409 3136 haec
2434 3079 2623 3136 verba
2649 3076 3044 3149 conscriptus:

1417 3204 1503 3257 De
1540 3204 1913 3258 observatione
1953 3203 2438 3273 Quadraqesimae.

982 3308 1458 3385 Quadragesima
1494 3326 1721 3368 summa
1757 3311 2179 3370 observatione
2218 3317 2312 3372 est·
2349 3309 2740 3381 observanda,
2793 3315 2860 3367 ut
2888 3283 3043 3381 jeju·

801 3391 956 3450 nium
1000 3393 1060 3450 in
1099 3408 1174 3450 ea
1226 3391 1497 3465 (praeter
1535 3390 1662 3448 dies
1703 3390 2042 3460 dominicoS,
2094 3390 2192 3464 qui
2231 3390 2304 3448 de
2345 3388 2713 3448 abstinentia
2749 3388 3043 3447 subtracti

801 3472 980 3543 sunt),
1031 3472 1147 3531 nisi
1185 3488 1354 3544 quem
1394 3470 1712 3530 infirmitas
1751 3470 2122 3543 impedierit,
2177 3471 2516 3529 nullatenus
2554 3470 2856 3540 solvatur,
2904 3467 3042 3540 quia

800 3553 913 3627 ipsi
953 3552 1080 3611 dies
1120 3552 1387 3612 decimae
1426 3556 1564 3610 sunt
1600 3551 1756 3608 anni.
1831 3551 1894 3609 A
1940 3550 2136 3624 prima
2184 3551 2372 3623 igitur
2407 3549 2728 3609 Dominica
2767 3548 3039 3622 Quadra·

797 3633 1062 3704 gesimae
1116 3649 1299 3704 usque
1337 3632 1397 3691 in
1433 3631 1675 3690 Pascha
1710 3630 1955 3689 Domini
1994 3648 2099 3689 sex
2147 3630 2557 3690 hebdomadae
2606 3635 3040 3702 computantur,

799 3730 1044 3786 quarum
1090 3713 1376 3772 videlicet
1427 3712 1555 3770 dies
1604 3712 2007 3785 quadraginta
2059 3719 2122 3771 et
2159 3711 2273 3771 duo
2310 3712 2489 3783 fiunt,
2547 3727 2618 3770 ex
2657 3712 2867 3784 quibus
2906 3709 3037 3767 dum

799 3811 903 3851 sex
943 3793 1221 3851 dominici
1272 3794 1399 3851 dies
1452 3792 1858 3851 abstinentiae
1910 3793 2369 3861 subtrahuntur,
2427 3808 2543 3850 non
2577 3791 2711 3864 plus
2758 3790 2819 3848 in
2859 3789 3041 3848 absti-

799 3874 1005 3932 nentia
1041 3890 1214 3946 quam
1253 3874 1508 3946 triginta
1544 3879 1609 3932 et
1644 3890 1750 3932 sex
1790 3873 1918 3931 dies
1956 3879 2283 3932 remanent-
2359 3871 2548 3932 Verbi
2584 3871 2805 3944 gratia,
2845 3871 2895 3930 si
2934 3886 3041 3944 per

797 3955 906 4012 365
943 3954 1071 4013 dies
1109 3971 1299 4013 annus
1336 3954 1614 4025 volvitur,
1655 3960 1719 4013 et
1756 3971 1860 4012 nos
1897 3969 2006 4025 per
2041 3953 2115 4012 36
2151 3952 2280 4011 dies
2320 3950 2663 4024 affligimur,
2702 3951 2871 4025 quasi
2900 3950 3039 4009 anni

986 4157 1023 4222 ¹)
1076 4152 1455 4207 Burchardi
1508 4151 2040 4207 Wormatiensis
2092 4155 2149 4216 (†
2189 4151 2351 4216 1026)
2416 4150 2776 4204 Dect-etornm
2825 4150 2914 4204 lib.
2954 4150 3037 4216 13,

796 4253 839 4290 c.
881 4238 929 4290 1.
970 4234 1141 4304 (Apud
1180 4234 1368 4303 Migne‚
1406 4232 1549 4286 Patr.
1587 4233 1680 4287 lat.
1720 4238 1843 4286 tom.
1886 4233 2008 4298 140,
2046 4247 2130 4302 pp.
2167 4231 2503 4297 884-885);
2544 4247 2586 4284 S.
2612 4228 2847 4285 lvonis
2885 4230 3037 4286 Car·

795 4316 1112 4369 notensis
1153 4317 1210 4380 (†
1251 4315 1411 4380 1116)
1452 4314 1670 4368 Dect-et.
1709 4318 1845 4383 part.
1871 4314 1922 4378 4,
1962 4329 2005 4367 c.
2032 4313 2103 4367 34
2142 4311 2282 4378 (ibid.
2304 4315 2427 4365 tom.
2452 4312 2570 4379 161,
2597 4325 2681 4380 pp.
2701 4310 3035 4376 agl—282„

795 4395 1122 4464 Gregorii
1160 4394 1562 4464 presbyteri
1599 4394 1872 4448 Romani
1925 4394 1991 4458 (c.
2030 4409 2112 4446 an.
2156 4393 2314 4460 1119)
2366 4390 2665 4460 Polycarpi
2713 4391 2746 4445 1.
2784 4391 2837 4445 3.
2887 4407 2931 4444 c.
2968 4390 3036 4444 25

796 4476 937 4534 (ibid.
975 4482 1099 4531 tom.
1141 4476 1260 4542 163,
1306 4490 1354 4544 p.
1393 4476 1539 4540 755).
