3514 5391
1384 523 1587 578 occasio
1623 523 1895 578 scribendi.
2643 523 2765 578 XIII

508 730 770 806 tamque
829 723 1041 787 varias
1104 723 1164 787 in
1213 721 1590 789 Kalendario
1656 728 2051 789 occurrentes
2117 742 2233 788 nec
2281 724 2566 790 subtilius
2623 746 2764 810 per-

508 825 806 898 tractare,
855 841 976 887 nec
1024 822 1278 886 uberius
1325 840 1629 906 exponere
1676 826 2078 899 tentaremUS,
2127 842 2206 886 ne
2239 842 2530 888 onerasse
2563 825 2765 908 potius
2832 810 2844 823 ⁹

506 918 813 985 lectorem
864 920 1361 999 elementarium,
1410 941 1601 1004 quam
1649 921 1967 986 adlevasse
2015 921 2384 988 videremur.

699 1018 795 1083 Ita
842 1040 992 1086 vero
1042 1020 1250 1085 omnia
1309 1019 1661 1085 studuimus
1723 1020 1889 1085 facili
1957 1039 2028 1085 ac
2076 1020 2261 1104 plana
2310 1020 2603 1086 methodo
2651 1043 2766 1088 nec

511 1115 910 1182 voluminosa
956 1118 1124 1183 mole
1175 1117 1520 1203 complecti,
1569 1122 1639 1183 ut
1684 1118 1862 1183 labor
1909 1124 2118 1183 noster
2165 1117 2299 1183 aliis
2346 1139 2594 1203 quoque
2642 1122 2764 1185 cle-

508 1215 665 1279 ricis
713 1215 1017 1295 externiS‚
1085 1217 1146 1281 in
1195 1238 1454 1302 quorum
1506 1238 1728 1282 manus
1787 1217 2134 1301 devenerit,
2205 1237 2405 1300 neque
2465 1218 2762 1304 ingratuS,

506 1333 723 1397 neque
769 1314 1010 1379 inutilis
1057 1320 1224 1381 esset
1270 1316 1533 1382 futurus,

699 1411 823 1477 Sed
871 1417 936 1478 et
984 1415 1136 1499 ipsis
1183 1413 1631 1491 Orientalibus»,
1697 1415 1804 1498 qui
1852 1413 2288 1498 praejudicatis
2337 1416 2648 1481 erroribus
2695 1438 2765 1483 ac

507 1513 974 1577 consuetudine
1022 1513 1242 1598 magis,
1291 1534 1475 1598 quam
1525 1514 1651 1578 veri
1686 1513 1825 1577 odio
1868 1533 1902 1576 a
1935 1516 2150 1578 sancta
2179 1511 2461 1577 Romana
2489 1513 2768 1580 Ecclesia

505 1610 869 1690 discedunt,
939 1632 1117 1677 sacra
1180 1612 1443 1696 alioquin
1512 1632 1821 1696 omneque
1882 1612 2128 1696 pietatis
2187 1631 2386 1697 genus
2441 1614 2766 1679 nobiscum

508 1707 767 1787 colunt,
836 1711 1021 1775 exilia
1068 1710 1224 1776 haec
1269 1716 1481 1776 nostra
1525 1711 1684 1776 forte
1747 1709 2010 1775 lectione
2057 1710 2434 1795 dignaturiS,
2500 1713 2766 1795 quodam

508 1808 709 1872 etiam
762 1809 948 1873 modo
998 1809 1316 1874 consulere
1363 1808 1692 1887 voluimuS‚
1742 1809 1891 1873 dum
1942 1810 2114 1872 aestu
2145 1808 2312 1875 omni
2360 1812 2421 1873 et
2449 1809 2770 1893 quibusvis

508 1907 855 1971 verborum
892 1907 1339 1972 acerbitatibus
1370 1908 1551 1993 longe
1582 1906 1894 1992 relegatiS,
1945 1911 2150 1971 certae
2183 1905 2597 1991 probataeque
2626 1909 2768 1974 fidei

509 2005 897 2071 testimoniis
944 2025 1021 2071 ex
1069 2007 1246 2071 Actis
1294 2012 1356 2072 et
1402 2007 1650 2091 scriptis
1694 2005 2064 2070 Sanctorum
2113 2003 2410 2070 ecclesiae
2457 2005 2771 2071 orientalis

512 2103 934 2188 depromptiS,
986 2104 1259 2169 divinum
1310 2104 1571 2170 Romani
1622 2103 1946 2169 Pontificis
1977 2102 2326 2168 Primatum
2373 2107 2770 2188 caeterasque

516 2202 817 2266 veritates
850 2203 928 2267 ab
960 2203 1116 2287 ipsis
1145 2204 1207 2268 in
1238 2204 1687 2269 dubitationem
1718 2207 1965 2268 vocatas
1995 2203 2411 2267 ostendimus:
2465 2223 2499 2266 a
2524 2200 2771 2268 Christo

518 2300 663 2365 Deo
724 2299 1046 2366 humiliter
1105 2302 1404 2387 enixeque
1466 2302 1808 2386 deprecati,
1875 2305 1977 2379 ut,
2046 2321 2233 2384 quam
2293 2301 2397 2364 diu
2462 2305 2770 2385 optamuS,

520 2417 747 2483 pacem
796 2399 1080 2466 ecclesiis
1109 2401 1338 2467 sanctis
1386 2421 1457 2466 ac
1490 2402 1781 2466 unionem
1816 2400 2143 2483 aliquando
2178 2399 2428 2463 tandem
2466 2399 2771 2465 restituat.

708 2497 974 2564 Sanctos
1022 2499 1139 2565 hos
1186 2499 1483 2566 ecclesiae
1529 2498 1844 2564 orientalis
1892 2497 2194 2562 Doctores
2240 2518 2363 2562 uno
2411 2497 2614 2562 studio
2660 2519 2775 2563 nos

521 2617 779 2682 quoque
838 2602 903 2663 et
954 2598 1387 2683 amplectimur
1453 2604 1514 2664 et
1560 2598 1820 2663 colimus
1882 2600 1944 2662 et
1989 2594 2404 2673 celebramus,
2473 2615 2666 2679 quum
2713 2597 2774 2659 iu

526 2719 655 2764 una
702 2717 921 2764 omnes
970 2699 1277 2782 majorum
1339 2703 1691 2764 nostrorum
1756 2701 1973 2761 sancta
2038 2700 2099 2759 et
2146 2693 2449 2760 catholica
2493 2693 2775 2759 Ecclesia

523 2798 885 2876 floruerint3
936 2817 1153 2863 eorum
1189 2798 1421 2881 ubique
1467 2795 1654 2861 hodie
1703 2794 2028 2860 reviviscat
2073 2793 2371 2870 doctrina,
2422 2813 2636 2857 eorum
2671 2813 2772 2856 ve-

524 2897 733 2982 stigiis
780 2918 998 2962 omnes
1043 2897 1361 2962 insistant:
1413 2901 1474 2961 et
1506 2916 1625 2979 pax
1655 2892 2100 2969 conciliabitur,
2149 2890 2369 2956 foedus
2398 2890 2603 2966 stabit,
2651 2910 2776 2955 una

526 3014 781 3060 rursum
829 2996 1154 3078 utriusque
1201 2994 1408 3079 populi
1450 2994 1582 3059 laus
1631 2998 1692 3057 et
1718 2992 1916 3076 gloria
1945 2989 2197 3076 vigebit,
2248 2989 2772 3073 quemadmodum

526 3099 699 3160 recte
758 3093 1197 3159 animadvertit
1242 3092 1615 3157 Morcelli
1683 3088 1831 3154 Kal.
1890 3087 2010 3153 GP.
2076 3091 2115 3168 ξ
2164 3089 2238 3164 2,
2305 3087 2413 3151 ubi
2476 3087 2554 3151 de
2602 3085 2771 3152 cultu

524 3192 901 3257 Sanctorum
951 3190 1252 3258 ecclesiae
1299 3185 1421 3257 GP.
1472 3190 1637 3275 apud
1684 3189 1938 3253 Latinos
1986 3187 2130 3271 agit.

710 3290 799 3355 Ut
846 3296 1055 3355 autem
1106 3310 1264 3373 quae
1310 3290 1495 3355 variis
1539 3288 1691 3353 locis
1739 3287 2018 3370 disperse
2067 3289 2212 3349 sunt
2257 3285 2319 3348 in
2359 3289 2622 3368 utroque
2668 3304 2773 3348 vo·

526 3390 764 3455 lumine
825 3391 994 3455 dicta
1054 3387 1441 3454 commodius
1502 3386 1827 3451 transferri
1886 3385 1948 3448 in
1998 3403 2144 3448 usus
2211 3384 2338 3448 sive
2388 3385 2776 3448 academicos

524 3494 662 3554 sive
708 3489 983 3573 privatos
1026 3488 1281 3572 possint,
1332 3486 1626 3553 studiosis
1657 3485 1994 3549 lectoribus
2025 3484 2100 3547 ad
2136 3486 2481 3547 extremum
2514 3482 2575 3545 id
2606 3501 2773 3566 prae·

524 3587 668 3652 sidii
718 3607 1174 3673 comparamus,
1241 3590 1309 3651 ut
1353 3583 1736 3668 locupletiori
1788 3584 2052 3668 quodam
2102 3581 2305 3646 indice
2352 3579 2655 3665 generali,
2725 3580 2775 3644 si

525 3711 655 3754 non
714 3689 924 3753 omnia
982 3688 1097 3771 (—-
1147 3686 1285 3770 quis
1333 3686 1499 3750 enim
1559 3682 1836 3748 omnium
1889 3681 2250 3745 memoriam
2303 3678 2576 3743 habeat?
2639 3679 2774 3762 -—),

524 3788 862 3873 praecipua
922 3790 1131 3850 tamen
1197 3804 1389 3868 eaque
1438 3784 1674 3848 idoneis
1721 3782 2026 3846 instructa
2071 3779 2234 3844 notis
2280 3777 2455 3842 brevi
2517 3777 2579 3840 in
2629 3797 2775 3841 con·

524 3893 747 3972 spectu
794 3886 999 3971 posita
1045 3883 1347 3960 habeant,
1412 3901 1533 3965 quo
1584 3880 1912 3956 materiaS‚
1980 3898 2135 3962 quas
2184 3876 2448 3960 quisque
2496 3875 2775 3940 voluerit.

525 3986 803 4071 reperire
852 3983 1037 4049 facile
1086 3982 1301 4047 valeat.

704 4084 872 4166 Quas
918 4081 1259 4148 habuimus
1307 4080 1543 4145 consilii
1590 4078 1784 4143 nostri
1837 4076 2124 4149 rationes,
2175 4073 2389 4157 paucis
2424 4071 2775 4155 significan-

522 4185 636 4249 das
684 4203 823 4248 esse
872 4181 1187 4256 duximuS‚
1240 4199 1313 4243 ne
1361 4178 1498 4262 quis
1530 4178 1592 4242 in
1626 4172 2075 4242 commentario
2107 4177 2317 4235 nostro
2351 4170 2465 4235 alia
2500 4173 2778 4254 quaerat,

523 4303 707 4367 quam
760 4301 922 4365 quae
973 4279 1091 4362 ipsi
1140 4278 1441 4362 attingere
1491 4274 1987 4361 cogitaverimus,
2072 4269 2201 4334 Sed
2233 4279 2291 4331 et
2319 4269 2377 4331 si
2407 4272 2585 4357 cujus
2608 4268 2778 4352 peri-

524 4392 729 4445 torum
786 4381 909 4464 (—-
954 4378 1142 4443 liceat
1185 4374 1351 4439 hunc
1414 4394 1553 4438 cum
1602 4371 2077 4456 HelpericO,
2146 4369 2205 4432 in
2272 4364 2456 4430 simili
2521 4363 2781 4429 materia

522 4480 883 4548 kalendaria
933 4476 1267 4554 scribente,
1320 4474 1681 4559 praefationi
1732 4473 1923 4537 finem
1972 4470 2287 4551 imponere
2337 4464 2467 4546 —),
2514 4465 2575 4527 si
2603 4465 2780 4551 cujus
