3514 5391
750 515 857 572 194
1404 513 1563 572 Festa
1599 515 1806 573 mobilia
1844 519 1896 573 in
1934 517 2356 591 Quadragesima.

1154 715 1304 781 Ὠιδῆ
1343 715 1417 772 θ’.

867 846 1096 911 Φθορᾶς
1132 858 1191 895 σε
1231 842 1370 910 δίχα
1407 847 1594 896 τέτοκα
1631 844 1686 895 ἐκ
1719 863 1821 912 γα-

756 923 933 991 στρός,
961 924 1066 993 πρὸ
1089 923 1303 976 αἰώνων
1323 923 1498 995 πατὴρ
1518 923 1584 977 ὃν
1604 923 1822 993 symm-

754 1019 829 1066 σε,
858 1007 947 1056 καὶ
972 1008 1084 1063 πῶς
1104 1008 1339 1076 φθορεΐς
1363 1005 1651 1073 ἄνθρωποι
1680 1020 1821 1057 σπα-

754 1084 1019 1155 ριίττουσί
1053 1099 1129 1147 σε,
1181 1088 1279 1148 υἱέ,
1318 1088 1404 1137 καὶ
1444 1085 1542 1152 τὴν
1580 1086 1824 1157 πλευράν

753 1164 1046 1235 ὀρύττουσι
1092 1165 1303 1238 λόγχῃ,
1358 1169 1446 1218 καὶ
1501 1167 1596 1225 τιὲς
1630 1171 1825 1236 χεῖρας

753 1245 863 1297 σύν
900 1249 1015 1304 τοῖς
1050 1249 1217 1298 ποσὶν
1251 1245 1478 1312 ἢλοῦσιν
1521 1246 1822 1317 ἀπανθρώ-

754 1345 889 1387 πως;
926 1325 955 1391 ἡ
996 1325 1277 1394 πιέναγνος
1313 1325 1455 1390 ἐβόα,
1495 1326 1562 1393 ἣν
1598 1327 1824 1391 ἐπαξίως

751 1405 1168 1477 μεγαλύνωμεν.

750 1664 857 1717 Ἐκ
894 1670 1011 1718 τοῦ
1034 1664 1318 1725 κανόνος
1345 1670 1459 1718 τοῦ
1490 1667 1824 1731 σαββάτου

885 1750 999 1810 τῆς
1032 1749 1245 1817 μέσης
1281 1746 1699 1816 ἑβδομάδος,

856 1871 970 1926 Ίόν
986 1873 1228 1942 σταυρόν
1245 1877 1491 1943 Χριστοῦ
1507 1874 1605 1926 τόν
1619 1878 1828 1946 τίμιον,

761 1951 991 2006 Θεοτόκε
1043 1952 1202 2021 ἁγνή,
1256 1955 1575 2020 βλέψαντας,
1631 1957 1719 2007 καὶ
1771 1955 1826 2007 ἐκ

755 2033 980 2102 καρδίας
1004 2033 1488 2103 προσκυνήσαντας
1514 2034 1669 2105 ἡμᾶς,
1709 2040 1826 2094 ταῖς

706 2120 714 2126 ’
756 2118 877 2171 σαῖς
928 2114 1062 2184 πρὸς
1117 2115 1216 2166 τὸν
1265 2113 1541 2181 δεσπότην
1587 2114 1826 2179 ἀξίωσον

755 2197 1063 2263 πρεσβείαις
1112 2194 1255 2248 ἰδεῖν
1304 2198 1390 2247 καὶ
1441 2195 1505 2246 ui
1553 2196 1708 2262 πάθη
1759 2196 1822 2248 τά

753 2274 923 2326 σεπτιὶ
942 2274 1127 2338 αὐτοῦ,
1150 2279 1349 2329 παθῶν
1362 2281 1806 2346 κεκαθαρμένους

759 2542 869 2596 Ἐκ
919 2546 1039 2595 τοῦ
1086 2543 1394 2604 κανόνος
1443 2548 1560 2610 τῆς
1596 2544 1664 2600 δ’.
1716 2548 1827 2612 τῆς

1038 2623 1442 2693 ἑβδομάδος
1479 2624 1538 2681 ε’.

871 2750 983 2802 Τόν
1017 2751 1070 2815 ἐξ
1096 2750 1347 2820 αἱμάτων
1379 2767 1481 2803 σου
1505 2751 1693 2820 ἁγνῶν
1718 2766 1825 2802 σω·-

756 2836 1101 2901 ματωθέντα,
1126 2835 1213 2884 καὶ
1238 2831 1373 2902 ὑπὲρ
1393 2833 1615 2885 ἔννοιαν
1636 2834 1690 2884 ἐκ
1704 2837 1822 2895 σοῦ,

756 2911 949 2981 σεμνή,
967 2917 1252 2981 τεχθέντα,
1268 2913 1353 2966 ἐπὶ
1367 2913 1532 2978 ξύλου
1544 2912 1825 2983 κρεμάμε-

756 3012 856 3045 νον
892 2996 1067 3063 μέσον
1115 2997 1225 3046 τῶν
1260 2993 1579 3063 κακούργων
1625 2993 1822 3064 ὁρῶσα,

756 3074 821 3124 ni
862 3072 1157 3142 σπλάγχνα
1194 3074 1388 3141 ἥλγεις,
1431 3072 1518 3126 καὶ
1556 3079 1826 3144 μητρικῶς

756 3159 1039 3223 θρηνοῦσα
1058 3154 1225 3218 ἐβόας·
1271 3157 1343 3207 Οἴ
1356 3174 1473 3224 μοι,
1500 3160 1706 3217 τέκνον,
1744 3158 1826 3213 τίς

756 3232 785 3299 ἡ
828 3238 956 3287 θεία
992 3236 1079 3285 καὶ
1117 3236 1331 3304 ι’ίφατος
1373 3239 1666 3306 οἰκονομία
1703 3249 1822 3297 σου,

754 3314 827 3365 δι’
855 3306 915 3381 ἧς
938 3315 1177 3375 ἐζώωσας
1197 3316 1258 3366 τό
1280 3315 1507 3385 πλάσμα
1525 3330 1654 3377 σου;
1690 3315 1822 3368 ἄνυ-

755 3399 880 3463 μνιῦ
918 3410 1019 3448 σου
1058 3395 1119 3447 τό
1160 3395 1592 3464 εὔσπλαγχνον.“

780 3887 880 3939 Ἐκ
919 3889 1042 3938 τοῦ
1078 3885 1388 3943 κανόνος
1425 3890 1540 3950 τῆς
1575 3903 1797 3955 παρα-

828 3972 1059 4033 σκευῆς
1096 3971 1205 4033 τῆς
1239 3965 1644 4036 ἑβδομάδος
1682 3965 1740 4022 ε’.

862 4092 1063 4165 Ὁριῦσά
1092 4107 1151 4145 σε
1178 4093 1235 4145 ἐν
1268 4097 1484 4162 σταυρῷ
1520 4092 1823 4162 ἠρτημένον

758 4173 785 4240 ἦ
824 4177 1098 4242 παναγία,
1149 4171 1371 4238 ἠλάλαζε
1416 4175 1717 4241 τετρωμένη
1755 4169 1822 4222 τά

755 4254 1051 4323 σπλάγχνα
1098 4257 1187 4305 καὶ
1224 4254 1389 4321 ἔλεγε·
1454 4253 1558 4304 Aa?
1610 4250 1822 4319 σπλάγ-

755 4353 884 4404 χνα,
928 4333 1111 4404 Κύριε,
1152 4339 1263 4386 σῶν
1292 4337 1591 4403 οἰκτιρμῶν
1616 4335 1823 4384 παθεῖν

754 4415 1007 4484 ἦνέσχου,
1060 4418 1188 4465 πᾶσι
1231 4417 1488 4485 παρέχων
1524 4411 1821 4468 ἀπάθειαν.

2356 717 2487 777 Ode
2523 719 2574 776 9.

2040 840 2180 898 Sine
2224 839 2614 915 corruptione
2643 860 2716 901 ex
2741 849 2912 901 utero
2937 849 2998 900 te

1931 922 2156 994 peperi,
2213 939 2245 978 o
2283 922 2386 988 fili,
2439 939 2605 996 quem
2645 928 2822 995 pater
2859 928 3002 980 ante-

1932 1002 2179 1059 saecula
2215 1002 2559 1074 generavit:
2619 1009 2684 1060 et
2719 1002 3001 1074 quomodo

1931 1082 2197 1140 homines
2236 1082 2654 1154 corruptibiles
2692 1089 2754 1141 te
2782 1081 3002 1141 dilace-

1930 1168 2089 1228 rant,
2131 1168 2193 1220 et
2229 1163 2443 1222 lancea
2481 1164 2643 1222 latus
2681 1170 2842 1222 tuum
2870 1181 3000 1238 per-

1931 1241 2183 1314 fodiunt,
2240 1249 2302 1301 et
2339 1260 2546 1301 manus
2588 1260 2659 1301 ac
2694 1244 2876 1318 pedes
2915 1245 2998 1302 in·

1931 1321 2270 1380 humaniter
2296 1324 2484 1384 clavis
2512 1323 2853 1396 configunt?
2900 1323 3003 1382 Ita

1935 1404 2275 1461 castissima
2290 1405 2685 1476 exclamabat,
2708 1421 2878 1477 quam
2896 1422 3001 1463 nos

1932 1500 2039 1556 pro
2075 1485 2292 1542 merito
2330 1485 2791 1557 magnificemus,

1933 1661 2042 1719 Ex
2081 1678 2352 1720 canone
2382 1662 2686 1720 Sabbati
2714 1664 3002 1722 mediae

2208 1743 2728 1801 hebdomadis·

2040 1868 2197 1927 Dum
2238 1869 2564 1941 pretiosam
2605 1868 2832 1928 Christi
2871 1886 3001 1929 cru-

1935 1965 2062 2006 cem
2101 1951 2416 2020 intuemur‚
2470 1955 2532 2007 et
2571 1966 2643 2007 ex
2681 1950 2859 2008 corde
2898 1951 3002 2008 ad·

1935 2046 2200 2100 oramus;
2241 2030 2519 2103 precibus
2545 2031 2664 2088 tuis
2704 2031 2858 2103 apud
2879 2029 3002 2088 Do-

1934 2110 2152 2167 minum
2177 2110 2387 2182 dignos
2415 2108 2733 2182 noseffice,
2774 2128 2806 2168 ο
2829 2117 3003 2169 casta

1931 2189 2234 2262 Damam,
2291 2195 2359 2248 ut
2407 2191 2786 2250 venerandas
2835 2190 3001 2248 illius

1931 2271 2252 2344 passiones,
2294 2287 2330 2327 a
2367 2271 2742 2345 passionibus
2782 2271 3001 2329 nostris

1932 2351 2246 2422 purificati,
2301 2351 2644 2423 intelligere
2692 2352 3001 2424 possimus,

1935 2528 2041 2587 Ex
2080 2546 2364 2587 canone
2403 2528 2661 2588 feriae
2685 2529 2795 2589 IV.
2832 2530 2992 2588 heb·

2256 2611 2600 2669 domadis
2635 2612 2689 2669 5.

2043 2736 2231 2808 Quum
2273 2736 2531 2806 videreS‚
2570 2753 2602 2793 o
2637 2734 3000 2805 veneranda,

1934 2817 2097 2875 illum
2155 2817 2252 2889 qui
2301 2834 2374 2875 ex
2412 2818 2576 2890 puris
2614 2815 3000 2889 sanguinibus

1932 2898 2051 2955 tuis
2067 2914 2276 2970 corpus
2294 2902 2631 2971 acceperat,
2654 2903 2830 2969 atque
2847 2912 2919 2952 ex
2935 2901 2999 2951 te

1935 2977 2100 3034 modo
2117 2977 2569 3050 inexcogitabili
2589 2982 2764 3035 natus
2777 2974 3016 3046 fuerat,.

1933 3075 2277 3131 suspensum
2344 3058 2404 3116 in
2470 3058 2632 3131 ligno
2689 3057 2749 3115 in
2806 3056 2999 3114 medio

1934 3136 2418 3211 malefactorum,
2487 3139 2817 3197 visceribus
2884 3135 2999 3192 dis-

1934 3220 2324 3292 cruciabariS‚
2370 3224 2433 3278 et
2470 3224 2741 3278 materno
2780 3216 3002 3275 affectu

1931 3301 2175 3373 plorans
2197 3300 2530 3358 clamabas:
2571 3299 2695 3358 Hei
2714 3298 2875 3369 mihi,
2913 3295 2998 3354 fili

1932 3381 2039 3438 mi!
2080 3397 2232 3452 quae
2272 3388 2365 3439 est
2400 3380 2552 3438 haec
2579 3379 2785 3437 divina
2823 3384 3002 3450 atque

1934 3461 2258 3519 ineffabilis
2322 3460 2628 3534 dispositio
2686 3465 2821 3528 tua,
2891 3473 3003 3530 per

1931 3560 2106 3614 quam
2147 3541 2378 3615 plasma
2405 3548 2590 3599 tuum
2631 3536 3001 3599 vivificasti?

1931 3622 2377 3681 misericordiae
2417 3628 2558 3680 tuae
2610 3620 2847 3680 viscera
2886 3618 3004 3676 col·

1930 3705 2125 3762 laudo,

1930 3873 2034 3932 Ex
2072 3889 2356 3932 canone
2394 3870 2650 3930 feriae
2680 3869 2786 3930 VI-
2826 3869 3004 3927 heb-

2251 3951 2587 4010 domadis
2625 3952 2675 4009 5.

2040 4079 2230 4152 Quum
2267 4078 2507 4136 videret
2555 4082 2619 4134 te
2659 4072 3005 4135 castissima

1931 4160 1990 4217 in
2013 4175 2188 4217 cruce
2202 4158 2518 4227 sublatum,
2536 4155 2809 4228 ejnlabat
2824 4154 3002 4213 corde

1931 4242 2268 4310 vulnerata,
2306 4254 2379 4297 ac
2419 4237 2688 4295 dicebat:
2741 4233 3002 4307 Propter

1930 4321 2169 4379 viscera
2185 4317 2724 4376 misericordiarum
2745 4320 3001 4383 tuarum,

1929 4401 2202 4471 Domine,
2237 4399 2373 4471 pati
2406 4396 2666 4466 voluisti,
2706 4395 3000 4469 praebens

1932 4482 2197 4539 omnibus
2239 4476 2802 4551 impassibilitatem.
