3514 5391
774 465 844 519 56
1362 462 1522 516 Festa
1548 461 1766 529 ‚mobilia
1803 465 1925 515 ante
1961 459 2435 529 Quadragesimam.

930 661 1110 726 'Eam
1160 661 1614 725 observantiam
1680 679 1872 743 quum
1932 657 2338 743 (Pseudo-)
2385 657 2752 722 Isidorus
2817 655 3022 738 aliqua

778 759 1160 844 antiquitatis
1208 759 1572 825 auctoritate
1620 759 1913 824 roborare
1959 756 2162 835 vellet,
2212 756 2346 839 ejus
2392 756 2846 820 institutionem
2869 754 3021 819 dua-

776 858 896 922 bus
956 855 1406 932 decretalibus,
1481 876 1554 921 ex
1618 855 1846 921 Libri
1908 852 2441 921 Pontificalis
2505 854 2705 937 capite
2754 853 2815 920 9.
2873 872 3021 917 con-

750 955 959 1020 .fect1s
983 955 1054 1039 ¹)
1103 975 1152 1020 s.
1203 952 1585 1039 Telesphoro
1633 954 1845 1038 Papae
1895 953 2256 1036 adscripsit,
2317 972 2476 1036 quae
2524 952 2747 1016 deinde
2793 951 3023 1016 relatae

780 1053 926 1117 sunt
971 1073 1007 1116 a
1052 1051 1351 1117 Gratiano
1399 1071 1491 1118 cc
1540 1053 1602 1118 4.
1654 1056 1715 1116 et
1759 1051 1823 1117 5.
1877 1051 2033 1116 Dist.
2084 1050 2217 1133 4²).

962 1158 1193 1223 Verum
1239 1158 1344 1229 hic
1392 1159 1721 1243 peculiaris
1752 1163 1884 1224 erat
1913 1158 2277 1222 clericorum
2320 1158 2474 1227 ntus
2496 1157 2839 1241 jejunandi,
2890 1156 3024 1247 aliis

780 1259 857 1349 de
905 1258 1131 1342 populo
1180 1278 1303 1323 non
1352 1277 1687 1336 concessus
1710 1257 1798 1342 ⁸);
1850 1277 2043 1341 quum
2074 1257 2239 1322 enim
2287 1256 2608 1323 hincinde
2646 1256 3026 1339 privatarum

782 1376 1185 1440 personarum
1245 1355 1374 1421 zelo
1420 1355 1632 1433 fieret,
1696 1360 1766 1420 ut
1812 1355 2042 1420 diutius
2090 1375 2275 1438 quam
2324 1353 2547 1437 reliqui
2605 1353 2823 1423 fideles
2861 1352 3024 1439 jeJu-

782 1463 931 1519 nare
978 1448 1299 1538 cupientes
1345 1450 2163 1539 tempusQuadragesimae
2226 1473 2349 1523 una
2393 1442 2787 1518 hebdomade
2849 1448 3028 1536 quasi

784 1572 858 1617 ex
904 1552 1043 1637 lege
1107 1556 1612 1636 praecurrerent,
1678 1549 2024 1624 Concilium
2071 1551 2521 1617 Aurelianense
2567 1549 2618 1615 I.
2683 1550 2825 1615 anni
2872 1548 3024 1615 511,

791 1640 1407 1735 Quinqaaqesimam,
1456 1654 1751 1733 tanquam
1801 1670 2030 1713 novum
2078 1650 2374 1733 quiddam
2424 1655 2485 1714 et
2530 1648 2867 1725 insolitum,
2921 1667 3027 1712 ve-

785 1749 907 1838 tuit
954 1769 1086 1814 can.
1137 1748 1224 1812 24
1245 1746 1319 1831 ⁴¹),
1366 1752 1437 1813 ut
1483 1747 1775 1812 nimirum
1825 1747 2152 1813 uniformis
2191 1747 2518 1831 jejunandi
2560 1747 2718 1811 ritus
2765 1740 2843 1809 'ab
2894 1766 3026 1815 om-

788 1846 971 1911 nibus
1021 1846 1455 1912 custodiretur.
2435 1922 2442 1934 ⁸

964 1953 1196 2034 Quodsi
1233 1953 1604 2038 quandoque
1638 1967 1926 2036 respectu
1957 1952 2253 2018 laicorum
2289 1952 2780 2039 carnisprivium
2806 1952 3032 2015 notium

789 2057 1060 2127 vocatur,
1123 2051 1184 2116 id
1232 2052 1369 2117 ideo
1418 2050 1554 2115 fieri
1603 2051 1988 2116 censendum
2035 2055 2165 2128 est,
2230 2052 2394 2135 quod
2445 2050 2783 2135 antiquitus
2844 2049 3032 2114 absti-

786 2150 1035 2214 nentiae
1096 2150 1230 2215 dies
1287 2170 1322 2214 a
1368 2148 1698 2214 Dominica
1744 2146 2268 2237 Quadragesimae
2334 2150 2633 2214 ducerent
2688 2148 3029 2223 exordium,

791 2267 948 2331 quae
994 2248 1253 2331 proinde
1297 2246 1474 2311 vetas
1521 2248 2014 2333 carnisprivium
2061 2251 2210 2311 erat.

970 2352 1108 2419 Bini
1172 2355 1305 2419 dies
1365 2353 1959 2441 Quinquagesimam
2034 2355 2487 2437 subsequentes
2549 2373 2690 2417 cum
2753 2348 2907 2416 feria
2955 2351 3030 2415 V‘.

791 2453 1221 2535 praecedentis
1270 2451 1679 2517 hebdomadis
1714 2452 1912 2538 'vulgo
1961 2451 2098 2515 dies
2138 2453 2408 2537 pinques
2456 2452 2711 2516 audiunt
2732 2450 2804 2535 ⁵),
2868 2452 3032 2533 quod

792 2551 1078 2615 homines
1127 2556 1267 2615 ante
1306 2550 1615 2633 jejunium
1663 2551 1939 2616 carnium
1991 2551 2124 2615 esui
2172 2550 2594 2634 potationique
2638 2549 2799 2614 ultro
2832 2547 3034 2612 indul-

798 2669 947 2734 gere
995 2648 1250 2715 soleant.
1346 2649 1427 2715 Et
1473 2651 1618 2734 quia
1663 2650 1816 2715 illud
1862 2642 2047 2733 saepe
2103 2649 2269 2714 'ultra
2316 2650 2570 2715 modum
2630 2648 2877 2730 faciunt,
2941 2647 3034 2712 id-

795 2749 958 2813 circo
1005 2747 1665 2814 Postcommunio
1703 2749 2036 2814 Missae:
2091 2747 2643 2838 Manducaverunt
2670 2757 2729 2810 et
2760 2748 3038 2811 saturati

794 2855 943 2909 eunt
986 2846 1047 2911 in
1098 2847 1463 2911 memoriam
1526 2846 1678 2931 ipsis
1725 2850 1995 2924 revocat,
2060 2848 2226 2932 quod
2286 2848 2362 2911 de
2412 2845 2667 2911 Judaeis
2733 2847 3034 2929 scriptum

794 2945 1048 3030 legitur:
1100 2944 1320 3008 Adhuc
1368 2967 1543 3008 escae
1591 2967 1804 3008 eorum
1851 2955 2033 3009 erant
2077 2947 2147 3009 in
2188 2968 2293 3009 ore
2333 2947 2624 3031 ‚ipsorum
2670 2954 2730 3008 et
2773 2945 2879 3009 ira
2912 2944 3039 3007 Dei

795 3043 1117 3108 descendit
1177 3065 1367 3129 super
1425 3066 1527 3107 eos
1588 3043 1848 3127 (Psalm.
1905 3044 2051 3126 77),
2119 3054 2190 3107 ut
2247 3042 2572 3122 videlicet,
2646 3043 2836 3108 verba.
2893 3046 3037 3108 sunt

796 3142 1152 3207 Durandi
1199 3141 1239 3207 l.
1291 3161 1343 3207 c,
1395 3162 1446 3207 c.
1499 3141 1604 3218 27,
1655 3163 1713 3207 n.
1771 3143 1870 3219 11,
1920 3142 2273 3205 incutiat-ar
2317 3141 2501 3206 nobis
2548 3143 2752 3221 timor,
2798 3164 2877 3204 ne
2913 3163 3038 3227 per

794 3239 1008 3325 qulam
1055 3237 1444 3326 offendamus
1492 3241 1713 3305 Deum.
1817 3240 1987 3318 Quia
2048 3262 2192 3306 vero
2254 3239 2454 3306 solent
2507 3229 2804 3305 homiues
2837 3242 3040 3330 magis

978 3526 1022 3592 ¹)
1060 3526 1211 3596 Apud
1248 3526 1437 3595 Migne,
1458 3525 1618 3580 Patr.
1657 3526 1748 3580 lat.
1788 3531 1909 3580 tom.
1952 3527 2071 3593 127,
2110 3543 2158 3597 p.
2198 3527 2355 3592 1175,
2395 3532 2448 3580 et
2484 3526 2619 3597 apud
2643 3517 3037 3592 Duc'hesne
3085 3538 3089 3542 ·

799 3606 919 3659 Lib.
958 3606 1265 3677 Pontifical.
1302 3622 1351 3676 p.
1394 3607 1513 3661 129.

980 3686 1023 3750 ³)
1063 3685 1141 3742 Ex
1179 3686 1372 3741 duobus
1407 3687 1488 3741 his
1527 3688 1820 3756 canonibuS,
1858 3688 1942 3757 qui
1982 3688 2172 3744 clerum
2209 3691 2409 3757 septem
2447 3688 2815 3742 hebdomadas
2839 3688 3041 3758 plenas

793 3767 1030 3836 jejunare
1067 3767 1263 3832 volunt,
1302 3768 1539 3821 inductus
1565 3768 1724 3821 fuisse
1760 3767 1967 3822 videtur
2001 3768 2066 3822 H.
2094 3769 2239 3834 Alt,
2278 3773 2336 3822 nt
2363 3768 2600 3837 imperite
2623 3772 2901 3834 assereret,
2937 3767 3038 3821 cle-

798 3848 933 3901 ricos
978 3848 1086 3915 jam
1136 3863 1168 3900 a
1216 3847 1483 3902 Dominica
1533 3848 1957 3918 Septuagesimac
2006 3849 2255 3918 jeJunium
2307 3850 2529 3906 duxisse.
2617 3848 3041 3919 (Kirclzenjahr,

981 4005 1024 4074 8)
1064 4007 1195 4061 Hinc
1232 4008 1630 4078 appellationem
1664 4010 1830 4063 traxit
1866 4010 2286 4079 carnisprivium
2325 4027 2416 4064 seu
2434 4011 2834 4080 prizicarnium
2858 4027 3040 4065 sacer-

800 4087 1001 4153 dotum,
1038 4105 1074 4156 g
1089 4104 1117 4142 e
1130 4104 1158 4141 r
1171 4105 1238 4142 m.
1276 4088 1707 4161 Herrenfasten.

982 4167 1026 4234 ⁴)
1069 4168 1124 4222 C.
1165 4168 1553 4223 Sacerdotibus
1589 4171 1638 4224 6.
1678 4170 1815 4228 Dist.
1855 4173 1906 4225 3.
1945 4171 2007 4224 de
2048 4187 2185 4224 cona.

980 4247 1027 4314 ⁵)
1067 4248 1140 4303 Ut
1185 4249 1237 4302 in
1272 4250 1590 4304 nostratibus
1639 4250 1968 4304 Kalendariis
2017 4251 2250 4308 civilibus
2301 4267 2504 4321 germ.
2548 4254 2726 4322 setter
2762 4252 3040 4308 Donners—

801 4333 935 4399 taq;
963 4330 1141 4400 setter
1176 4329 1448 4402 Dienstay
1459 4346 1484 4400 ,·
1535 4329 1566 4384 h
1585 4346 1726 4404 ung.
1765 4332 2237 4400 havere-satana&
2286 4332 2446 4400 gall.
2469 4332 2638 4404 jeudi
2666 4348 2824 4402 yras,
2860 4332 3047 4387 mardi

798 4425 953 4482 qrae,
