3514 5391
832 556 938 612 286
1568 553 1728 608 Festa
1766 553 1974 608 mobilia
2012 557 2130 622 post
2168 551 2384 606 Pascha.

831 753 934 811 fixi
974 757 1152 824 atque
1190 750 1505 808 immobilis
1544 748 1690 807 festi
1715 748 2029 823 paschalis
2044 766 2359 823 perperam
2391 748 2857 808 comminiscitur
2876 749 2953 820 ¹):
2986 748 3073 806 ita

831 835 1008 906 longe
1065 833 1140 890 ab
1199 830 1355 890 omni
1407 846 1711 888 successus
1770 847 1874 903 spe
1928 831 2140 888 abesse
2187 835 2361 903 patet
2408 830 2871 903 propositiones,
2930 847 3073 903 quas

830 914 941 972 Dr.
981 913 1350 980 Maedler,
1407 909 1713 985 professor
1749 909 2181 985 Torpatiensis‚
2238 910 2300 968 in
2338 910 2590 981 Russia,
2646 910 2935 983 gubernio
2972 928 3073 968 suo

831 996 1138 1068 probante,
1195 1010 1308 1050 non
1361 992 1448 1049 ita
1499 990 1728 1064 pridem
1785 991 2215 1049 celebrioribus
2266 990 2782 1050 Universitatibus
2832 1007 2943 1065 per
2991 991 3074 1047 iu-

833 1076 1052 1147 clytum
1077 1072 1406 1145 Collegium
1427 1070 1815 1130 Eruditorum
1840 1069 2463 1130 Francofordiensium
2501 1071 2632 1140 (das
2645 1073 2803 1142 freie
2822 1071 3077 1125 deutsche

830 1155 1138 1226 Hocltstc'ft)
1173 1152 1487 1211 iaciendas
1528 1152 1764 1211 curavit
1780 1151 1845 1223 ⁹),
1883 1159 1951 1210 ut
1987 1151 2222 1210 scilicet
2260 1167 2449 1210 novae
2477 1151 2846 1210 Kalendarii
2884 1168 3076 1209 emen-

832 1236 1061 1294 dationi
1087 1233 1470 1307 recipiendae
1499 1232 1944 1300 adlaborarent,
1983 1248 2100 1304 qua
2124 1231 2359 1290 Pascha
2392 1232 2607 1290 dehinc
2633 1249 2869 1306 semper
2904 1232 3076 1290 unius

830 1315 1216 1375 hebdomadis
1255 1314 1477 1387 spati0‚
1527 1313 1582 1370 h.
1623 1330 1700 1384 e.‚
1752 1313 1917 1371 intra
1954 1319 2183 1387 septem
2223 1313 2352 1371 dies
2401 1312 2504 1383 (ad
2542 1330 2806 1371 normam
2845 1313 3073 1386 primae

830 1396 1184 1455 Dominicae
1225 1394 1567 1465 Adventus)
1606 1393 1910 1466 figeretur.
1951 1425 2015 1433 —
2062 1389 2160 1451 De
2199 1394 2292 1451 his
2332 1394 2596 1468 consiliis
2636 1410 3078 1452 caesareo-rus-

833 1479 971 1535 sicis
1010 1494 1123 1535 non
1163 1483 1272 1542 est,
1330 1491 1434 1536 cur
1470 1474 1567 1532 hic
1604 1475 1780 1547 plura
1820 1474 2111 1546 dicamuS,
2169 1491 2340 1548 quum
2381 1473 2698 1532 eorundem
2740 1490 2952 1532 causas
3007 1490 3078 1531 ac

833 1575 1067 1632 scopum
1109 1557 1228 1615 alio
1265 1557 1394 1614 loco
1425 1556 1552 1628 jam
1594 1555 1671 1611 ad
1709 1556 1877 1627 leges
1920 1555 2163 1613 critices
2202 1555 2668 1627 exegerimus⁸);
2719 1555 2792 1613 de
2833 1553 3080 1628 antiqua

831 1639 1113 1698 Ecclesia
1149 1638 1422 1696 Romana
1479 1642 1674 1693 autem
1726 1635 1832 1705 iis,
1889 1651 2041 1707 quae
2094 1635 2401 1708 disputata
2448 1636 2749 1709 hucusque·
2797 1641 2961 1706 sunt,
3017 1635 3079 1693 id

832 1737 1008 1784 unum
1048 1718 1350 1777 addidisse
1388 1714 1666 1786 sufficiat,
1706 1714 1974 1774 Summos
2011 1715 2338 1774 Pontifices
2375 1716 2538 1770 nixos
2572 1716 2880 1780 traditioni,
2918 1732 3079 1786 quam

832 1803 952 1856 dieo
989 1802 1161 1856 Petro
1212 1801 1480 1868 acceptam
1518 1798 1866 1868 referebant,
1917 1814 2197 1856 canonem
2239 1813 2400 1855 suum
2453 1797 2525 1855 de
2563 1795 2927 1855 celebrando
2966 1796 3081 1854 Pa·

835 1882 1040 1940 schate
1080 1886 1290 1939 contra
1330 1877 1904 1951 quartadecimanos
1944 1877 2314 1936 sustinuisse.

1024 2008 1092 2074 V.
1142 2008 1240 2072 De
1285 2004 1573 2069 mirabili
1617 2006 1883 2069 canonis
1919 2004 2253 2091 paschalis
2300 2006 2623 2069 sanctione
2670 2003 2752 2068 ab
2800 2004 3084 2090 ahtiquis

835 2108 1168 2170 memoriae
1203 2103 1494 2190 prodita..

1011 2229 1358 2314 Pervagata
1404 2233 1500 2294 est
1546 2234 1824 2294 veterum
1856 2229 2122 2305 traditio,
2172 2229 2449 2316 regulam
2499 2229 2577 2294 de
2608 2227 2919 2293 Paschate
2966 2229 3085 2293 rite

838 2328 1076 2414 agendo
1137 2321 1386 2410 speciali
1434 2328 1700 2411 quadam
1750 2328 1988 2392 ratione
2035 2328 2098 2392 in
2149 2327 2261 2392 Dei
2325 2327 2763 2411 omnipotentis
2820 2326 3079 2391 tutelam

839 2428 1029 2492 fuisse
1086 2425 1369 2491 collatam
1437 2425 1817 2509 indubiaque
1882 2425 2321 2491 miraculorum
2385 2426 2703 2492 sanctione
2763 2425 3085 2490 evidenter

838 2525 1285 2590 confirmatam.

1017 2631 1354 2698 Memorari
1404 2652 1543 2698 eam
1590 2632 1650 2697 in
1684 2651 1821 2697 rem
1868 2631 2098 2698 debent
2145 2631 2390 2717 plurimi
2425 2630 2638 2715 fontes
2671 2629 3084 2718 baptismales

838 2734 908 2796 in
955 2733 1258 2796 Paschate
1306 2754 1475 2817 aqua
1520 2730 1831 2795 divinitus
1876 2728 2143 2817 impleti,
2210 2732 2288 2796 de
2336 2731 2562 2814 quibus
2609 2731 2759 2814 quid
2808 2729 3081 2814 locuple·

838 2831 1026 2895 tiores
1074 2833 1358 2894 auctores
1403 2830 1707 2916 scriptum
1755 2829 2134 2913 reliquerint,
2185 2849 2259 2893 ex
2315 2826 2614 2914 Computa
2662 2828 3080 2893 ecclesiastico

840 2931 972 3013 (pp.
1021 2927 1312 3011 62—64)
1360 2928 1463 2994 hic
1511 2929 1742 3014 accipe.

1017 3034 1222 3116 Quum
1269 3055 1428 3100 anno
1476 3034 1590 3102 Ch.
1640 3036 1792 3102 417.
1846 3056 2057 3101 errore
2103 3035 2559 3120 supputationis
2608 3035 2839 3100 factum
2891 3039 3077 3111 esset,

840 3142 908 3197 ut
953 3131 1198 3197 Pascha
1259 3152 1381 3197 non
1428 3154 1539 3199 suo
1587 3134 1864 3221 legitimo
1913 3135 2013 3200 die
2062 3133 2484 3199 celebraretur
2529 3133 2591 3198 in
2640 3132 2940 3211 Ecclesia,
2991 3134 3080 3196 di-

841 3233 980 3297 vino
1028 3251 1176 3296 sane
1223 3231 1523 3297 miraculo
1572 3238 1959 3318 compertum
2011 3252 2149 3298 esse
2183 3252 2474 3307 ‹zm-orem,
2526 3230 3080 3297 Paschasinus

842 3331 1277 3414 episcopus
1324 3329 1862 3414 Lilybetanus
1929 3336 2137 3395 narrat
2196 3331 2259 3394 in
2324 3329 2584 3413 epistola
2646 3350 2744 3396 an.
2794 3330 2946 3394 444.
3005 3331 3075 3394 ad

842 3430 916 3494 ad
943 3426 1004 3494 S.
1037 3428 1309 3492 Leonem
1335 3428 1569 3512 Papam
1598 3430 1760 3506 data,
1812 3449 1968 3513 quae
1995 3429 2156 3513 apud
2184 3428 2419 3512 Migne‚
2469 3427 2698 3493 Patrol.
2725 3428 2763 3493 l.
2801 3419 2949 3493 tom.
2973 3429 3077 3501 54,

843 3548 899 3611 p.
949 3526 1100 3591 606.
1151 3529 1245 3590 est
1290 3526 1352 3592 3.
1401 3526 1563 3592 inter
1608 3527 1901 3612 epistolas
1949 3528 2012 3593 S.
2053 3527 2300 3592 Leonis,
2385 3527 2538 3590 Non
2569 3547 2711 3611 erqo
2765 3564 2843 3574 —
2897 3528 3083 3591 verba

841 3629 986 3690 sunt
1033 3623 1522 3689 Paschasini
1569 3664 1653 3672 ——
1718 3647 1834 3689 ‘nos
1897 3625 2034 3690 dies
2095 3648 2229 3690 una
2275 3624 2522 3710 lonqius
2557 3626 2781 3712 posita
2830 3635 3078 3703 tem-eat,

843 3790 986 3796 —--—
1031 3790 1090 3795 ,⁴4
1153 3790 1170 3796 ο
1205 3790 1234 3797 -

1029 3877 1066 3941 ¹)
1107 3873 1464 3942 Kirchenjahr,
1504 3891 1552 3945 p.
1594 3877 1714 3931 174.

1022 3953 1066 4022 ²)
1095 3955 1460 4026 Denkscltrift
1473 3956 1571 4009 des
1585 3955 1779 4009 Hert-n
1800 3954 1940 4009 huis,
1956 3971 2103 4010 russ,
2120 3954 2505 4011 Staatsrathes
2516 3956 2679 4028 Prof.
2697 3955 2801 4011 Dr.
2816 3955 3081 4011 Maedica

845 4033 1058 4105 Dorpat,
1099 4037 1182 4090 13.
1222 4035 1354 4090 Nov.
1396 4036 1553 4090 1863.
1593 4066 1658 4074 -—
1699 4037 1881 4090 Almae
1919 4037 2035 4090 huic
2071 4042 2280 4091 nostrae
2319 4037 2659 4091 Universitati
2699 4037 3079 4107 Oenipontanae

841 4132 975 4169 nova
1012 4117 1115 4169 ista
1140 4116 1438 4170 Kalendarii
1477 4117 1611 4170 ratio
1649 4117 1809 4170 missa
1847 4121 1929 4171 est
1954 4117 2276 4187 dijudicanda
2313 4118 2519 4172 ineunte
2557 4134 2732 4171 mense
2770 4118 2907 4173 Julio
2930 4118 3080 4173 1864.

1022 4194 1065 4263 ⁸)
1104 4196 1182 4249 De
1219 4212 1351 4250 novo
1390 4196 1699 4250 Kalendario
1737 4214 1770 4251 a
1807 4196 2038 4251 Maedler
2073 4198 2337 4267 proposito
2373 4199 2492 4267 quid
2531 4199 2869 4265 sentiremus,
2918 4200 2971 4252 in
3006 4216 3081 4251 se·

841 4281 967 4330 natu
1004 4277 1296 4330 academico
1333 4277 1503 4346 rogati
1542 4293 1674 4330 anno
1714 4278 1872 4344 1864,
1921 4278 2181 4347 proprium
2219 4278 2639 4332 commentarium
2677 4279 3080 4348 perscripsimus„

842 4357 926 4427 qui
965 4361 1147 4426 postea
1184 4357 1428 4423 vulgatus
1466 4361 1550 4410 est
1586 4356 1636 4410 in
1675 4318 1892 4425 append.
1945 4358 2009 4410 ad
2046 4374 2176 4411 com.
2215 4358 2284 4411 de
2320 4358 2628 4411 raiionibus
2655 4360 2933 4429 festorum
2978 4374 3081 4412 mo·

843 4436 1059 4499 bileQum
1114 4452 1198 4505 pp.
1239 4436 1343 4489 135
1380 4452 1553 4507 seqq„
1608 4441 1763 4507 atque
1811 4437 1925 4491 inde
1963 4439 2163 4492 auctior
2209 4439 2624 4509 emendatiorque
2662 4440 2875 4494 transiit
2909 4441 2961 4494 in
2999 4455 3081 4494 uo-

844 4522 981 4571 stras
1021 4516 1435 4586 Dmputationes
1472 4517 1833 4583 academicus,
1872 4517 1998 4572 fasc.
2040 4521 2088 4585 1,
2128 4534 2211 4588 pp.
2254 4519 2553 4573 152-165.
