3514 5391
801 499 872 553 36
1383 496 1543 551 Festa
1580 497 1786 552 mobilia
1823 500 1944 551 ante
1982 495 2454 566 Quadragesimam.

801 701 897 763 est
944 696 1098 761 feria
1140 694 1252 760 IV.
1313 687 1726 759 hebdomadis
1775 693 2104 779 paschalis,
2200 694 2493 776 Quamvis
2555 696 2688 781 pias
2737 697 3046 782 ejusmodi

802 794 1286 882 significationes
1347 792 1697 859 nullatenus
1756 793 2173 877 repudiandas
2236 814 2306 859 ae
2353 795 2786 880 despiciendas
2834 795 3044 863 existi-

804 914 1065 973 mamuS,
1115 914 1221 959 eas
1268 897 1477 958 tamen
1522 891 1627 959 hie
1673 897 1972 971 taeemm,
2036 897 2170 957 tum
2218 892 2362 977 quia
2406 894 2470 958 in
2516 895 2874 961 auctoribus
2913 897 3045 981 jam

803 996 1006 1061 eitatis
1053 995 1142 1079 (p.
1198 992 1309 1077 13)
1371 991 1553 1058 facile
1608 993 1802 1058 videri
1852 998 2145 1078 possunt,
2208 998 2341 1058 tum
2388 994 2533 1077 quia
2593 994 2672 1059 ad
2719 992 2873 1059 alias
2919 996 3045 1061 dis-

802 1094 1060 1178 ciplinas
1129 1093 1333 1176 potius
1411 1112 1598 1175 quam
1671 1092 1746 1156 ad
1813 1097 2062 1156 nostrae
2121 1092 2487 1176 scriptionis·
2536 1092 2840 1157 rationem
2907 1112 3044 1176 per-

801 1195 1018 1260 tinent.

1025 1421 1340 1508 Ἑβὸομᾶς
1385 1426 1496 1509 τῆς
1540 1425 1807 1508 τυρινῆς.
2049 1421 2468 1489 Hebdomada
2515 1423 2978 1512 Seoeaqesimae.

980 1586 1178 1652 Slar.
1237 1582 1532 1649 Sedmica
1578 1586 1885 1672 symaja;
1932 1602 2225 1649 rumen.
2277 1582 2680 1671 Septeman’a
2729 1585 3042 1654 brdndiei.

979 1729 1279 1810 Quoniam
1358 1726 1581 1793 Graeci
1659 1726 2071 1792 hebdomadis
2148 1747 2184 1792 a
2248 1726 2651 1812 subsequenti
2719 1730 3044 1796 Dominio-a

802 1826 1272 1912 appellationem
1324 1826 1622 1903 tribuunt.
1673 1825 2039 1909 septimana,
2090 1845 2248 1909 quae
2297 1825 2685 1893 Dominieam
2734 1832 2848 1916 τῆς
2875 1825 3047 1893 ἀπό-

800 1948 961 2011 κρεω
1008 1925 1251 2009 exeipit,
1302 1944 1526 1990 nomen
1575 1923 1768 1989 habet
1811 1927 1922 2011 τῆς
1965 1926 2236 2011 τυρινῆς,
2298 1928 2410 2012 τῆς
2453 1921 2876 2013 τυροφαγίας,
2936 1928 3049 2011 τῆς

802 2021 1300 2107 ἀποτυρώσεωςς
1383 2023 1696 2090 ruthen.
1756 2021 2206 2114 masljanieja;
2283 2044 2458 2089 rum
2482 2044 2596 2091 en.
2659 2024 3048 2112 septeman’a

802 2122 1129 2188 alba-sive
1178 2119 1522 2209 caeleqi¹);
1567 2141 1915 2207 german.
1964 2120 2150 2207 vulgo
2194 2121 2656 2187 Butterwoche:
2711 2125 2878 2207 quod
2925 2124 3046 2189 sei-

803 2221 946 2287 licet
989 2221 1208 2286 ultima
1263 2220 1376 2299 sit,
1442 2219 1503 2284 in
1552 2239 1675 2303 qua
1722 2239 1995 2297 caseum,
2044 2220 2346 2304 butyrum
2394 2240 2464 2285 ae
2512 2220 2821 2305 reliquum
2870 2220 3045 2286 laeti-

803 2316 1103 2385 oiniorum
1169 2321 1531 2404 apparatum
1596 2315 1895 2384 adhibere
1957 2317 2173 2396 lieeat;
2241 2322 2383 2402 post
2445 2317 2832 2385 Dominieam
2898 2319 3045 2385 sub·

802 2423 1168 2504 sequentem
1216 2417 1379 2482 enim
1430 2417 1650 2483 horum
1703 2436 1847 2481 esus
1896 2418 2148 2482 omnino
2196 2417 2545 2483 dimittitur.

976 2544 1384 2609 Praesentem
1453 2541 1914 2607 hebdomadem
1983 2543 2059 2607 ab
2127 2543 2504 2627 imperatore
2567 2541 2857 2608 Heraclio
2925 2542 3046 2606 voti

805 2663 993 2709 eausa
1037 2640 1325 2727 primitus
1373 2640 1566 2707 fuisse
1612 2640 1958 2706 institutam
2010 2640 2187 2707 multi
2235 2642 2505 2708 tradunt.

914 2765 1103 2832 Κατὰ
1118 2765 1421 2851 Χοσρόου
1436 2766 1553 2850 γὰρ
1576 2764 1684 2830 καὶ
1700 2769 1873 2852 Περ·
2095 2764 2426 2832 Continuis
2452 2768 2684 2853 quippe
2713 2788 2828 2829 sea·
2855 2767 3044 2830 annia

800 2870 930 2931 σων
947 2859 1187 2946 ἐπὶἳξ’
1161 2861 1371 2930 ἐτεσιν
1387 2862 1869 2948 ἐκστρατεύσας,
1981 2888 2116 2930 cum
2171 2863 2439 2930 Choeroe
2497 2874 2558 2929 et
2605 2865 2815 2929 Persis
2862 2865 3040 2929 dimi-

808 2964 1041 3052 ὄξυξατο
1087 2967 1180 3049 τῷ
1211 2966 1372 3047 θεῷ,
1403 2957 1603 3027 εἶκατ’
1628 2960 1873 3026 ἐκεῖνον
1979 2985 2164 3040 cans,
2233 2963 2369 3028 Deo
2429 2964 2629 3041 vovit,
2667 2972 2770 3026 ·ut
2829 2964 2887 3026 si
2934 2963 3043 3027 ad-

802 3054 1112 3142 ἶσχύσειε,
1177 3058 1412 3147 ταύτην
1469 3059 1872 3147 (κρεωφάγον
1979 3082 2190 3125 versas
2259 3083 2395 3124 enm
2450 3060 2894 3147 praevaleret,
2970 3059 3045 3124 li-

801 3152 1000 3224 οὖσαν
1065 3182 1178 3223 τνν
1245 3156 1592 3244 πρότερον)
1671 3181 1868 3242 μετα-
1979 3159 2247 3223 centiam
2309 3181 2533 3224 carnes
2599 3159 2670 3222 in
2732 3159 2848 3226 hac
2910 3158 3044 3223 heb-

801 3257 1027 3345 λεῖψαι
1049 3307 1063 3336 ,
1124 3254 1235 3321 καὶ
1280 3254 1519 3339 μεταξὺ
1579 3252 1873 3344 νηστείας
1982 3255 2247 3322 domade
2315 3257 2682 3322 comedendi
2750 3265 3041 3335 mutaret,

799 3354 907 3420 καὶ
953 3359 1192 3444 τρυφῆς
1236 3359 1653 3441 καταστῆσαι.
1980 3377 2233 3441 eamque
2306 3356 2578 3420 mediam
2655 3356 2824 3421 inter
2877 3358 3043 3446 jeju-

1981 3455 2158 3519 nium
2243 3464 2305 3519 et
2396 3452 2735 3519 deliciosas
2821 3453 3042 3542 epidas

1981 3554 2382 3617 constitueret
2404 3552 2479 3635 2).

980 3701 1075 3771 De
1132 3701 1265 3789 ejus
1313 3703 1519 3772 indole
1572 3706 1705 3790 ¹jam
1765 3705 2065 3784 diximuS‚
2135 3725 2327 3789 quum
2374 3704 2677 3771 rationem
2723 3705 2836 3790 τῆς
2882 3699 3041 3767 ἄπο·

801 3797 1013 3880 σιτίας
1067 3803 1131 3868 in
1179 3824 1252 3869 ea
1297 3806 1716 3890 praescriptae
1764 3824 1839 3869 ex
1902 3803 2294 3888 antiquorum
2358 3804 2722 3868 auctoritate
2770 3800 3047 3868 deelara-

800 3902 1003 3978 vimus
1052 3922 1153 3986 pp.
1204 3901 1488 3969 31-32.
1598 3902 1949 3968 Fatendum
1997 3907 2240 3980 tamen,
2306 3922 2443 3967 eam
2500 3901 2874 3967 sententiam
2920 3919 3045 3965 non

800 4000 1091 4065 omnibus
1165 4001 1611 4067 recentioribus
1683 4001 1940 4067 Graecis
2021 4000 2300 4084 probari;
2385 4000 2459 4064 iis
2536 3997 2700 4065 enim
2765 3992 3050 4081 ἑβδομὰς

802 4104 914 4186 τῆς
959 4102 1209 4186 τυρινῆς
1253 4119 1379 4164 non
1427 4105 1559 4165 tam
1602 4092 2029 4184 παρείςβασις
2074 4100 2346 4182 ipsorum
2388 4098 2794 4182 jejuniorum,
2855 4117 3042 4179 quam

982 4367 1022 4432 ¹)
1064 4367 1143 4421 De
1182 4367 1429 4438 perplexa
1463 4367 1561 4422 hac
1597 4383 1723 4422 voce
1763 4367 1855 4422 cfr.
1896 4365 1958 4420 de
1996 4365 2234 4432 ciliae,
2274 4364 2417 4420 Dict.
2455 4363 2513 4431 1.,
2551 4380 2601 4434 p.
2639 4365 2725 4420 46.

979 4448 1021 4514 ²)
1064 4447 1315 4501 Videatur
1354 4448 1542 4501 Goar.
1585 4446 1899 4516 Eucholoq..
1936 4463 1986 4516 p.
2027 4448 2145 4513 175,
2188 4445 2308 4500 edit.
2347 4445 2532 4499 Venet.
2575 4447 2729 4500 1730.
