3514 5391
987 507 1443 578 Ψυχοσάββατον.
1500 508 1694 579 vigilia
1729 509 2084 565 Pentecoste&
2546 511 2650 565 381

939 621 1678 628 ———————.-‹—

401 711 565 784 rant,
622 707 855 773 eodem
895 706 1096 772 ferme
1149 707 1272 772 ritu
1332 710 1519 791 atque
1566 707 1744 772 statis
1790 683 2495 787 diebus¹auniversariis
2541 711 2649 762 de-

403 804 756 872 functorum
788 810 1141 890 parentum,
1190 812 1594 891 cognatorum
1627 807 2047 873 amicorumve
2076 807 2407 891 sepulchra
2440 828 2496 873 m

402 903 620 996 florum
670 905 855 969 sertis
903 909 1121 970 ornata
1165 906 1265 990 pie
1312 904 1604 981 invisunt,
1673 906 1966 989 exequias
2029 906 2341 992 solemnes
2402 907 2496 971 ab}

403 1001 540 1075 turi.
632 1001 981 1087 Postquam
1030 1021 1175 1068 vero
1222 1003 1515 1069 sacerdos
1575 1003 1741 1087 quod
1804 1003 1899 1068 sui
1960 1003 2150 1071 offioii
2208 1009 2323 1078 est,
2389 1025 2496 1090 per

400 1099 725 1184 explicatis
770 1120 960 1185 super
987 1100 1326 1186 sepulchra
1358 1100 1717 1186 strophiolis
1765 1102 2205 1187 productisque
2253 1103 2408 1168 cibis
2446 1103 2496 1168 d«

400 1202 704 1283 apparant
750 1199 1100 1264 convivium
1149 1200 1425 1265 caritatis
1488 1201 1871 1265 exercendae
1915 1183 2149 1284 gratia,
2215 1205 2286 1266 ut
2343 1221 2496 1286 paup

398 1301 459 1361 et
504 1296 808 1362 ecclesiae
855 1296 1143 1376 ministri,
1193 1298 1459 1382 dapibus
1507 1298 1773 1383 vinoque
1821 1299 2103 1377 recreati,
2152 1299 2231 1364 ad
2276 1318 2495 1383 preces

399 1394 662 1460 mortuis
728 1393 1081 1461 fundendas
1143 1400 1524 1464 moveantur.
1635 1395 1759 1461 Sed
1828 1416 1945 1462 nec
2004 1397 2303 1462 tenuioris
2361 1397 2496 1462 forti

397 1489 686 1559 homines
734 1513 772 1557 a
817 1493 1007 1559 simili
1056 1514 1204 1581 erga
1251 1495 1580 1571 defunctos
1644 1495 1901 1560 caritate
1950 1494 2130 1560 alieni
2181 1501 2358 1574 sunt;
2408 1516 2496 1581 ‚pa

396 1591 560 1656 enim
612 1592 677 1656 in
725 1591 1078 1678 fragmenta
1122 1586 1413 1678 longiora¹
1448 1592 1769 1658 concisum
1826 1591 2093 1676 vinoque
2139 1592 2398 1659 tinctum
2450 1598 2496 1659 tx

395 1690 565 1754 eunti
590 1689 848 1755 cuilibet
872 1694 933 1755 et
958 1690 1290 1777 degustare
1323 1711 1444 1756 non
1476 1691 1844 1756 detrectanti
1870 1689 2155 1768 offerunt,
2195 1694 2265 1756 ut
2293 1711 2367 1757 eo
2395 1712 2496 1757 sut

398 1807 729 1872 repensam
776 1785 1071 1853 orationis
1130 1789 1327 1854 vicem
1394 1788 1654 1853 mortuis
1713 1788 2080 1873 propinquis
2143 1790 2272 1853 suis
2319 1789 2493 1873 accip

395 1886 748 1951 desiderata
804 1885 923 1951 hac
986 1906 1135 1952 voce
1199 1887 1442 1952 audita:
1509 1883 1584 1949 Ὁ
1633 1883 1799 1961 Θεὸς
1854 1879 2178 1973 μακαρίσῃ
2221 1883 2389 1964 τούς,
2434 1888 2496 1953 ‘h

393 1980 646 2062 αὐτούς,
696 1983 909 2048 beatos
955 1982 1104 2048 illos
1150 1984 1326 2049 Deus
1355 1983 1599 2070 faciat.
1649 2001 1654 2004 ’
1693 1984 1933 2050 Panem
1980 1984 2069 2050 ita
2115 1985 2390 2050 oblatum
2443 1995 2496 2073 ψ

389 2102 634 2147 aanor
680 2081 1012 2168 appellant,
1061 2082 1237 2167 quasi
1276 2082 1662 2171 placentam,
1709 2082 1805 2156 iis,
1856 2082 1958 2167 qui
1991 2104 2102 2167 pro
2134 2082 2469 2148 animabus

389 2182 651 2265 oraturi,
700 2181 970 2247 oblatam
1003 2179 1068 2263 ¹).
1837 2209 1842 2213 ·

638 2420 999 2493 Quaestio
1049 2418 1746 2493 psychosabbatina
1795 2419 1891 2479 de
1940 2424 2400 2495 purgator-10.

1094 2535 1296 2623 Περὶ
1343 2533 1940 2629 καθαρτηρίου.

603 2680 842 2754 Dogma
874 2679 1231 2739 catholicum
1261 2679 1329 2735 de
1342 2681 1673 2752 purqatorio
1710 2680 1969 2739 maxima
1997 2698 2126 2740 cum
2154 2682 2479 2741 animorum

387 2763 658 2823 tentione
696 2761 900 2821 verbis
939 2759 1222 2833 rejiciunt
1259 2760 1485 2820 Graeci
1543 2763 1617 2821 ab
1668 2761 1952 2819 Ecclesia.
2000 2761 2300 2820 catholica
2350 2779 2496 2836 sepa

388 2843 531 2913 quod
579 2841 673 2914 (ut
724 2842 839 2915 ipsi
891 2840 1210 2913 genuinum
1261 2841 1559 2913 dogmatis
1609 2858 1845 2900 sensum
1897 2843 2297 2915 pervertendo
2344 2844 2496 2902 scrih

388 2923 455 2977 ab
492 2922 800 2978 orthodoxa
838 2921 1089 2976 doctrina
1127 2921 1365 2976 alienum
1402 2922 1496 2990 sit,
1544 2926 1604 2977 ut
1637 2921 1976 2976 sacramenti
1998 2923 2370 2991 poenitentiae
2389 2941 2496 2994 pat

387 3005 567 3058 altera
608 3004 716 3057 vita
738 3005 1074 3072 perayatur.
1111 3017 1218 3071 qua
1255 3002 1442 3056 anima
1464 3018 1578 3072 pro
1591 3003 1836 3071 peccatis
1859 3002 2192 3073 satisfacere
2203 3004 2386 3072 possit
2399 3002 2464 3074 ⁸).

388 3101 535 3155 rum,
575 3099 748 3155 quum
788 3081 1018 3140 animas
1071 3087 1204 3156 post
1255 3087 1504 3140 mortem
1555 3082 1616 3141 iu
1669 3081 2060 3140 abditissimis
2111 3082 2452 3156 regionibus

390 3164 550 3223 ditas
591 3164 985 3236 detentusque
1025 3161 1146 3226 tum
1185 3159 1410 3232 ἀνιαρά,
1446 3178 1764 3229 aernmnw,
1814 3158 2015 3221 subire
2070 3179 2141 3220 ac
2191 3164 2452 3236 perpeti,

389 3244 718 3304 viventium
758 3241 1078 3314 suffragiis,
1134 3241 1533 3302 oblationibus
1586 3248 1647 3301 et
1683 3241 1998 3302 sacrificiis
2051 3242 2328 3314 adiuvari
2367 3243 2496 3302 hab«

385 3339 751 3399 persuasum,
789 3323 1020 3397 praxim
1059 3323 1251 3397 ipsam
1290 3322 1364 3381 ad
1406 3323 1618 3396 dogma
1636 3323 1958 3382 Ecclesiae
1997 3323 2330 3382 catholicae
2371 3324 2496 3397 exig

383 3405 489 3467 Ita
533 3421 591 3463 v.
629 3421 686 3476 g.
723 3403 1003 3463 sacerdos
1041 3404 1273 3462 omnino
1313 3404 1391 3463 ad
1430 3409 1682 3464 mentem
1721 3420 1768 3462 s,
1805 3402 2126 3462 Ecclesiae
2164 3419 2447 3463 romanae
2494 3436 2496 3449 ·

381 3502 491 3560 pro
530 3484 730 3545 anima
767 3482 1065 3543 defuncti:

498 3573 657 3627 Μετὰ
697 3573 1031 3644 πνευμάτων
1055 3574 1285 3628 δικαίων
1308 3592 1452 3628 τετε-
1671 3573 1820 3633 Cum
1840 3573 2150 3646 spiritibus
2159 3573 2343 3646 justis
2364 3589 2496 3632 cons

381 3657 695 3723 ζειωμένων
742 3652 845 3719 τὴν
882 3653 1076 3723 ψυχὴν
1112 3657 1213 3710 τοῦ
1247 3653 1453 3708 δούλου
1566 3653 1742 3712 matis
1783 3654 2042 3713 animam
2081 3654 2241 3712 servi
2275 3655 2379 3726 tui,
2418 3652 2496 3712 Sa

562 3814 755 3885 ι).()ὶι·.
792 3831 923 3886 quae
961 3815 1141 3874 dehis
1178 3815 1492 3871 Graecorum
1529 3816 1714 3871 ritibus
1752 3816 1892 3871 circa
1917 3815 2099 3869 funera
2122 3815 2439 3885 scripserunt
2463 3814 2496 3869 E

379 3898 694 3970 bequius,
743 3894 1067 3966 Leqationis
1106 3895 1383 3963 Turcicae,
1432 3897 1583 3966 epist.
1623 3898 1673 3963 1,
1711 3911 1762 3966 p.
1800 3896 1870 3967 23
1907 3895 2056 3962 (edit.
2093 3895 2270 3964 Basil„
2299 3911 2392 3950 an.
2432 3897 2496 3951 17

379 3979 698 4045 Goarius,
727 3976 1024 4046 Encholoq.
1043 3991 1127 4046 pp.
1142 3977 1449 4042 526—5273
1479 3975 1674 4043 Kohl,
1700 3975 2494 4047 St.Petersb9.‚11.,pp.398—

562 4060 604 4126 ⁸)
634 4057 878 4110 Ἤθελεν
925 4054 1167 4127 ἦμπορεῖ
1210 4056 1279 4110 voi
1330 4055 1514 4128 ὄεχθῇ
1561 4058 1651 4108 καὶ
1679 4054 2025 4126 pigmenium*
2077 4053 2137 4107 τι)
2176 4052 2485 4123 μυστήριον

375 4141 687 4208 μετανοίας,
725 4137 846 4195 τὰ,
886 4177 900 4191 .
940 4179 952 4192 .
1006 4135 1073 4188 νεὶ
1114 4134 1251 4188 εἶναι
1287 4135 1386 4200 ἔξω
1424 4134 1533 4188 ἀπὸ
1589 4137 1687 4201 τήν
1722 4134 2038 4204 ὀρθόᾶοξαν
2083 4133 2460 4195 διδασκαλίᾳν.

378 4218 737 4273 Confessio
775 4216 1195 4285 orthodoxa,
1246 4223 1380 4287 part.
1421 4218 1471 4283 1,
1507 4233 1557 4287 q.
1595 4217 1706 4285 66„
1732 4216 1869 4285 apud
1907 4215 2146 4283 Kimmel,
2197 4216 2493 4285 pp,.136—

377 4298 467 4354 Dr.
504 4299 723 4354 Burbu
763 4297 1359 4352 Constantinescu
1397 4298 1463 4353 ad
1500 4298 1707 4353 literam
1743 4298 1907 4371 vortit
1943 4314 1994 4367 p.
2031 4298 2126 4352 47:
2166 4294 2496 4366 arfitribui

376 4379 430 4432 ia
454 4382 637 4447 parte.
660 4380 719 4432 st
750 4378 806 4432 la
846 4378 1218 4436 sacramentnl
1241 4377 1569 4448 penItentiei
1602 4392 1728 4431 caea
1768 4394 1828 4431 ce
1865 4380 1980 4435 este
2029 4379 2085 4430 tn
2124 4377 2329 4430 contra
2353 4373 2496 4429 doctr

374 4458 650 4514 ortodoxe.
2151 4480 2165 4490 ¹
