3514 5391
807 533 913 587 218
1462 533 1621 588 Festa
1657 535 1865 589 mobilia
1902 534 1954 588 in
1991 533 2416 605 Quadragesima.

811 736 874 788 et
909 731 1244 804 parictibus
1285 731 1722 803 abstergendae
1775 749 1847 791 ac
1885 732 2330 792 converrendae
2382 732 2515 806 ipsa
2562 733 2713 792 haec
2749 730 2912 792 feria
2950 732 3055 790 lv.

808 812 973 884 niqra
1012 813 1209 883 (berna
1246 813 1342 884 st.)
1380 820 1631 872 vocatur
1649 813 1711 885 ¹).

992 941 1089 1003 De
1139 962 1316 1004 sacro
1368 940 1577 1006 triduo
1628 942 1977 1008 Passionis.

991 1067 1061 1131 In
1111 1066 1372 1132 ecclesia
1422 1066 1613 1132 latina
1658 1067 1842 1132 hodie
1893 1088 2149 1151 vespere
2196 1068 2413 1152 incipit
2458 1067 2736 1154 officium
2775 1064 3056 1130 tenebra-

809 1188 985 1244 rum,·
1032 1166 1235 1230 triduo
1285 1165 1563 1250 proxime
1612 1167 1893 1250 sequenti
1938 1166 2102 1231 enim
2135 1166 2512 1231 Matutinum
2564 1169 2703 1231 cum
2738 1164 3056 1231 Laudibus

809 1264 993 1328 etiam
1043 1265 1107 1329 in
1157 1264 1349 1329 choro
1398 1266 1689 1329 recitatur
1736 1266 1935 1348 pridie
1983 1284 2121 1330 sero
2172 1265 2324 1330 hora
2371 1266 2779 1349 competenti;
2829 1265 2916 1328 ita
2961 1263 3054 1328 ni-

810 1366 1065 1442 mirum,
1131 1371 1199 1431 ut
1246 1365 1602 1430 absolvatur
1650 1370 1791 1450 post
1837 1386 2126 1431 occasum
2178 1366 2357 1443 solis,
2420 1363 2860 1449 incipientibus
2922 1362 3055 1427 fieri

810 1465 1133 1548 tenebriS,¹
1179 1469 1556 1548 quapropter
1621 1469 1683 1529 et
1730 1464 2009 1550 officium
2055 1463 2454 1529 tenebrarum
2511 1462 2853 1547 nuncupari
2920 1466 3056 1545 post

809 1562 960 1628 alios
1009 1553 1321 1627 existimat
1368 1563 1667 1627 Burius
1737 1562 2119 1629 Onomastic.
2171 1562 2493 1651 etymoloq.
2545 1562 2734 1628 verbo
2783 1561 3045 1625 Matuti-

807 1685 974 1727 num.
1069 1661 1335 1746 Propius
1382 1667 1591 1728 tamen
1643 1663 1942 1727 accedere
1992 1663 2069 1727 ad
2104 1682 2318 1727 verum
2351 1662 2613 1738 videtur,
2664 1659 3058 1725 tenebrarum

809 1759 1086 1845 officium
1145 1762 1350 1826 vocari
1415 1765 1677 1845 propter.
1730 1760 2037 1828 luminum
2095 1761 2589 1838 exstinctionem,
2657 1760 2948 1824 tenebras
2996 1763 3060 1826 et

809 1859 1271 1935 obscuritatem,
1338 1859 1400 1924 in
1449 1860 1765 1924 recitando
1827 1859 1948 1924 hoc
2009 1859 2215 1925 officio
2279 1859 2413 1924 fieri
2477 1858 2724 1935 solitas,
2793 1873 3054 1941 quarum

811 1957 1109 2041 mysticae
1155 1957 1431 2022 rationes
1477 1957 1595 2022 hae
1627 1964 1804 2022 sunt:
1862 1960 1916 2024 1.
1967 1959 2112 2042 quia
2137 1958 2420 2024 Ecclesia
2445 1958 2506 2022 in
2543 1976 2822 2022 moerore
2854 1955 3057 2021 luctu-

810 2075 930 2137 que
978 2060 1074 2119 est
1121 2059 1376 2138 propter
1424 2056 1775 2140 passionem
1841 2060 1901 2120 et
1953 2061 2214 2121 mortem
2264 2055 2548 2132 Domini;
2617 2056 2679 2121 2.
2738 2056 2815 2120 ad
2863 2054 3056 2139 signi-

812 2153 1158 2230 ficandum,
1231 2155 1397 2237 quod
1458 2141 1757 2220 moriente
1819 2155 2086 2219 Domino
2154 2154 2443 2219 tenebrae
2490 2154 2721 2241 factae
2780 2163 2928 2217 sunt
2987 2154 3054 2216 in

807 2252 1169 2314 universam
1216 2262 1468 2334 terram,
1518 2262 1577 2315 et
1622 2252 1996 2316 obscuratus
2040 2263 2133 2316 est
2176 2251 2274 2317 sol
2287 2276 2311 2333 ,⁶
2356 2253 2417 2318 3.
2469 2253 2616 2336 quia
2660 2252 2752 2317 sol
2778 2251 3055 2336 justitiae

811 2352 873 2412 et
917 2348 1022 2413 lux
1072 2351 1284 2415 mundi
1335 2349 1621 2416 Christus
1668 2352 1976 2416 Dominus
2026 2352 2366 2416 exstinctus
2413 2351 2475 2415 in
2525 2370 2708 2416 cruce
2740 2356 2855 2415 est.
2937 2348 3048 2412 Ve-

809 2466 949 2510 rum
998 2466 1071 2511 ea
1133 2449 1210 2512 de
1274 2469 1339 2513 ro
1403 2449 1805 2514 consulantur
1865 2454 2169 2526 auetoreS‚
2239 2449 2343 2532 qui
2405 2449 2806 2514 sacratissimi
2868 2447 3054 2531 hujus

810 2544 997 2608 tridui
1064 2547 1485 2612 caeremonias
1561 2547 1909 2612 accuratius
1975 2548 2394 2631 explicarunt:
2480 2545 2846 2612 Durand.
2919 2547 3053 2608 Ra-

814 2643 1037 2711 εἰοπαῑ.
1066 2665 1117 2710 c.
1144 2644 1434 2723 72—85;
1464 2646 1690 2733 vulgat.
1712 2644 1809 2711 Al
1826 2667 1858 2711 c
1875 2646 2028 2711 uin.
2057 2647 2152 2710 De
2173 2645 2370 2712 divin.
2392 2645 2558 2732 offic.
2582 2666 2672 2711 cc.
2693 2645 2856 2710 16—
2872 2645 2952 2709 19
2972 2649 3051 2728 ὓς

814 2741 918 2807 Ru
943 2752 1135 2827 pert
1172 2744 1524 2810 T‘uitie11.
1576 2745 1675 2807 De
1707 2745 1904 2809 divin.
1935 2745 2103 2832 offic.
2134 2746 2310 2811 libris
2339 2746 2401 2822 5,
2437 2753 2499 2811 et
2523 2746 2565 2809 6
2592 2744 2672 2829 ⁸);
2721 2743 3050 2808 Amalar.

813 2842 909 2905 De
957 2841 1101 2906 cccl.
1141 2842 1306 2928 offic.
1349 2843 1387 2909 1.
1426 2846 1486 2917 4,
1535 2864 1587 2908 c.
1632 2844 1751 2921 22;
1797 2844 2076 2909 Raban.
2127 2844 2405 2908 Institut.
2454 2840 2599 2907 cler.
2648 2843 2686 2908 l.
2735 2843 2796 2921 2,
2846 2864 2935 2908 cc.
2967 2842 3053 2906 35

811 2940 986 3004 —38
1009 2940 1097 3025 ⁴),
1166 2948 1228 3006 ct
1286 2980 1370 2987 -—
1432 2943 1565 3007 aliis
1614 2943 1863 3006 omissis
1923 2980 2008 2988 —
2075 2942 2475 3008 Benedict.
2524 2941 2694 3008 XIV.
2760 2941 2861 3004 De
2894 2940 3052 3027 fest.

813 3038 997 3104 Dom.
1038 3040 1112 3123 ἐξ
1146 3042 1268 3104 118
1295 3060 1510 3124 seqq.;
1560 3041 1785 3107 Ferd.
1819 3041 2110 3106 Totam.
2162 3042 2351 3106 Βίαν.
2378 3037 3053 3125 lituryico-theoloqico·

811 3135 1033 3204 moral.
1085 3145 1234 3203 tom.
1287 3140 1346 3215 2,
1397 3139 1435 3203 1.
1485 3139 1547 3215 4,
1600 3148 1752 3223 part.
1801 3141 1863 3214 2,
1915 3140 2071 3217 c.8;
2127 3139 2558 3216 Binterim,
2609 3137 3053 3221 Denkwtlrdiy·

810 3235 1034 3311 haitan,
1085 3243 1233 3300 tom.
1283 3238 1345 3313 5,
1398 3243 1550 3320 part.
1610 3241 1663 3315 1,
1712 3260 1766 3304 c.
1798 3239 1860 3313 4,
1909 3241 1946 3321 ς’
1997 3239 2054 3302 7.

999 3417 1090 3500 Τῇ
1136 3409 1285 3500 ἁγίᾳ
1330 3412 1435 3479 καὶ
1483 3416 1719 3503 μεγάλῃ
1767 3414 2052 3502 πέμπτῃ.

990 3540 1190 3605 Slav.
1254 3541 1306 3604 V
1348 3547 1586 3631 svjatyj
1627 3545 1654 3607 i
1698 3542 1920 3631 velikajj
1964 3542 2309 3621 cetvertok;
2365 3560 2660 3607 rumen.
2723 3540 2800 3604 In
2847 3541 3054 3605 sant'a

812 3641 870 3702 εἲ
916 3663 1130 3703 marca
1176 3640 1309 3704 Joi.

994 3766 1295 3849 Mysteria
1341 3766 1528 3849 hujus
1575 3768 1693 3832 diei
1747 3769 1997 3852 propria
2042 3767 2357 3832 Triodium
2405 3765 2524 3831 hac
2565 3760 2833 3831 formula
2862 3784 3052 3829 enun-

814 3864 926 3927 tiat
973 3864 1034 3928 in
1084 3865 1261 3930 titulo
1310 3867 1650 3949 synaxarii:

927 3974 1003 4045 Οἱ
1055 3979 1134 4043 τὰ
1190 3981 1407 4045 πάντα
1460 3981 1670 4057 καλῶς
1731 3980 1874 4044 δια·
2102 3981 2228 4054 Qui
2274 3983 2489 4045 omnia
2537 3979 2686 4042 bene
2734 3978 3048 4064 disposue—

812 4075 1156 4158 ταξάμενοι
1206 4082 1381 4143 θεῖοι
1443 4077 1717 4164 πατέρες
1766 4078 1877 4142 ἀλ·
1985 4091 2155 4161 runt,
2206 4080 2414 4143 divini
2451 4088 2676 4164 patres
2721 4099 2883 4141 unus
2906 4087 3052 4163 post

997 4258 1038 4325 ι)
1079 4259 1187 4313 Cfr.
1226 4259 1507 4323 Brandl,
1550 4258 1800 4312 Glossar.
1840 4275 1887 4327 p.
1926 4259 2050 4314 324.

994 4338 1038 4405 ³)
1078 4340 1225 4409 Apud
1266 4339 1454 4407 Migne,
1493 4338 1636 4393 Patr.
1676 4338 1769 4393 lat.
1807 4344 1931 4392 tom.
1973 4340 2093 4406 101,
2133 4354 2215 4408 pp.
2258 4338 2628 4393 1203—1222.

994 4420 1039 4487 ⁸)
1080 4420 1203 4474 lbid.
1243 4424 1366 4473 tom.
1409 4422 1526 4485 170,
1565 4436 1650 4489 pp.
1692 4421 1991 4474 129—192.

993 4500 1037 4569 ⁴)
1080 4499 1204 4554 lbid.
1244 4505 1365 4555 tom.
1408 4502 1526 4563 107,
1566 4517 1647 4570 pp.
1687 4500 1989 4555 347-350.
