3514 5391
801 471 909 526 374
1513 471 1673 526 Festa
1709 472 1917 527 mobilia
1954 476 2073 542 post
2109 472 2329 527 Paschae

804 668 959 733 στὸν
986 667 1448 757 ἀνυψούμενον,
1489 667 1655 733 οὕτω
1685 667 1873 756 σαρκὶ
1982 675 2147 736 stum
2167 671 2495 749 elevatum,
2529 673 2617 738 sie
2643 691 2831 737 carne
2850 673 3051 737 veniet

775 766 1130 833 ’ἐλεύσεται
1199 767 1451 845 δίκαιος
1513 765 1549 832 ὁ
1610 766 1875 832 πάντων
1975 770 2183 854 justus
2227 771 2511 835 omnium
2539 770 2762 854 judex,

801 866 1034 952 κριτής.
2286 919 2289 922 -

909 964 1022 1044 Ὡς
1065 957 1245 1031 εἶδόν
1274 987 1365 1047 σε,
1422 965 1640 1053 Σωτὴρ
1679 962 1872 1051 ἡμῶν,
2092 966 2181 1031 Ut
2248 968 2535 1033 viderunt
2602 972 2697 1044 te,
2773 967 3053 1033 Salvator

804 1059 870 1129 αἱ
920 1063 1049 1130 ἄνω
1097 1063 1398 1148 δυνάμεις
1457 1062 1524 1129 ἓν
1570 1059 1878 1153 ὑψίστοις
1983 1069 2215 1143 noster,
2278 1086 2584 1150 supernae
2632 1066 2943 1150 potentiae
2990 1068 3046 1132 in

801 1157 1138 1249 αἰρόμενον
1167 1162 1526 1247 σύσσωμον,
1586 1157 1654 1227 ἐν
1685 1160 1876 1249 φόβῳ
1986 1163 2247 1230 excelsis
2267 1163 2580 1230 sublatum
2606 1184 2747 1230 eum
2775 1185 3047 1250 corpore,

803 1260 1204 1347 ἐκραύγαζον·
1232 1260 1517 1349 Μεγάλη,
1543 1260 1873 1342 Δέσποτα,
1985 1263 2048 1327 in
2094 1263 2315 1328 timore
2364 1263 2748 1329 clamabant:
2797 1263 3049 1350 Magna,

795 1359 841 1424 r?
890 1355 1361 1449 φιλανθρωπία
1407 1382 1543 1425 σου.
1988 1360 2272 1440 Domine,
2322 1362 2672 1447 benignitas
2718 1368 2843 1427 tua.

989 1508 1081 1590 Τῇ
1127 1500 1284 1591 αὐτῇ
1329 1502 1529 1591 ’ἡμέρᾳ
1575 1502 1845 1591 πέμπτῃ
1905 1507 2017 1590 τῆς
2076 1501 2259 1590 ἕκτης
2301 1499 2685 1588 ἑβδομάδος
2745 1503 2882 1569 ἀπὸ
2929 1509 3051 1570 ’τοῦ

802 1599 1061 1682 Ποίσχαο
1093 1597 1335 1667 ·Μνεία
1379 1606 1492 1688 τῆς
1518 1597 1612 1679 εἷς
1639 1599 1911 1686 οὗρανόν
1939 1600 2102 1684 μετὰ
2131 1600 2366 1685 σαρκὸς
2395 1600 2628 1667 ἀνόδου
2663 1607 2780 1668 τοῦ
2806 1598 3051 1688 Κυρίου

802 1698 910 1764 καὶ
974 1701 1152 1767 Θεοῦ
1208 1704 1389 1764 '³'wa
1373 1724 1504 1787 ρος
1566 1699 1741 1788 ἡμῶν
1799 1699 2016 1788 Ἰησοῦ
2074 1704 2382 1786 Χριστοῦ.
2488 1703 2588 1768 Ita
2647 1704 2836 1769 editio
2892 1724 3047 1769 rom.

802 1820 900 1866 an.
953 1800 1145 1877 1738
1195 1821 1254 1884 p.
1309 1799 1458 1865 199.
1526 1800 1709 1866 Nova
1754 1805 1965 1866 autem
2013 1800 2301 1867 hocloco
2348 1802 2551 1886 ipsum
2584 1802 2757 1887 ponit
2802 1803 3047 1868 titulum

801 1899 945 1964 festi
989 1904 1058 1964 ut
1103 1899 1245 1965 heie
1293 1898 1524 1985 legitur
1571 1920 1630 1983 p.
1680 1900 1834 1965 366.
2119 1935 2123 1939 ·

1774 2036 2083 2122 Στίχοι.
2152 2050 2161 2061 ’

1216 2163 1316 2230 Ἐκ
1361 2163 1575 2246 δεξιᾶς
1620 2161 1908 2242 καθίσας
1952 2153 2283 2284 πατρικῃς,
2332 2148 2539 2249 Adys,

1215 2261 1522 2340 Μιέσταις
1567 2263 1920 2352 παρασχὼν
1943 2266 1993 2350 ¹)
2041 2259 2268 2330 πίστιν
2313 2249 2818 2354 ἀσφαλεστέραν.

974 2385 1046 2451 Ὁ
1090 2385 1507 2475 ἀναληφθεὶς
1552 2386 1621 2454 ἐν
1667 2386 1853 2476 δόξῃ,

808 2482 982 2571 ἡμᾶς.
1070 2483 1286 2572 Ἀμήν·

913 2644 1142 2737 Ὠιδὴ
1187 2646 1262 2729 ζ.
1338 2646 1412 2715 Ὁ
1455 2643 1761 2735 εἳρμὸς.

910 2771 1024 2853 ,,Ὁ
1069 2770 1139 2838 ἐν
1182 2769 1431 2859 καμίνῳ
1477 2774 1679 2862 πυρὸς
1723 2774 1874 2854 τοὺς

805 2868 1270 2953 ,,ὖμνολόγουςῐ
1315 2871 1534 2950 σώσας
1587 2872 1868 2951 ,παῖδας

803 2966 1203 3057 ,,Εὐλογητὸς
1246 2967 1280 3033 ὁ
1318 2969 1482 3048 Θεὸς
1519 2969 1555 3035 ὁ
1582 2974 1710 3043 τῶν
1739 2993 1872 3037 πα-

805 3063 1045 3152 ,,τέρων
1087 3064 1282 3155 ἡμῶν.

1165 3209 1521 3297 Τροπάρια.

909 3322 1053 3388 Ἐπὶ
1117 3329 1245 3388 τιῖν
1307 3323 1528 3410 ὤμων,
1607 3329 1870 3414 Χριστέ,

799 3421 914 3510 τὴν
959 3422 1412 3511 πλανηθεῖσαν
1458 3423 1617 3511 ἄρας
1655 3427 1870 3514 φύσιν,

804 3519 1204 3609 ἀναληφθεὶς
1248 3529 1341 3608 τῷ
1395 3526 1538 3610 Θεῷ
1585 3524 1693 3589 καὶ
1733 3530 1872 3591 Πα-

799 3618 901 3705 τρὶ
950 3619 1366 3708 προσήγαγες.

906 3715 979 3783 Ὁ
1024 3716 1093 3783 ἐν
1151 3717 1382 3807 νεφέλῃ
1441 3720 1659 3809 φωτὸς
1715 3720 1871 3787 ἀνα-

799 3812 1104 3903 ληφθείς,
1170 3817 1276 3881 καὶ
1339 3817 1554 3897 σώσας
1606 3819 1865 3904 κόσμον

801 3913 1154 4002 Εὐλογητὸς
1201 3940 1236 3978 ο
1274 3915 1437 3994 Θεὸς
1483 3916 1547 3981 ὃ
1563 3924 1691 3984 τῶν
1737 3940 1867 3984 πα-

803 4010 1002 4100 τέρων
1050 4011 1086 4076 ‘e‘
1070 4018 1243 4100 μῶν

904 4107 978 4175 Ὁ
1023 4109 1315 4175 ανελθών
1363 4112 1499 4178 ἀπὸ
1551 4119 1659 4203 γῆς
1704 4115 1870 4200 πρὸς

799 4207 911 4272 τὸν
940 4207 1284 4292 ασώματον
1314 4210 1598 4300 Πατέρα·
1667 4213 1869 4279 Εὐλο-

1922 2388 2165 2474 Χριστὲ
2211 2389 2247 2454 ὁ
2300 2389 2464 2468 Θεὸς
2509 2389 2716 2480 ημῶν,
2781 2372 3041 2481 ἐλέησον

2176 2651 2333 2719 Ode
2383 2653 2456 2719 7.·
2514 2653 2853 2721 Hirmus.

2095 2776 2222 2852 Qui
2266 2780 2337 2842 in
2365 2776 2642 2863 fornace
2688 2780 2857 2868 ignis
2901 2802 3047 2844 can-

1984 2886 2218 2942 catores
2232 2878 2525 2944 ,servavit
2542 2899 2807 2962 pueros:
2855 2879 3046 2942 Bene·

1983 2974 2189 3039 dictus
2204 2976 2381 3039 Deus
2398 2985 2657 3061 patrum
2669 2987 3043 3049 nostrorum.

2354 3217 2668 3302 Tropaiia.

2083 3331 2153 3395 In
2190 3332 2485 3411 humeri&
2522 3331 2789 3411 Christe,
2839 3353 3044 3399 erran-

1980 3435 2107 3495 tem
2163 3429 2387 3496 tollens
2420 3430 2745 3510 naturam,
2808 3452 3039 3497 assum-

1981 3532 2124 3612 ptus
2171 3549 2440 3608 sursum,
2492 3530 2624 3595 Deo
2655 3534 2719 3596 et
2744 3530 2916 3595 Patri
2945 3531 3040 3595 ad·

1978 3627 2225 3692 duxisti.

2086 3724 2204 3807 Qui
2261 3726 2327 3791 in
2390 3727 2617 3793 nebula
2670 3726 2921 3792 luminis
2976 3747 3038 3791 es

1979 3829 2367 3909 assumptuS,
2430 3830 2493 3891 et
2552 3825 2804 3891 salvasti
2863 3845 3036 3891 mun·

1977 3923 2159 3988 dum:
2210 3924 2585 3990 Benedictus
2607 3924 2778 3990 Deus
2797 3929 3036 4010 patrum

1904 4038 1907 4041 ·
1978 4025 2347 4088 nostrorum.

2084 4118 2201 4201 Qui
2263 4119 2598 4185 ascendisti
2656 4140 2692 4185 e
2738 4126 2907 4187 terra
2961 4119 3032 4184 ad

1976 4218 2408 4301 incorporeum
2474 4218 2760 4284 Patrem:
2806 4220 3033 4286 'Bene-

983 4423 1024 4491 ¹)
1065 4424 1236 4480 Editio
1274 4432 1464 4483 veneta
1500 4427 1658 4483 habet
1694 4432 2003 4499 παρέσχες,-
