3514 5391
827 502 933 555 524

827 702 927 750 τοῦ
976 698 1126 768 ὅρου,
1209 699 1321 753 Οὐκ
1371 700 1597 767 ἠθέλησε
1651 700 1709 753 δὲ
1761 700 1893 755 v‘no·

827 778 1064 847 γράψαι,
1117 779 1596 852 προφασιζόμενος
1643 780 1891 853 διωρίαν,

826 858 1154 928 Ἠισχύνετο
1216 860 1322 932 γοίρ
1384 861 1692 931 ἀντιλέγειν
1751 861 1894 915 οὕτω

826 940 1096 1011 σφοδρῶς,
1178 946 1284 1008 Τῆς
1321 945 1631 1014 ἱερουργίας
1667 940 1771 996 οὖν
1808 961 1893 997 τε-

825 1021 1112 1087 λεσθείσης
1148 1022 1475 1091 ἀνεγνώσθη
1511 1022 1542 1076 ὁ
1570 1023 1695 1095 ὅρος
1736 1024 1794 1077 ἐν
1831 1026 1896 1095 τῇ

824 1100 1038 1173 μεγάλῃ
1086 1101 1368 1170 Ἐκκλησία
1420 1108 1509 1169 τῆς
1550 1106 1896 1174 Φλωρεντίιις

826 1179 1114 1250 Ῥωμαισιὶ
1150 1187 1236 1235 καὶ
1277 1183 1599 1251 Ἑλληνιστί·
1639 1188 1727 1237 καὶ
1759 1184 1894 1237 ἔδω-

824 1279 926 1314 καν
975 1262 1272 1335 ἀμφότερα
1329 1265 1393 1317 w*
1441 1269 1579 1337 μέρη
1616 1264 1784 1336 ὅρκον
1821 1270 1897 1325 εἰς

826 1345 928 1394 τοῦ
968 1349 1218 1414 Χριστοῦ
1273 1344 1331 1397 τὸ
1383 1349 1567 1415 σῶμα,
1625 1346 1711 1398 ὅτι
1751 1346 1895 1399 οὕτω

825 1426 1166 1493 στέργουσιν,
1205 1423 1386 1497 ὥσπερ
1424 1425 1455 1478 ὁ
1494 1426 1620 1497 ὅρος
1656 1427 1895 1498 διαλαμ-

825 1501 999 1566 βάνει.
1088 1506 1197 1556 Καὶ
1251 1505 1421 1565 οὕτως
1462 1507 1613 1570 ἔλαβε
1665 1509 1813 1566 τέλος
1863 1507 1894 1573 ἠ

824 1581 1072 1643 σύνοδος.
1123 1584 1260 1636 Ἀλλ’
1288 1584 1638 1656 ὑποστρέψας
1662 1589 1720 1643 ἐν
1741 1594 1894 1642 Kane-

828 1668 1298 1727 σταντινουπόλει,
1339 1671 1566 1736 συνέχεε
1604 1671 1695 1720 καὶ
1731 1683 1893 1724 συνε-

829 1741 1022 1815 τάραξε
1055 1750 1239 1800 πᾶσαν
1268 1750 1366 1813 τὴν
1380 1748 1727 1815 Ἀνατολικήν
1757 1749 1894 1821 γρά·

826 1843 951 1893 φων
1005 1829 1093 1877 καὶ
1140 1828 1313 1896 λέγων
1348 1828 1569 1882 ἐναντία
1617 1831 1751 1882 xmo?
1806 1835 1895 1896 τῆς

828 1908 976 1976 ἱεριῖς
1013 1906 1274 1961 συνόδου.
1349 1907 1488 1960 Ἀλλ’
1528 1910 1626 1963 οὐκ
1664 1910 1892 1981 ἠμέλησε

825 1990 913 2038 καὶ
966 1991 1089 2059 περὶ
1141 1986 1340 2044 τούτου
1393 1989 1423 2057 ἡ
1472 1990 1754 2058 Ἐκκλησία
1805 1995 1895 2057 τῆς

825 2065 1028 2137 Ῥώμης
1065 2073 1379 2139 φροντίσαι.
1452 2069 1753 2125 Ἀπέστειλε
1794 2071 1893 2124 τόν

826 2146 1083 2218 Κορώνης
1132 2150 1430 2204 ἐπίσκοπον
1485 2152 1666 2222 ἄνδρα
1719 2152 1895 2218 πάσης

825 2232 1026 2299 σοφίας
1076 2231 1517 2301 πεπαιδευμένον
1561 2236 1651 2284 καὶ
1696 2232 1892 2286 θεολό-

825 2327 927 2377 γον
960 2309 1189 2381 ἄριστον
1213 2313 1271 2365 ἐν
1290 2314 1890 2377 Κωνσταντινουπόλει,

822 2387 1192 2459 διαλεχθῆναι
1262 2394 1403 2462 μετα
1478 2398 1579 2447 τοῦ
1638 2394 1891 2466 Ἐφέσου,

825 2472 919 2523 ἵνα
954 2471 1033 2541 μή
1070 2471 1173 2544 ἔχῃ
1210 2474 1392 2542 λέγειν
1441 2473 1526 2526 ὅτι
1576 2474 1671 2527 διὰ
1710 2475 1893 2545 φόβον

825 2549 948 2603 τινιὶ
988 2550 1088 2604 οὐκ
1112 2551 1352 2618 ἠδύνατο
1377 2555 1556 2623 λέγειν
1594 2556 1651 2608 ἐν
1676 2555 1890 2624 Ἰταλίᾳ·

823 2629 957 2683 ἄλλα
1014 2632 1226 2688 κάκεῖσε
1282 2638 1424 2705 μίαν
1486 2639 1573 2687 καὶ
1629 2635 1893 2707 δευτέραν

823 2711 1067 2778 διάλεξιν
1089 2713 1319 2775 ποιίσας
1344 2718 1635 2789 προστάξει
1672 2722 1773 2770 τοῦ
1798 2723 1892 2783 βα-

823 2793 1022 2856 σιλέως,
1036 2795 1260 2866 ἐξέφυγε
1286 2797 1386 2863 τήν
1409 2796 1666 2863 διάλεξιν.
1712 2800 1892 2853 ’Fa-911

822 2873 931 2945 γάρ
967 2875 1234 2948 ἐξῃτεῖτο,
1285 2877 1384 2931 οὐκ
1436 2879 1596 2945 ἤθελε
1646 2879 1891 2950 διαλέγε-

823 2957 976 3019 σθαι,
1019 2959 1106 3008 καὶ
1144 2957 1279 3010 metri
1317 2957 1497 3028 μόνας
1531 2960 1591 3012 ἐν
1628 2966 1743 3021 ταῖς
1781 2981 1889 3031 γω-

824 3039 966 3095 νίαις
1014 3036 1377 3109 συνετάραττε
1416 3044 1601 3093 πᾶσαν
1652 3042 1749 3107 τήν
1786 3042 1888 3095 πό-

823 3115 938 3186 λιν,
993 3119 1071 3169 ἔτι
1122 3138 1181 3187 γε
1231 3120 1346 3189 μὴν
1393 3124 1483 3172 καὶ
1532 3121 1627 3181 τιὶς
1674 3123 1890 3189 νήσους,

823 3199 912 3248 καὶ
947 3195 1043 3249 ἀπ’
1080 3199 1289 3252 ἐκείνου
1337 3204 1507 3270 μέχρι
1557 3207 1658 3256 τοῦ
1702 3208 1807 3258 νῦν
1857 3205 1887 3270 ἦ

824 3275 1036 3330 ἐκείνου
1094 3278 1243 3350 λύμη
1298 3282 1532 3342 πολλοὺς
1585 3282 1889 3355 διέφθειρε,

823 3359 913 3406 καὶ
946 3357 1190 3426 μάλιστα
1226 3362 1324 3428 τὴν
1350 3367 1670 3434 περίφημον
1690 3365 1892 3433 ταύτην

826 3439 1010 3502 νῆσον.
1084 3439 1223 3492 Ἀλλ’
1262 3443 1462 3501 ἐκεῖνος
1496 3444 1602 3512 μὲν
1637 3445 1892 3517 ἐπίχειρα

826 3519 915 3582 τῆς
971 3518 1141 3573 αὐτοῦ
1196 3522 1636 3592 δεισιδαιμονίας
1688 3544 1743 3580 τε
1803 3531 1890 3578 καὶ

823 3595 1139 3661 ἀλαζονείας
1172 3602 1364 3666 ἔλαβεν
1399 3605 1625 3668 &negemus
1662 3609 1751 3672 τῆς
1790 3606 1889 3660 αὖ·

825 3683 925 3731 τοῦ
956 3682 1311 3753 βλασφημίας
1344 3688 1432 3736 καὶ
1469 3684 1767 3746 ἀναιδείας·
1805 3687 1891 3740 ὅτι

827 3755 902 3820 εἷς
937 3761 1014 3814 ὧν
1039 3767 1101 3835 τῇ
1127 3768 1481 3838 οἰκουμενικῇ
1508 3765 1729 3834 συνόδῳ
1754 3768 1891 3838 ἐμά-

825 3859 975 3907 χετο·
1023 3848 1085 3916 τῇ
1124 3846 1231 3914 γάρ
1268 3846 1381 3915 ὥρᾳ
1418 3851 1509 3913 τῆς
1545 3846 1719 3901 αὐτοῦ
1753 3848 1888 3902 ἀνα-

825 3921 1027 3981 λύσεως
1064 3927 1187 3993 ἰλεῷ
1226 3927 1324 3980 τόν
1358 3932 1487 3992 βίον
1510 3932 1889 3999 κατέστρεψεν.

831 4005 896 4052 Οἱ
932 4003 991 4057 δὲ
1029 4007 1239 4060 ἐκείνου
1274 4013 1516 4078 μιμηταί
1551 4027 1605 4062 τε
1644 4013 1734 4060 καὶ
1759 4009 1890 4062 ὀπα-

824 4083 931 4153 δοί,
973 4085 1275 4156 εὐχόμενοι
1312 4087 1493 4158 ὁμοίῳ
1520 4091 1657 4143 τέλει
1682 4091 1892 4144 ἐκείνου

824 4165 1173 4235 χρήσασθαι,
1225 4169 1268 4220 ὤ
1307 4173 1414 4223 τῶν
1450 4169 1731 4238 κριμιὶτων
1770 4186 1890 4234 σου,

830 4248 1032 4315 Χριστὲ
1052 4251 1221 4300 Βασιλ
1231 4253 1324 4306 εὖ]
1350 4250 1475 4302 καθ’
1497 4250 1726 4317 ἑκάστην
1750 4251 1890 4322 ὁρῶ-

822 4344 931 4393 μεν
981 4327 1180 4388 αὐτους
1229 4329 1404 4396 τούτῳ
1449 4335 1524 4397 τῷ
1571 4329 1755 4402 τρόπῳ
1792 4335 1891 4384 τοῦ

825 4405 948 4480 τῇδε
1003 4412 1131 4472 βίου
1185 4410 1618 4483 ἀπερχομένους.
1700 4411 1890 4482 Ἡμεῖς

1471 503 1631 558 Festa
1668 505 1876 560 mobilia
1913 512 2030 574 post
2068 506 2429 563 Pentecosten.

1887 619 2246 626 ——.-—--..---
2377 620 2558 625 Η.-Αὴ
2593 622 2602 623 7
2643 620 2654 625 μ
2683 620 2724 625 -.
2755 620 2770 625 -
2803 618 3068 627 ‚..-.-.———‚

2006 711 2216 777 aperte
2267 705 2643 764 definierunt.
2731 704 2904 778 Quod
2951 705 3071 776 qni·

2005 785 2137 844 dem
2166 786 2467 845 decretum
2488 785 2833 859 apostolicis
2849 785 3072 843 rubris·

2005 883 2114 939 que
2154 866 2350 925 literis
2389 867 2715 940 signatum,
2767 867 2828 925 in
2876 866 3071 924 omnia

2005 953 2304 1006 terrarum
2325 949 2459 1006 loca
2479 948 2714 1006 missum
2742 954 2853 1019 est,
2893 953 3070 1019 atque

2004 1045 2204 1086 omnes
2240 1030 2408 1102 pacis
2439 1045 2634 1087 amore
2667 1028 3068 1100 communique

2005 1125 2293 1168 consensu
2332 1110 2581 1169 eandem
2611 1109 2788 1168 fldem
2815 1106 3069 1168 confossi

2004 1196 2171 1263 sunt,
2228 1191 2491 1263 peractis
2543 1192 2733 1249 sacris
2772 1207 2892 1248 una
2945 1207 3068 1247 cnm

2004 1270 2271 1330 Romano
2308 1269 2621 1330 Pontifice.
2696 1271 2839 1345 Ipse
2889 1270 3067 1329 etiam

2005 1351 2341 1424 Ephesinus
2379 1353 2678 1412 consensit
2701 1352 2948 1412 lectioni
2977 1352 3070 1409 de·

2005 1433 2175 1505 creti,
2216 1435 2405 1492 noluit
2441 1440 2642 1493 tamen
2676 1433 3071 1503 subscribere,
3135 1485 3140 1489 ,

2006 1512 2353 1573 dilationem
2437 1515 2720 1590 temporis
2791 1519 3072 1588 praeten-

2005 1593 2178 1665 dens3
2223 1595 2490 1667 pudebat
2525 1596 2679 1653 enim
2719 1610 2852 1653 eum
2888 1593 3071 1652 nimia

2005 1676 2312 1734 anxietate
2365 1676 2558 1734 adhuc
2606 1673 3071 1734 contradicendo

2007 1756 2371 1829 impietatem
2427 1773 2588 1816 suam
2632 1756 2889 1830 aperire.
2965 1755 3071 1813 Sa·

2005 1837 2123 1895 cris
2162 1837 2348 1909 igitur
2385 1837 2666 1909 peractis,
2718 1836 2940 1895 lectum
2980 1842 3074 1895 est

2005 1917 2308 1976 decretum
2379 1918 2438 1976 in
2507 1933 2721 1990 magna
2786 1916 3072 1975 Ecclesia

2002 1997 2352 2057 Florentiae
2375 1998 2565 2057 latino
2586 2014 2921 2071 graecoque
2948 2013 3073 2055 ser·

2004 2095 2189 2143 mone,
2206 2086 2269 2137 et
2278 2084 2529 2151 utraque
2540 2095 2670 2152 pars
2675 2076 3072 2151 jurejurando

2007 2159 2064 2216 in
2103 2168 2546 2217 sacrosanctum
2587 2157 2819 2217 Christi
2858 2172 3071 2230 corpus

2003 2256 2134 2297 sese
2174 2238 2518 2311 obstrinxit,
2570 2236 2699 2297 fore
2739 2243 2806 2296 ut
2844 2254 2920 2295 ea
2956 2254 3072 2294 om·

2003 2321 2104 2379 nia
2142 2320 2656 2393 complecteretur,
2694 2335 2846 2392 quae
2885 2318 2946 2375 in
2976 2317 3071 2376 de·

2004 2407 2170 2459 creto
2210 2405 2442 2459 statuta
2467 2399 2726 2460 fixerant.
2781 2396 3071 2458 Constan-

2000 2480 2305 2554 tinopolim
2348 2486 2545 2539 autem
2583 2495 2879 2549 reversus„
2920 2495 3070 2536 com·
3122 2507 3127 2510 ·

2004 2562 2188 2619 movit
2200 2561 2694 2634 perturbavitque
2711 2559 3067 2618 orientalem

2004 2641 2318 2702 ecclesiam
2371 2641 2637 2701 scribens
2702 2656 2774 2700 ao
2824 2640 3068 2713 loquens

2004 2724 2307 2782 contraria
2323 2723 2531 2795 synodi
2545 2722 2807 2781 statutis,
2846 2719 3067 2780 Curam

2003 2811 2066 2862 et
2103 2805 2163 2862 in
2201 2804 2262 2862 id
2287 2820 2453 2862 suam
2480 2802 2777 2862 convertit
2793 2801 3068 2860 Romana

2002 2884 2312 2954 Ecclesia,
2365 2884 2542 2943 misso
2582 2882 3067 2954 coronensi-epi·

2002 2981 2194 3038 scopo,
2245 2965 2374 3024 viro
2427 2964 2584 3023 omni
2635 2961 2932 3038 sapientia
2983 2962 3066 3020 in·

2003 3052 2246 3112 structo,
2309 3046 2584 3117 theologo
2621 3043 2866 3117 optim0,
2915 3040 3067 3101 Con·

2003 3126 2477 3200 stantinopolim‚
2547 3131 2613 3182 ut
2669 3140 2795 3183 cum
2828 3123 3066 3181 ·Haroo

2000 3206 2303 3281 Ephesino
2352 3206 2717 3279 disputaret,
2767 3221 2841 3261 ne
2880 3204 3061 3263 ullum

2002 3288 2252 3360 amplius
2304 3284 2738 3357 subterfugium
2793 3283 3063 3352 haberet,

2001 3370 2204 3426 dicens
2242 3384 2307 3425 se
2345 3372 2590 3441 propter
2615 3372 2830 3423 metum
2870 3381 3063 3437 quem-

2001 3448 2135 3506 dam
2165 3463 2406 3506 causam
2428 3445 2754 3505 defendere
2790 3444 2948 3503 hand
2967 3460 3062 3517 po-

1999 3528 2185 3586 tuisse
2224 3528 2285 3585 in
2323 3526 2550 3585 Italiae
2601 3525 2900 3595 partibusz
2955 3523 3058 3581 sed

1998 3608 2167 3667 facta
2217 3609 2302 3666 ibi
2347 3625 2484 3678 una,
2539 3613 2604 3665 et
2640 3608 2839 3665 altera
2876 3605 3058 3663 disce-

1999 3690 2266 3765 ptatione
2288 3706 2362 3747 ex
2380 3688 2757 3761 imperatoris
2769 3685 3056 3752 mandato,

2001 3777 2308 3828 certamen
2362 3768 2612 3838 vitavit,
2680 3774 2743 3825 et
2770 3765 3056 3839 ’quamvis

1999 3850 2337 3924 requisitu8‚
2377 3849 2564 3907 noluit
2591 3848 2844 3921 amplius
2870 3847 3057 3918 dispu-

2000 3936 2161 3989 tare:
2213 3947 2414 3988 verum
2453 3928 2756 4002 privatim,
2808 3926 3056 3985 occulte·

2001 4027 2112 4084 que
2139 4010 2549 4068 commovebat
2584 4025 2812 4067 omnem
2852 4008 3054 4066 civita·

2001 4101 2135 4161 tem,
2175 4091 2462 4162 simulque
2488 4088 2731 4159 insulas
2770 4095 2832 4146 et
2857 4089 2933 4147 ab
2959 4087 3057 4145 illo

1999 4189 2180 4244 usque
2221 4171 2298 4228 ad
2335 4186 2622 4243 praesens
2659 4175 2893 4241 tempus
2929 4175 3057 4226 orta

2000 4253 2075 4310 ab
2116 4252 2241 4325 ipso
2277 4250 2574 4325 pernicies
2613 4250 2828 4308 multos
2853 4266 3053 4323 perva-

2000 4331 2105 4402 sit,
2157 4332 2516 4406 praesertim
2557 4347 2699 4388 vero
2739 4329 3054 4389 celeberri-

1999 4429 2150 4474 mam
2207 4412 2363 4471 hanc
2419 4410 2687 4472 insulam.
2727 4482 2737 4490 ·
2781 4412 2901 4474 Ast
2955 4410 3052 4472 ille
