3514 5391
858 551 1141 603 Libraria
1179 552 1303 602 Fel.
1344 552 1586 603 Rauch.
1645 552 2024 603 Innsbruck.
2086 552 2355 603 Austria.

491 800 623 870 mc.
673 800 888 884 ΝῙΙΙθε,
932 799 998 870 S.
1028 800 1094 883 1.,
1143 800 1421 865 Selectae
1452 800 1903 883 disputationes
1936 802 2327 867 academicae
2345 802 2503 884 juris
2530 802 2726 867 eccle-

670 909 918 973 siastici.

560 1068 907 1126 Elenchus
947 1064 1486 1140 disputationum
1525 1086 1598 1128 ex
1637 1070 1789 1127 actis
1828 1068 2187 1128 academicis
2228 1069 2644 1128 collectarum:

1426 1195 1731 1252 Fasciculus
1770 1195 1803 1250 Ι.

1591 1304 1638 1359 1.

665 1409 762 1467 De
825 1409 1088 1482 juridica
1151 1413 1418 1466 votorum
1478 1408 1872 1466 solemnitate.
1938 1439 2005 1446 --
2070 1408 2331 1466 Accedit
2398 1408 2731 1465 declaratio

493 1491 823 1562 apostolica
861 1491 1023 1548 circa
1062 1490 1319 1548 solemne
1361 1494 1558 1547 votum
1598 1489 1991 1562 paupertatis,

664 1721 762 1780 De
802 1721 1086 1780 libertate
1130 1721 1481 1779 clericorum
1509 1720 1861 1791 religionem
1899 1719 2294 1791 ingrediendi.
2324 1752 2385 1759 -
2416 1721 2733 1779 Accedunt

494 1803 871 1872 quaestiones
911 1802 1100 1859 duae:
1164 1801 1214 1859 I.
1264 1801 1360 1860 De
1413 1802 1742 1875 sumptibus
1794 1801 1854 1857 in
1907 1799 2317 1858 educationem
2382 1800 2729 1858 clericorum

488 1880 700 1943 factis,
751 1889 946 1941 utrum
998 1883 1119 1939 sint
1169 1881 1428 1939 dioecesi
1479 1878 1882 1939 restituendi?
1933 1911 1999 1919 —
2053 1879 2131 1937 Π.
2181 1879 2278 1938 De
2325 1881 2590 1939 servitiis
2627 1898 2734 1955 per

490 1962 727 2034 aliquod
766 1963 1047 2036 temporis
1087 1962 1342 2036 spatium
1385 1961 1640 2019 dioecesi
1679 1960 2088 2034 praestandis,
2139 1977 2217 2018 an
2262 1961 2609 2033 religionem
2650 1962 2732 2019 in·

488 2043 750 2113 gressuri
792 2043 868 2099 ad
909 2059 983 2100 ea
1021 2042 1278 2114 obligari
1315 2039 1583 2115 possint?

1586 2169 1638 2223 3.

665 2274 761 2332 De
801 2275 995 2333 studio
1034 2275 1124 2332 rei
1161 2274 1558 2332 kalendariae
1600 2273 1837 2331 clericis
1877 2274 2264 2346 praescripto,
2304 2274 2366 2331 iu
2405 2274 2728 2332 academiis

486 2355 894 2429 promovendo.
938 2386 1001 2394 -
1042 2355 1360 2413 Accedunt
1398 2353 1831 2426 disputationes
1872 2354 2053 2411 duae:
2092 2353 2141 2412 Ι.
2180 2353 2278 2411 De
2316 2354 2469 2410 mira
2506 2354 2732 2412 Kalen·

489 2436 644 2493 darii
683 2434 874 2493 forma
914 2453 1027 2493 non
1078 2436 1166 2494 ita
1217 2435 1446 2509 pridem
1487 2451 1523 2491 a
1561 2434 1775 2491 Russis
1824 2434 2147 2506 proposita.
2198 2465 2266 2473 —-
2316 2435 2394 2491 11.
2433 2434 2531 2491 De
2570 2435 2731 2491 veris

485 2517 816 2575 rationibus
868 2517 1180 2575 christiani
1230 2516 1550 2573 Paschatis
1599 2515 1719 2573 rite
1772 2514 2014 2587 agendi,
2067 2531 2197 2572 cum
2248 2514 2434 2573 variis
2488 2514 2731 2571 tabellis

486 2598 866 2671 paschalibus
906 2598 982 2655 ad
1020 2614 1156 2655 usus
1197 2596 1568 2655 academicos
1609 2596 2080 2654 accommodatis.

1402 2740 1711 2797 Fasciculus
1748 2740 1802 2798 ΙΙ.

1590 2849 1635 2904 l.

664 2956 761 3014 De
799 2956 1155 3014 solemnibus
1193 2956 1347 3013 votis
1388 2954 1862 3012 accidentalibus
1902 2954 2228 3024 religionis.

1583 3080 1635 3136 2.

665 3188 760 3245 De
800 3187 1238 3261 dispensatione
1264 3187 1323 3245 in
1352 3187 1597 3245 solemni
1625 3192 1762 3245 voto
1792 3185 2070 3256 religioso
2098 3184 2416 3242 castitatis,
2445 3214 2511 3223 —-
2538 3179 2730 3240 Acce-

491 3268 636 3326 dunt
670 3269 846 3326 binae
885 3268 1101 3326 literae
1143 3268 1506 3341 apostolicae
1548 3267 1618 3324 de
1656 3266 1965 3340 praesenti
2002 3266 2112 3322 hoc
2151 3271 2497 3334 argumento
2537 3265 2727 3322 novis·

490 3351 633 3406 simc
674 3349 748 3405 ad
790 3357 1120 3420 equestrem
1163 3347 1448 3405 Ordinem
1488 3346 1850 3405 teutonicum
1890 3346 2089 3403 datae.

1587 3475 1637 3529 3.

664 3584 761 3642 De
816 3584 1133 3640 canonibus
1185 3581 1503 3639 ritualibus
1557 3580 1619 3637 in
1666 3578 1987 3636 Breviario
2057 3584 2120 3636 et
2181 3576 2412 3635 Missali
2463 3575 2730 3634 Romano

487 3664 891 3739 praescriptis.
1584 3732 1620 3787 4

664 3842 900 3899 Tolerarl
939 3843 1135 3911 potat.
1208 3839 1303 3897 De
1338 3837 1599 3910 jnridico
1638 3837 1841 3896 vaeflore
1879 3836 2130 3894 Decreti
2170 3834 2550 3892 tolerantiae.

916 2817 940 2842 Ι

1581 3963 1632 4019 5.

663 4074 760 4133 De
800 4074 1184 4132 societatibus
1225 4072 1302 4130 ad
1337 4070 1793 4143 temperantiam
1822 4065 2293 4142 promovendam.
2319 4095 2389 4104 —
2415 4065 2731 4123 Accedunt

490 4156 736 4214 Statuta
775 4162 838 4213 et
888 4153 1296 4225 indulgentiae
1353 4149 1872 4210 confraternitatis
1924 4147 2358 4221 temperantiae
2416 4145 2471 4201 in
2511 4144 2730 4202 Silosia

490 4237 771 4294 canonice
813 4240 1072 4293 erectae.
1579 4306 1616 4360 6

669 4414 770 4481 ,,Ιη
812 4412 1027 4469 scrinio
1066 4410 1322 4484 pectoris
1374 4409 1528 4466 sui“:
1580 4408 1793 4481 disput.
1848 4423 2029 4477 germ.
2080 4435 2147 4443 —
2200 4402 2459 4460 Accedit
2513 4401 2723 4457 notitia

490 4493 849 4551 Concordati
890 4491 967 4548 ad
1005 4497 1254 4548 mentem
1298 4489 1477 4549 Card.
1519 4488 1807 4560 Tarquini
1848 4487 2178 4545 declarata.
