3514 5391
525 746 584 808 8.
630 738 727 809 Αἱ
776 742 1069 827 εὐλαβεῖς
1120 745 1325 833 ψυχαὶ
1376 769 1493 810 τα-

442 838 589 921 χέως
636 842 725 907 θα
771 843 1125 932 φθάσωσιν
1171 838 1265 921 εἶς
1300 844 1491 928 μεγά-

441 939 546 1027 λην
586 941 970 1032 τελειότητα.

521 1060 578 1123 9.
613 1057 713 1123 Θιὶ
736 1057 1057 1148 εἰλογήσω
1082 1058 1352 1144 προσέτι
1380 1058 1496 1136 τάς

437 1149 651 1236 οἰκίας,
722 1154 902 1233 ἐντὸς
960 1164 1089 1224 τῶν
1148 1154 1400 1223 ὁποίων
1459 1157 1496 1246 ἡ

433 1247 745 1339 εἶκώνμου
760 1256 851 1320 θα
864 1255 1005 1322 ἓκτε
1014 1262 1101 1346 θῇ
1112 1256 1217 1323 καὶ
1229 1260 1493 1344 τιμηθῇ.

518 1374 618 1438 10.
694 1370 875 1437 Θέλω
933 1372 1125 1438 δώσει
1188 1365 1284 1452 εἷς
1346 1373 1497 1449 τοὺς

428 1461 612 1552 ἱερεῖς
656 1469 735 1534 τὸ
783 1470 989 1557 δῶρον
1036 1471 1112 1538 νὰ
1152 1476 1495 1554 συγκινιῦσι

431 1565 543 1643 τὰς
586 1568 1023 1656 σκληροτότας
1070 1569 1300 1658 ψυχάς.

506 1688 585 1747 11
598 1739 609 1750 .
641 1684 895 1764 Οἵτινες
910 1686 1136 1773 κηρύξο
1145 1707 1239 1751 voe
1261 1686 1498 1774 ταύτην

433 1778 543 1868 τὴν
594 1781 938 1866 εὐλάβειαν
1002 1783 1099 1850 θά
1165 1780 1357 1865 ἔχωσι
1420 1783 1497 1848 τι)

433 1876 635 1964 ὄνομά
709 1905 838 1947 των
902 1883 1342 1969 γεγραμμένων
1405 1877 1498 1960 εἷς

428 1977 539 2064 τὴν
584 1976 881 2066 Καρδίαν
925 2005 1069 2065 μου,
1118 1980 1225 2047 καὶ
1259 1980 1368 2047 dev
1398 1981 1497 2046 θά

430 2072 795 2167 ἐξαλειφθῇ
838 2078 1023 2145 ποτέ.

1184 548 1397 603 Festum
1433 547 1514 603 Ss,
1552 548 1733 604 Col-dis
1771 550 1913 605 Jesu.

2555 552 2664 605 485

1695 748 1754 811 8.
1816 746 2107 813 Sufletele
2169 747 2298 813 cele
2347 747 2670 827 evlaviose,

1607 866 1680 910 cu
1731 846 1944 910 iutiala
1991 867 2138 911 voru
2172 846 2397 932 ajunge
2444 847 2504 911 la
2535 868 2672 931 per-

1604 944 1895 1009 fectiune.

1695 1062 1757 1124 9.
1825 1060 1974 1125 Inca
2039 1062 2088 1125 si
2155 1060 2356 1126 casole
2418 1059 2476 1126 le
2534 1063 2673 1127 voiu

1607 1159 2051 1237 binecuventa‚
2138 1160 2201 1223 in
2277 1159 2405 1225 cari
2477 1159 2672 1244 tipulu

1605 1258 1832 1322 animei
1866 1256 2027 1322 mele
2058 1276 2124 1321 66
2153 1257 2228 1321 va
2246 1257 2364 1322 afla
2384 1259 2434 1322 si
2461 1259 2672 1322 onora.

1699 1373 1801 1438 10.
1867 1373 2212 1437 Preotiloru
2275 1373 2331 1437 le
2394 1376 2531 1439 voiu
2594 1375 2674 1438 da

1606 1471 1844 1547 daruln,
1896 1472 1968 1535 cai
2015 1472 2065 1536 si
2108 1471 2357 1537 animile
2389 1473 2518 1537 cele
2552 1473 2670 1538 mai

1606 1571 1920 1655 impetrite
1970 1590 2036 1635 se
2085 1570 2142 1635 16
2189 1570 2447 1637 intorca.

1702 1688 1801 1753 11.
1869 1686 2139 1752 Numele
2188 1686 2484 1763 acelor’a‚
2549 1689 2672 1752 cari

1607 1785 1841 1852 cultulu
1905 1782 2093 1849 acest’
2159 1806 2196 1850 a,
2256 1784 2368 1849 i-lu
2417 1784 2672 1850 latiescu

1606 1884 1683 1949 va
1727 1881 1776 1947 fi
1823 1884 2022 1948 scrisu
2088 1882 2150 1948 in
2197 1883 2452 1965 Anim’a
2512 1904 2670 1960 mea,

1606 1983 1659 2046 si
1706 1981 1828 2046 nici
1877 1982 2077 2047 candu
2141 2002 2208 2047 se
2265 2002 2415 2047 voru
2466 1987 2673 2066 sterge

1606 2082 1683 2145 de
1732 2079 1923 2145 ac010.

602 2237 1067 2313 comparatione,
1110 2242 1320 2313 igitur,
1372 2241 1473 2298 ubi
1511 2238 1829 2312 placuerit,
1880 2238 2066 2311 facta,
2119 2257 2272 2298 nunc
2311 2241 2518 2314 accipe
2560 2240 2672 2297 duo

424 2320 753 2392 specimina
788 2323 1199 2395 precationum
1236 2321 1668 2393 liturgicarum,
1709 2321 1964 2379 alterum
2008 2338 2080 2378 ex
2118 2321 2239 2378 ritu
2275 2321 2481 2391 latino,
2521 2321 2670 2378 alte-

424 2416 549 2457 rum
573 2417 647 2458 ex
669 2418 904 2473 graeco,
937 2418 1048 2474 quo
1081 2409 1144 2460 et
1163 2402 1293 2475 ipsa
1311 2400 1559 2475 pietatis
1587 2401 1877 2459 exercitia
1902 2401 2156 2458 invic’effl
2181 2399 2454 2459 conferre
2477 2417 2676 2473 queas,

694 2612 1245 2684 HYMNus1).

429 2741 799 2814 Quicumque
839 2747 1065 2800 certum
1106 2740 1395 2815 quaeritis

499 2820 711 2881 Rebus
750 2823 1024 2882 levamen
1064 2823 1322 2897 asperis:

495 2901 617 2961 Seu
658 2903 837 2975 culpa
874 2903 1110 2961 mordet
1147 2903 1340 2970 anxia,

495 2982 614 3043 Seu
656 3000 850 3057 poena
889 2999 992 3042 vos
1018 2984 1237 3057 premit
1274 3000 1495 3042 comes:

426 3090 596 3162 Jesu,
637 3092 758 3165 qui,
796 3097 864 3149 ut
902 3108 1089 3164 agnus
1128 3092 1422 3158 inuocenS,

497 3171 648 3231 Sese
693 3173 1115 3231 immolandum
1151 3172 1424 3242 tradidit,

499 3253 602 3310 Ad
643 3250 766 3310 Cor
803 3253 1098 3311 reclusum
1136 3252 1399 3322 vulnere,

494 3332 601 3390 Ad
639 3333 787 3391 mite
827 3332 948 3391 Cor
986 3333 1273 3391 accedite.

425 3437 677 3498 Auditis
715 3445 785 3498 ut
820 3440 1188 3499 suavissimis

495 3519 734 3579 Invitet
771 3538 972 3579 omnes
1011 3521 1279 3580 vocibus:

499 3601 724 3660 Venite
765 3618 907 3674 quos
944 3607 1167 3674 gravat
1199 3603 1387 3672 labor,

502 3682 855 3756 Premitque
905 3683 1130 3756 pondus
1169 3683 1495 3741 criminum.

431 3788 594 3862 Quid
633 3787 831 3847 Corde
870 3789 915 3847 J
919 3805 1024 3848 esu
1062 3788 1303 3847 mitius?

499 3869 545 3927 J
549 3887 713 3928 esum
754 3871 917 3928 cruci
955 3871 1054 3943 qui
1094 3868 1416 3928 affixerant

498 3949 792 4022 Excusat,
833 3956 895 4008 et
931 3950 1181 4008 Patrem
1219 3955 1408 4023 rogat,

502 4029 597 4088 Ne
635 4031 857 4104 perdat
894 4031 1055 4089 ultor
1092 4030 1318 4104 impio&

616 4265 655 4332 ²)
697 4264 741 4319 E
778 4265 819 4320 1.
860 4264 1104 4335 vesperis
1142 4262 1324 4317 officii.

1915 2597 2382 2681 YMNOE2).

1606 2740 1742 2794 Ἐάν
1783 2738 2048 2806 ἀλήθειαν
2085 2741 2269 2806 ζητῆτε
2309 2738 2485 2809 ὑμεῖς,

1677 2824 2023 2890 παρηγορίαν
2070 2819 2201 2879 στάς
2238 2820 2460 2886 θλίψεις
2497 2817 2672 2888 ὑμῶν,

1679 2900 1774 2953 εἰτ’
1812 2900 2058 2971 ἁμαρτία
2094 2899 2350 2967 ξησπάζει
2387 2901 2623 2969 σκληρῶς

1678 2985 1726 3034 εἰ
1765 2986 2004 3051 τιμωρία
2040 2979 2249 3051 βαρύνη
2287 2979 2446 3033 πολύ·

1605 3088 1754 3154 Στήν
1792 3090 2052 3157 γλυκείαν
2081 3087 2333 3157 Καρδίαν
2361 3092 2458 3139 τοῦ
2482 3086 2675 3153 Ἰησοῦ,

1674 3173 1763 3221 καὶ
1800 3169 1998 3240 βρύσιν
2037 3168 2231 3236 τῳόντι
2268 3170 2469 3230 ζῶντος
2511 3171 2677 3238 νεροῦ

1677 3251 2010 3315 πλησιάσατε
2048 3249 2106 3302 δὲ
2144 3248 2478 3319 ἁμαρτωλοὶ,

1677 3331 1944 3401 οὐράνιον
1982 3332 2049 3384 νά
2089 3329 2281 3396 λάβητε
2320 3329 2478 3393 ζωήν.

1606 3438 1796 3504 Ὠιδὴν
1832 3441 2036 3509 φωνῶν
2073 3436 2340 3490 α’κούσατε
2379 3434 2556 3504 ὑμεῖς,

1673 3517 1882 3578 πάντας
1899 3517 2272 3582 άσεβεῖςκαλεῖ
2288 3516 2393 3586 μὲν
2417 3513 2667 3580 θνητούς.

1668 3601 1894 3653 ’Elam
1933 3598 2094 3669 ’ὑμεῖς
2131 3601 2184 3650 οἱ
2221 3596 2581 3654 κοπιάσαντες

1675 3684 1764 3732 καὶ
1801 3680 1966 3751 βάρος
2002 3681 2189 3744 πιέζει,
2228 3677 2525 3748 ἁμαρτιῶν.

1608 3786 1954 3859 Πραώτερον,
1996 3786 2255 3856 Καρδίας,
2295 3789 2367 3853 τί,
2403 3785 2618 3850 Ἰησοῦ]

1678 3869 1894 3934 Ἰησοῦς,
1934 3859 2142 3937 οὗσπερ
2169 3867 2405 3935 σκληρῶς
2430 3863 2675 3933 σταυρώ-

2389 3961 2602 4006 σαντας,

1675 4028 1959 4096 άπολογεῖ,
2001 4026 2218 4096 Πατρός
2255 4045 2354 4078 του
2391 4026 2569 4080 δέεται

1677 4108 1755 4179 μή
1787 4112 2042 4180 τιμωρῇς,
2082 4106 2267 4175 Πάτερ
2292 4108 2421 4165 τοῦς
2446 4106 2675 4170 α’σεβεῖς.

610 4343 655 4412 ’)
696 4344 777 4400 Ex
816 4346 1059 4414 opusculo
1097 4343 1349 4399 communi
1387 4359 1622 4397 sermone
1659 4341 1958 4411 Hermopoli
1996 4341 2151 4409 edito,
2192 4338 2273 4393 cui
2299 4337 2510 4391 titulus:
2553 4335 2676 4396 ‘Evf

430 4421 740 4496 νεαήμερον
778 4429 872 4491 τῆς
906 4423 1238 4493 γλυκυτάτης
1286 4426 1375 4475 καὶ
1411 4420 1714 4490 ἁγιωτάτης
1750 4419 1997 4490 Καρδίας
2035 4423 2133 4472 τοῦ
2169 4418 2369 4482 Ἰησοῦ,
2421 4415 2555 4488 quod
2593 4432 2671 4470 re-

433 4507 596 4562 latum
632 4507 816 4561 videas
854 4505 907 4559 in
946 4521 1026 4573 op.
1065 4504 1132 4559 de
1159 4504 1332 4574 sestis
1369 4503 1454 4558 cit.
1497 4507 1534 4555 t.
1575 4502 1624 4568 2,
1663 4517 1711 4580 p.
1750 4501 1873 4560 461.
